2264 2830
202 640 604 695 ISIDORI
674 635 1376 694 HISPALENSIS
1447 632 1935 688 EPISCOPI

530 744 830 779 ORIGINUM
883 744 1010 778 Slvss
1064 741 1588 777 ETYMOLOGlARUM

829 829 867 871 L
912 829 935 871 I
978 829 1017 870 Β
1062 829 1102 870 Ε
1145 827 1189 869 R
1267 826 1305 868 Ι.

629 1057 780 1092 CAP.
835 1058 859 1090 1.

940 1057 1005 1090 De
1034 1056 1287 1101 disciplina
1325 1058 1363 1087 et
1397 1057 1503 1087 arte.

94 1142 126 1175 l.
181 1122 398 1188 Disciplina
426 1155 444 1176 a
472 1143 632 1176 discendo
667 1155 790 1177 nomen
824 1144 970 1188 accepit:
1014 1142 1104 1175 unde
1131 1138 1185 1175 et¹
1227 1140 1373 1174 scientia
1401 1139 1467 1173 dici
1498 1142 1617 1182 potest.
1673 1137 1758 1170 Nam
1791 1136 1881 1168 seire
1914 1135 2040 1167 (lictum

92 1191 162 1227 est²
188 1206 206 1226 a
234 1195 360 1228 discere
374 1191 402 1235 ³,
430 1196 508 1239 quia
534 1192 657 1228 nemo⁴
686 1196 764 1237 scit,
792 1196 851 1228 nisi
877 1196 933 1239 qui
961 1191 1088 1227 discit-².
1141 1193 1248 1227 Aliter
1273 1193 1362 1226 dicta
1390 1188 1607 1234 disciplina⁸‚
1635 1189 1712 1232 quia
1738 1187 1873 1220 discitur
1910 1180 2038 1230 plena¹.

255 1246 289 1279 2.
342 1246 415 1280 Ars
440 1258 520 1281 vero
548 1247 638 1281 dicta
665 1253 732 1290 est,
761 1247 852 1291 quod
877 1248 954 1280 artis
977 1245 1167 1290 praeceptis
1194 1244 1387 1288 regulisque
1414 1238 1598 1276 consistat&

1653 1240 1720 1272 Alii
1744 1239 1857 1272 dicunt
1883 1249 1902 1269 a
1929 1237 2039 1269 Grae-

93 1296 139 1330 cis
166 1296 236 1331 hoc
263 1303 406 1331 tractum
437 1311 506 1332 esse
534 1299 737 1331 vocabulum
765 1295 838 1332 cino*
865 1298 928 1343 τῆς
956 1296 1103 1343 α’ρετῆς,
1131 1295 1166 1327 id
1196 1300 1243 1326 est
1271 1306 1290 1326 a
1316 1295 1452 1333 virtute,
1480 1303 1580 1335 quam
1608 1290 1775 1323 scientiam
1803 1292 2013 1322 vocaverunt.

259 1349 291 1381 3.
345 1350 434 1382 lnter
461 1354 564 1381 artem
593 1354 625 1382 et
649 1349 858 1392 disciplinam
887 1349 983 1380 Plato
1012 1351 1044 1378 et
1067 1345 1258 1378 Aristotcles
1287 1345 1375 1378 hanc
1399 1343 1626 1376 differentiam
1653 1353 1722 1373 esse
1749 1341 1922 1373 voluerunt
1934 1335 1956 1377 ⁹,
1985 1339 2039 1371 di—

94 1403 222 1438 centes,
250 1404 353 1432 artem
379 1412 449 1432 esse
475 1401 508 1432 in
527 1399 579 1431 his
593 1397 633 1439 ¹⁰,
660 1410 747 1442 quae
774 1410 809 1431 se
836 1403 868 1431 et
896 1398 990 1430 aliter
1011 1397 1138 1429 habere
1164 1400 1318 1440 possunt;
1347 1395 1522 1438 disciplina
1544 1404 1625 1425 vero
1654 1388 1743 1432 estu,
1771 1403 1857 1434 quae
1885 1391 1927 1423 de
1948 1390 1999 1422 his
2015 1387 2037 1406 ¹²

93 1449 181 1493 agit,
227 1461 313 1492 quae
346 1451 441 1484 aliter
475 1451 605 1483 evenire
640 1461 706 1482 non
738 1454 883 1493 possunt.

951 1449 1036 1480 Nam
1064 1447 1200 1490 quando
1234 1442 1356 1479 veris¹³
1389 1443 1668 1489 disputationibus
1701 1442 1826 1485 aliquid
1863 1441 2039 1478 disseritur,

92 1500 267 1544 disciplina
302 1502 379 1534 erit:
428 1501 564 1544 quando
598 1511 678 1533 vero
691 1497 716 1517 ¹⁴
753 1500 881 1544 aliquid
914 1498 1088 1532 verisimile
1128 1503 1229 1541 atque
1269 1496 1440 1542 opinabile
1479 1499 1657 1535 tractatur,
1706 1504 1828 1526 nomen
1866 1493 1942 1525 artis
1976 1492 2035 1525 ha-

91 1551 183 1584 bebit
195 1548 225 1585 ¹⁵.

463 1628 492 1662 C
519 1629 550 1662 A
577 1629 616 1663 P.
668 1628 713 1662 11.

787 1627 846 1661 De
878 1630 1046 1673 septem
1079 1624 1356 1659 liberalibus
1389 1623 1666 1669 disciplinis.

262 1703 292 1737 1.
347 1704 550 1750 Disciplinae
583 1704 771 1738 liberalium
804 1704 923 1738 artium
958 1707 1087 1748 septem
1123 1706 1206 1737 sunt.
1260 1702 1373 1735 Prima
1407 1700 1670 1746 grammatica,
1710 1697 1745 1730 id
1771 1702 1819 1730 est
1846 1695 2003 1740 loquendi
2015 1692 2038 1712 ¹⁸

89 1754 216 1799 peritia.
269 1756 426 1789 Secunda
451 1757 649 1801 rhetorica,
683 1768 770 1801 quae
796 1761 937 1801 propter
963 1756 1105 1788 nitorem
1138 1758 1170 1787 et
1197 1754 1331 1798 copiam
1360 1752 1570 1797 eloquentiae
1597 1762 1675 1784 suae
1706 1749 1849 1783 maxime
1875 1748 1908 1781 in
1934 1745 2037 1781 civili-

89 1806 151 1839 bus
183 1807 428 1850 quaestionibus
459 1809 643 1843 necessaria
683 1808 894 1842 existimatur.

90 1856 367 1908 disputationibus
377 1856 400 1876 ¹⁷
426 1872 504 1894 vera
530 1860 671 1895 secernit
684 1856 709 1877 ¹⁸
734 1873 754 1893 a
774 1860 872 1893 falsis.

176 1977 202 2012 1)
219 1981 244 2003 et
267 1986 324 2004 om.
348 1977 404 2006 Gu.
427 1981 451 2010 1.
476 1994 515 2000 -—
544 1977 574 2018 Ξ)
593 1983 635 2006 est
656 1988 713 2006 om.
739 1978 770 2007 Z.
797 1978 852 2008 Gu.
869 1980 897 2009 2.
942 1976 1040 2005 Verba

91 2022 160 2046 sunt
177 2027 192 2046 e
206 2017 403 2056 D.Augustin.
426 2021 550 2059 Soliloq.
568 2022 585 2049 l.
600 2021 636 2050 ll.
648 2031 712 2059 cap.
731 2024 776 2052 11.
794 2037 835 2042 —
855 2018 1039 2058 3)disce1zd0

90 2059 146 2088 Gu.
166 2064 192 2091 l.
218 2077 254 2081 —
286 2064 314 2094 4)
333 2062 429 2101 Vulgo
446 2063 567 2092 additur
587 2069 740 2098 nostrum,
764 2063 845 2102 quod
865 2062 949 2091 omisi
973 2071 1040 2090 cum

91 2102 157 2133 cod.
180 2102 211 2131 Z.
249 2102 374 2133 Videtur
397 2105 472 2134 enim
501 2116 564 2134 esse
588 2106 751 2145 explicatio
777 2106 859 2134 vocis
882 2116 975 2133 nemo.
1001 2121 1036 2126 --

90 2147 120 2180 5)
130 2143 214 2183 quod
226 2144 319 2173 discit
335 2146 372 2174 al.
390 2163 432 2169 —
448 2150 501 2186 qui
517 2147 628 2176 didicit
644 2149 681 2177 al.
693 2159 738 2177 va.
761 2164 802 2170 -—
825 2148 853 2187 6)
869 2149 917 2176 Sic
935 2149 966 2176 Z.
983 2148 1040 2177 Gu.

92 2189 118 2218 1.
134 2190 162 2218 2,
187 2188 237 2217 Ar.
253 2198 297 2227 pr.
314 2199 359 2217 va.
379 2204 415 2210 ——
441 2191 521 2229 vulg.
539 2202 597 2220 om.
615 2190 710 2221 dicta.
732 2207 773 2212 —
796 2189 825 2232 7)
836 2191 925 2229 plene
942 2201 1037 2229 pr.—

89 2231 118 2266 8)
135 2235 254 2258 constat
271 2231 308 2259 al.
343 2231 382 2259 De
406 2232 517 2262 Graeca
535 2243 600 2263 voc.
615 2235 693 2261 artis
711 2233 824 2271 origine
844 2234 912 2262 vide
931 2234 1036 2261 Donat.

90 2272 127 2300 ad
148 2272 266 2303 Terent.
283 2273 375 2302 Andr.
393 2273 415 2310 l,
432 2278 459 2311 1,
473 2276 501 2306 4.
526 2281 555 2304 et
571 2276 707 2305 Servium
724 2276 754 2304 in
769 2280 861 2304 artem
877 2275 1037 2305 secundam

89 2314 193 2344 Donat.
231 2316 398 2345 Cassiodor.
436 2317 467 2345 in
499 2319 623 2356 praefat.
651 2319 690 2347 ad
722 2319 852 2347 Graium.
903 2316 1036 2347 Diomed.

89 2356 125 2385 n·
147 2367 177 2396 p-
194 2357 265 2389 414·
289 2359 321 2388 P.
343 2375 385 2381 -—
407 2359 437 2396 9)
457 2360 614 2389 voluerunt
633 2371 692 2389 esse
710 2362 741 2390 Z.
755 2378 797 2383 —
815 2372 875 2389 esse
896 2361 1037 2389 dixerunt

90 2399 124 2427 al.
147 2416 181 2421 —-
212 2402 255 2434 10)
272 2401 321 2430 Sic
337 2401 369 2430 Ζ.
395 2401 452 2431 Gu.
469 2405 495 2433 1.
512 2405 540 2435 2.
562 2414 608 2442 pr.
626 2414 674 2433 va.
691 2421 731 2426 —
748 2405 789 2432 iis
813 2404 893 2442 vulg.
916 2420 957 2426 —-
992 2406 1035 2437 11)

953 1807 1069 1841 Tertia
1099 1806 1292 1839 dialectica
1325 1809 1552 1850 cognomento
1587 1803 1726 1848 logica,
1764 1811 1851 1844 quae
1881 1797 2036 1845 legitimis

1083 1974 1282 2014 disciplinam
1304 1985 1371 2002 vero
1394 1985 1453 2001 esse
1478 1972 1525 2002 Ar.
1552 1989 1588 1994 --
1622 1970 1667 2011 12)
1689 1970 1739 1999 Sic
1764 1970 1795 1999 Z.
1822 1969 1879 1998 Gu.
1902 1972 1928 2000 1.
1944 1971 1972 1999 2.
1989 1979 2032 2007 pr.

1084 2028 1131 2047 va.
1155 2034 1191 2038 —
1218 2020 1259 2046 iis
1279 2017 1360 2055 vulg.
1389 2033 1421 2038 ——
1459 2018 1503 2052 13)
1531 2016 1673 2055 quamvis
1700 2012 1782 2042 haud
1804 2012 1894 2041 dubie
1917 2021 1932 2040 e
1956 2021 2033 2039 com-

1084 2060 1194 2100 pendio
1230 2060 1395 2098 scripturae
1428 2060 1516 2097 qhvis
1553 2062 1652 2087 ortum
1679 2061 1722 2085 est
1749 2056 1779 2084 in
1801 2056 1834 2085 Z.
1868 2064 1924 2094 pro
1949 2054 2031 2091 vulg.

1084 2102 1209 2142 quando
1233 2105 1319 2131 veri-9.
1365 2101 1500 2130 Sufficiat
1522 2106 1617 2129 autern
1632 2099 1722 2129 semel
1743 2103 1878 2131 notasse,
1903 2107 1988 2135 saepe
2002 2096 2031 2123 in

1085 2146 1149 2176 cod.
1174 2147 1281 2174 Zittav.
1307 2144 1456 2174 scribendi
1475 2143 1649 2182 compendia
1674 2141 1811 2180 religiose
1831 2150 1893 2169 esse
1917 2138 2030 2169 reddita

1085 2199 1121 2217 ex
1141 2199 1175 2217 eo
1195 2189 1277 2222 col,
1300 2188 1378 2216 unde
1397 2187 1495 2216 scriba
1517 2196 1603 2215 suum
1629 2183 1856 2222 conscripserit,
1881 2193 1910 2211 v.
1934 2192 1958 2210 c.
1982 2181 2030 2207 al-

1080 2233 1144 2259 tius
1159 2241 1214 2270 pro
1230 2232 1359 2258 altmius
1381 2231 1456 2269 (cap,
1478 2232 1507 2261 3.
1531 2229 1563 2269 §.
1579 2229 1618 2266 4.)
1642 2232 1673 2257 et
1693 2227 1810 2256 similia.
1844 2242 1884 2247 --
1927 2226 1965 2259 14)
1982 2223 2029 2250 Sic

1080 2275 1137 2303 Gu.
1155 2277 1183 2305 1.
1203 2290 1243 2295 —
1266 2274 1346 2312 vulg.
1368 2284 1426 2302 om.
1451 2284 1527 2300 vero.
1559 2289 1597 2293 —
1628 2269 1676 2310 15)
1695 2269 1784 2298 habet
1804 2269 1833 2296 Z.
1858 2278 1903 2296 va.
1927 2281 1958 2287 —·
1983 2264 2028 2302 16)

1079 2315 1238 2355 eloquendi
1254 2317 1284 2344 Z.
1312 2334 1348 2337 -—
1371 2321 1447 2343 recte
1471 2313 1616 2353 loquendi
1636 2312 1703 2342 cod.
1725 2310 1847 2341 Semleri
1861 2311 1894 2338 Δ.
1924 2325 1959 2329 —-
1988 2310 2028 2338 17)

1079 2359 1128 2388 sic
1152 2359 1208 2387 Gu.
1231 2362 1256 2391 1.
1281 2374 1323 2380 —
1353 2359 1433 2396 vulg.
1461 2356 1724 2397 disputationibus
1745 2351 1963 2382 subtilissimis.
1989 2365 2026 2370 -

1081 2405 1124 2437 15)
1144 2403 1240 2430 cernit
1262 2401 1318 2431 Gu.
1344 2404 1369 2432 1.
