2198 2814
207 97 253 118 xu
634 77 1101 114 PRAEFATIO
1161 79 1248 114 AD
1309 77 1703 115 TOMUMIII.

210 195 252 228 ad
278 190 509 236 Etymologias
535 190 651 224 Isidori
674 201 738 224 non
762 189 956 235 pertineant.
1008 189 1122 222 Varias
1145 189 1300 222 lectiones
1323 190 1408 234 cycli
1435 187 1600 234 paschalis
1621 187 1653 220 in
1675 186 1727 220 his
1755 187 1911 221 analectis
1937 190 2135 225 coniunctim

212 261 359 296 exhibuit
384 260 503 293 Editor
523 260 618 302 ideo,
646 260 801 304 quoniam
827 262 1001 302 tantopere
1027 258 1110 290 inter
1136 269 1171 290 se
1198 257 1307 290 Codd.
1336 262 1435 301 atque
1464 255 1553 289 Edd.
1583 255 1789 300 discrepant,
1817 261 1851 289 ut
1877 257 1955 300 quid
1984 269 2046 302 pro
2070 270 2137 302 quo

213 330 356 376 positum
384 329 442 370 sit,
476 329 527 361 vix
553 329 680 361 dixeris.
712 347 761 353 -
816 326 971 361 Ceterum
1007 324 1126 358 excidit
1159 326 1331 369 aliquoties
1364 327 1398 359 in
1425 325 1509 357 notis
1541 325 1716 369 vulgatae
1742 325 1896 358 lectionis
1930 336 2137 360 commemo-

215 399 313 440 ratio,
340 397 430 441 quod
462 398 517 430 ubi
545 397 667 431 factum
695 400 759 438 est,
786 395 930 429 studiose
953 405 1005 426 eas
1032 393 1171 438 collegit
1197 394 1318 427 Editor
1345 399 1376 427 et
1402 394 1485 426 inter
1511 403 1648 426 εννονεθ
1675 392 1726 426 ad
1750 396 1851 426 notas
1877 392 1920 426 ad
1947 394 2073 429 calcem
2097 395 2138 427 li-

215 468 266 501 bri
292 467 436 499 adiectos
462 465 635 507 recensuit,
662 465 718 498 ubi
744 465 842 499 facile
868 462 1003 507 reperiri
1030 466 1173 506 possunt.

319 586 388 617 lam
411 595 475 627 qua
508 583 696 629 diligentia,
723 596 789 628 qua
822 583 1001 627 religione,
1038 592 1105 623 quo
1136 591 1286 614 successu
1313 580 1435 613 Editor
1460 581 1753 624 praestantissimus
1785 580 1817 613 in
1850 581 1988 626 negotio
2015 592 2073 614 suo
2102 583 2140 615 sit

221 657 380 693 versatus,
416 652 560 686 iudicent
587 652 659 691 alii3
693 652 775 685 mihi
803 663 904 696 opera
934 651 1001 682 eius
1028 649 1101 681 satis
1127 649 1302 682 videbatur
1328 660 1396 682 esse
1423 649 1613 692 laudabilis,
1655 655 1689 682 ut
1716 649 1870 690 credam,
1913 650 1982 684 hoe
2009 650 2140 683 tertium

220 721 375 753 volumen
401 732 467 753 non
494 721 664 766 indignum
693 733 779 763 esse,
806 719 895 764 quod
922 717 1143 761 superioribus
1179 718 1317 751 accedat
1344 723 1376 752 et
1401 731 1420 752 a
1447 719 1521 752 viris
1547 718 1653 753 doctis
1679 719 1830 764 plausum
1857 719 1941 752 serat
1965 723 2064 762 atque
2090 718 2142 752 iu-

220 798 301 825 stam
330 792 615 836 approbationem.
668 791 790 835 Scripsi
817 791 848 823 in
876 789 1056 834 Gyinnasio
1084 789 1292 829 Zittaviensi‚
1323 790 1425 823 Nonis
1452 790 1590 826 Octobr.
1615 790 1877 824 clolocccxxxn.
