2255 2819
211 118 284 153 406

908 109 1083 143 lSIDORl
1110 109 1291 144 HISPAL.
1318 111 1460 146 EPISC.

377 206 436 240 37.
487 204 643 237 Luscinia
670 198 756 234 avis¹
784 201 861 234 inde
889 213 1011 235 nomen
1045 203 1201 247 sumpsit,
1233 205 1311 247 quia
1362 209 1459 239 cantu
1493 216 1553 238 suo
1581 205 1768 250 significare
1797 207 1880 238 solet
1908 208 2069 252 surgentis
2098 220 2155 241 ex-

212 267 320 295 ortum
347 258 414 292 diei
425 255 448 296 ³,
478 255 570 299 quasi
598 253 717 286 lucinia
728 249 751 288 ⁴,

804 253 937 287 Eadem
965 259 998 287 et
1027 255 1204 296 acredula,
1233 256 1276 288 de
1303 267 1368 299 qua
1395 256 1516 290 Cicero
1543 257 1575 289 in
1602 255 1869 302 Prognosticis⁵z

437 324 486 356 Et
512 322 701 354 matutinos
729 327 867 356 exercet
894 324 1069 356 acredula
1094 328 1224 357 cantus.

374 392 433 425 38.
487 389 590 424 Ulula
617 390 683 422 avis
710 387 784 425 α’πό
810 391 878 426 τοῦ
906 389 1110 434 ὀλολύζειν,
1150 392 1184 424 id
1213 399 1260 426 est
1295 405 1314 425 a
1339 393 1475 437 planctu
1512 397 1545 425 et
1575 393 1664 426 luctu
1699 393 1876 429 nominata,

213 450 353 486 clamat,
381 449 436 476 aut
462 442 576 475 fletum
603 442 766 482 imitatur,
795 448 851 475 aut
877 444 1038 487 gemitum
1054 440 1074 475 ⁶.

212 497 386 533 ostendere
414 495 518 527 fertur
544 493 809 538 prosperitatem.

1947 393 2034 426 Cum
2070 395 2156 427 enim

1130 443 1231 477 Unde
1246 441 1257 460 ²
1285 443 1375 489 apud
1405 455 1546 488 augures
1567 444 1591 476 si
1613 445 1811 478 lamentatur
1832 444 2015 487 tristitiam,
2042 451 2155 479 tacens

373 545 431 579 39.
486 545 586 578 Bubo
614 556 633 577 a
661 556 742 578 sono
769 545 860 578 vocis
895 545 1118 590 compositum
1146 557 1266 579 nomen
1294 545 1415 586 habet,
1454 545 1521 578 avis
1554 546 1681 587 feralis,
1716 553 1832 579 onusta
1859 547 1996 590 quidem
2023 548 2155 592 plumis,

210 600 269 634 sed
295 594 413 644 gravi⁸
439 608 573 641 semper
599 596 733 630 detenta
761 595 913 641 pigritia:
941 597 973 629 iu
991 597 1152 641 sepulcris
1181 595 1265 631 ‹liu9
1287 601 1456 641 noctuque
1483 601 1649 638 versatur,
1678 604 1710 630 et
1736 610 1868 643 semper
1894 604 2120 632 commoratur
2133 595 2156 616 ¹⁰

209 653 241 684 in
269 650 424 685 cavernis.
478 644 531 681 De
558 658 624 691 qua
649 647 790 681 Ovidius
806 646 847 680 ¹¹:

436 716 628 761 Foedaque
653 717 697 749 sit
724 716 875 749 volucris
905 717 1040 749 venturi
1066 717 1187 749 nuntia
1215 717 1335 755 luctus.

439 766 602 813 Ignavzts
629 766 718 801 babo
746 766 863 800 dirum
892 767 1098 801 mortalibus
1125 779 1233 800 omen.

211 840 362 881 Denique
390 836 481 879 apud
514 847 656 880 augures
692 837 817 869 malum
851 836 1055 880 portendere
1083 836 1197 871 fertur.

212 891 398 936 significare
410 883 433 903 ¹³
460 887 578 920 dicitur
593 884 624 921 Η.

1272 837 1357 868 Nam
1386 846 1461 869 cum
1489 835 1520 867 in
1548 836 1630 869 urbe
1658 837 1725 868 visa
1752 835 1867 877 fuerit,
1907 837 2117 869 solitudinem
2133 832 2157 852 ¹²

375 938 434 970 ⁴0.
489 939 621 972 Noctua
656 938 777 971 dicitur
809 950 850 971 eo
865 936 907 979 ¹³,
947 938 1037 981 quod
1067 943 1164 971 nocte
1192 938 1419 978 circumvolat,
1450 944 1482 971 et
1515 950 1576 982 per
1605 937 1692 969 diem
1708 934 1730 954 ’ὓ
1767 949 1832 970 non
1865 939 1968 982 possit
1995 938 2109 970 ridere
2123 934 2156 971 ¹⁷.

212 993 298 1026 Nam
326 996 441 1023 exorto
469 989 649 1033 splendore
676 990 772 1030 solis,
815 991 899 1022 risus
925 990 1012 1022 illius
1046 989 1231 1022 hebetatur.

917 1041 1048 1074 Noctua
1075 1045 1184 1073 autem
1212 1052 1278 1073 non
1307 1045 1355 1072 est
1381 1041 1492 1082 bubo,
1524 1052 1599 1073 nam
1629 1041 1719 1072 bubo
1747 1041 1852 1073 maior
1880 1046 1936 1073 est.

212 1044 235 1075 si
266 1043 376 1074 veniat
403 1041 554 1083 aliunde,
583 1041 690 1073 statim
719 1041 864 1073 moritur.

373 1090 432 1124 41.
487 1088 722 1135 Nycticoraxffi
749 1092 819 1137 ipsa
848 1096 895 1125 est
922 1098 1044 1125 noctua
1057 1088 1097 1133 ¹⁹,
1124 1093 1201 1134 quia
1229 1096 1361 1125 noctem
1390 1098 1487 1124 amat.

213 1146 278 1178 lem
311 1143 422 1175 videre
450 1154 515 1175 non
544 1143 675 1186 patitur.

375 1194 434 1226 42.
486 1194 574 1226 Strix
600 1199 761 1227 nocturna
789 1194 871 1228 avis.
900 1193 1028 1226 habens
1056 1204 1178 1224 nomen
1206 1193 1249 1224 de
1276 1204 1356 1225 sono
1378 1195 1478 1226 vocis.

210 1258 277 1291 qua
303 1245 457 1279 Lucanus
467 1241 510 1277 ²⁰:

1287 990 1385 1022 Hanc
1417 994 1527 1022 autem
1562 989 1664 1021 insula
1694 989 1858 1021 Cretensis
1886 1001 1950 1021 non
1980 989 2096 1022 habet:
2126 994 2157 1021 et

1542 1093 1603 1125 Est
1630 1092 1715 1124 enim
1744 1092 1810 1123 avis
1838 1092 2008 1136 lucifuga,
2044 1097 2075 1124 et
2103 1102 2157 1125 so-

1533 1194 1679 1234 Quando
1704 1194 1790 1226 enim
1816 1194 1938 1226 clamat
1957 1193 2087 1224 stridet:
2114 1193 2157 1224 de

446 1303 552 1350 Quod
579 1303 739 1348 trepidus
769 1302 877 1343 bubo,
915 1302 1008 1347 quod
1035 1303 1124 1335 stria·
1151 1306 1322 1335 nocturna
1346 1308 1544 1348 queruntur.

213 1374 308 1406 Haec
336 1374 403 1405 avis
432 1372 536 1416 vulgo
566 1372 688 1405 (licitur
711 1372 832 1404 Amma
846 1368 868 1388 ²¹

380 1424 437 1456 ⁴3.

493 1424 636 1461 Corvus,
664 1424 731 1455 sive
759 1434 858 1455 corax
886 1434 1007 1455 nomen
1035 1435 1053 1454 a
1078 1434 1158 1454 sono
1185 1424 1325 1466 gutturis
1336 1418 1360 1439 ²³
1388 1423 1510 1463 habet,
1543 1423 1635 1466 quod
1663 1434 1746 1455 voce
1774 1421 1949 1456 coracinet.

879 1396 888 1409 ,
917 1372 958 1403 ab
987 1371 1131 1403 amando
1154 1372 1327 1415 parvulos,
1357 1371 1444 1404 unde
1473 1371 1572 1405 etlac
1587 1371 1751 1415 praebere
1774 1368 1912 1403 sertui-²²¹
1939 1371 2156 1405 nascentibus,

2003 1420 2123 1454 Fertur
2134 1419 2158 1438 Ἡ

215 1476 301 1507 haec
328 1474 411 1515 avis,
451 1475 541 1517 quod
571 1475 665 1507 editis
693 1474 793 1518 pullis
821 1485 930 1507 escam
959 1485 1024 1506 non
1053 1475 1151 1517 plene
1176 1474 1355 1518 praebeat,
1395 1476 1587 1518 priusquam
1615 1475 1647 1506 in
1675 1474 1719 1506 eis
1746 1484 1808 1518 per
1834 1484 2017 1517 pennarum
2045 1474 2156 1517 nigre-

215 1526 325 1558 dinem
339 1521 364 1541 ²³
392 1525 635 1558 similitudinem
663 1526 789 1568 proprii
817 1525 939 1557 coloris
967 1531 1135 1569 agnoscat.

215 1582 284 1610 toto
307 1577 436 1621 agnitos
464 1577 682 1609 abundantius
710 1577 824 1620 pascit,

1196 1526 1378 1568 Postquam
1413 1537 1492 1558 vero
1526 1536 1582 1557 eos
1617 1531 1718 1558 tetros
1752 1526 1872 1569 plumis
1899 1525 2083 1568 aspexerit,
2126 1525 2158 1556 in

879 1577 944 1609 Hie
958 1574 982 1592 ²²⁵
1011 1578 1103 1620 prior
1130 1577 1161 1608 in
1190 1577 1405 1609 cadaveribus
1434 1577 1567 1610 oculum
1597 1573 1723 1620 petit²³.

379 1626 439 1661 4⁴.
492 1627 614 1661 Cornix
641 1639 763 1659 annosa
790 1628 855 1659 avis
883 1627 974 1672 apud
1003 1628 1139 1660 Latinos
1168 1628 1301 1661 Graeco
1336 1628 1469 1660 nomine
1497 1628 1687 1671 appellatur
1700 1624 1740 1667 ²⁸,
1774 1637 1874 1669 quam
1902 1627 1991 1658 aiunt
2015 1637 2157 1670 augures

214 1674 388 1711 hominum
417 1688 510 1711 curas
536 1679 832 1724 significationibus
853 1691 976 1723 angere
990 1676 1025 1719 ²⁵¹,
1053 1679 1241 1712 insidiarum
1260 1680 1327 1712 vias

216 1730 308 1763 nefas
334 1730 419 1764 llaec
436 1731 589 1769 credere,
617 1736 652 1763 ut
676 1731 767 1763 Deus
795 1732 930 1763 consilia
957 1742 1014 1762 sua
1042 1731 1228 1764 cornicibus
1252 1731 1396 1764 mandet.

1337 1676 1362 1696 ³⁰
1388 1684 1581 1718 monstrare,
1609 1680 1718 1711 futura
1742 1678 1948 1722 praedicere.
1992 1677 2156 1721 Magnum

1448 1731 1538 1764 Huic
1549 1727 1570 1747 ³¹
1599 1731 1683 1763 inter
1711 1730 1812 1762 multa
1839 1729 1985 1773 auspicia
2011 1729 2158 1762 tribuunt

218 1782 314 1814 etiam
342 1782 471 1825 pluvias
498 1782 699 1826 portendere
729 1782 883 1823 vocibus,
912 1782 1000 1815 unde
1028 1789 1074 1814 est
1102 1783 1186 1815 illud
1198 1779 1240 1815 ³²:

304 1888 331 1927 1)
356 1892 422 1917 ‹tri-5
445 1901 501 1919 om.
526 1892 561 1918 al.
584 1907 625 1911 —
658 1891 687 1930 2)
712 1893 786 1929 qaia
810 1901 865 1930 pro
889 1890 972 1929 quod
994 1892 1049 1919 Gu.
1076 1893 1101 1921 1.
1125 1908 1165 1912 —

217 1934 245 1967 3)
269 1931 316 1958 Sic
331 1931 387 1958 Gu.
412 1936 438 1962 1.
461 1949 501 1952 —
524 1932 584 1959 dici
605 1944 687 1971 δαὶ-ἑξ.
712 1939 801 1962 εΛὉνί.
824 1934 903 1971 vulg.
925 1949 966 1955 —
992 1934 1020 1972 4)
1045 1934 1165 1961 Incensa

216 1974 276 2003 Gu.
297 1977 324 2003 1.
348 1984 387 1994 -’-
411 1973 439 2013 5)
463 1974 595 2003 Eundem
618 1985 737 2004 versum
767 1976 857 2004 citare
881 1976 1000 2004 videtur
1034 1977 1126 2004 Cicer.
1142 1977 1164 2004 Ι.

216 2015 256 2044 de
280 2015 375 2044 Divin.
398 2018 426 2052 8,
450 2017 496 2047 14.
523 2017 574 2044 ubi
597 2023 655 2045 est:
690 2020 730 2045 Εἰ
753 2021 915 2046 matutinis
946 2018 1092 2046 acredula
1115 2029 1164 2045 ro-

214 2056 305 2085 =cibus
327 2060 430 2085 instat.
476 2059 534 2088 Csr.
548 2060 630 2088 Arat.
657 2061 732 2088 Dios.
757 2062 844 2092 214.:
866 2059 887 2099 «ἢ
909 2060 1006 2099 τρύζει
1023 2058 1165 2100 ὀρθρινὼν

215 2100 364 2139 ’ἐρημαίνη
389 2098 549 2139 ὄλολυγώιν.
600 2102 690 2137 (vid.
719 2103 804 2131 Gicse
835 2104 871 2131 ad
907 2104 967 2133 Cic.
1002 2103 1038 2131 de
1068 2104 1164 2132 Divin.

217 2143 239 2170 l.
259 2142 307 2181 c..)
342 2159 380 2164 -
419 2146 448 2180 6)
463 2144 575 2181 fletum
597 2150 651 2171 aut
679 2155 754 2182 gem.
779 2147 855 2173 zimit.
880 2146 936 2174 Gu.
952 2148 980 2176 2.
1009 2161 1050 2166 ——
1087 2147 1116 2182 7)
1139 2152 1165 2173 et

221 2184 289 2213 add.
311 2186 409 2222 vulg..
447 2186 499 2214 sed
529 2195 587 2213 om.
612 2186 668 2213 Gu.
689 2192 714 2217 1.
736 2190 763 2217 2.
790 2198 836 2225 pr.
861 2198 905 2215 va.
937 2187 982 2216 ed.
1014 2186 1102 2215 Goth.
1124 2204 1163 2211 —

222 2229 252 2262 8)
273 2229 381 2264 gravis
404 2228 459 2255 Gu.
474 2231 500 2259 1.
518 2230 545 2258 2.
564 2227 601 2255 al.
616 2243 657 2248 —
679 2226 707 2268 9)
732 2229 779 2256 dte
803 2232 858 2257 Gu.
873 2233 902 2260 2.
926 2240 970 2257 va.
985 2230 1032 2258 Ar.
1054 2245 1095 2252 —
1120 2230 1165 2267 10)

217 2278 409 2297 commorans
433 2270 488 2298 Gu.
509 2273 539 2301 2.
563 2270 614 2298 Ar.
639 2270 677 2297 al.
711 2286 747 2291 —
779 2278 985 2299 commoratur
1007 2278 1034 2299 et
1056 2283 1168 2310 semper

223 2322 354 2340 versans.
385 2328 424 2334 -—
455 2314 497 2349 11)
521 2312 637 2340 Metam.
659 2312 700 2348 V,
730 2313 799 2343 549.
827 2330 867 2335 —
906 2313 951 2353 12)
972 2315 1167 2342 solitudinem

222 2354 277 2380 Gu.
297 2357 323 2385 1.
352 2370 392 2375 —
432 2353 475 2391 13)
505 2355 676 2392 significari
705 2357 752 2383 Ar.
783 2371 823 2376 —
855 2358 900 2391 14)
926 2356 975 2383 Sic
1000 2358 1054 2386 Gu.
1084 2360 1107 2386 1.
1126 2374 1166 2379 —

1209 1890 1314 1920 dicunt
1336 1890 1418 1928 vulg.
1444 1907 1477 1911 -—
1509 1888 1554 1931 15)
1578 1890 1662 1927 Vulg.
1681 1901 1738 1928 pro
1761 1901 1808 1925 eo,
1830 1889 1882 1917 sed
1901 1900 1959 1927 pro
1983 1899 2038 1917 om.
2062 1890 2156 1920 Gu.1.

1208 1950 1250 1956 —-
1274 1935 1319 1970 16)
1342 1933 1390 1960 die
1412 1935 1468 1961 Gu.
1487 1935 1517 1964 2.
1542 1948 1583 1953 —
1607 1932 1652 1970 17)
1674 1932 1772 1960 rideri
1794 1932 1830 1960 al.
1846 1948 1888 1953 -
1910 1935 1955 1967 18)
1974 1932 2155 1959 Nocticorax

1208 1978 1266 2006 Gu.
1290 1979 1315 2007 1.
1338 1978 1366 2006 2.
1402 1991 1444 1996 -
1483 1974 1527 2013 19)
1559 1980 1585 2002 et
1608 1981 1719 2002 noctua
1741 1985 1787 2003 va.
1818 1987 1856 1996 -—
1896 1973 1942 2012 20)
1973 1974 2082 2002 Lucan.
2106 1973 2154 2005 Vl,

1209 2021 1279 2051 689.
1311 2034 1352 2040 —-
1381 2021 1426 2051 21)
1451 2017 1499 2045 Sic
1523 2018 1577 2045 Gu.
1603 2021 1627 2048 1.
1654 2033 1690 2038 —-
1719 2018 1831 2045 Ammo
1851 2016 1909 2045 dic.
1934 2016 2013 2052 vulg.
2039 2032 2073 2037 -
2109 2017 2154 2052 22)

1209 2062 1258 2090 Sic
1282 2061 1336 2088 Gu.
1364 2063 1389 2091 1.
1411 2062 1439 2090 2.
1473 2060 1521 2089 Ar.
1559 2075 1595 2080 —-
1628 2059 1743 2088 (ιίἶωὲίιιν
1771 2059 1849 2097 vulg.
1884 2076 1922 2081 ——
1962 2058 2007 2095 ⁶23)
2036 2069 2055 2085 a
2082 2068 2153 2085 sono

1206 2109 1288 2142 gult.
1308 2112 1415 2130 nomm
1438 2102 1525 2129 lmhct
1550 2102 1608 2131 Gu.
1629 2106 1656 2134 2.
1680 2119 1721 2123 —
1743 2102 1788 2141 94)
1810 2102 1958 2139 ecfertur
1981 2101 2036 2128 Gu.
2055 2102 2083 2130 2.
2108 2109 2154 2128 va.

1210 2165 1248 2169 -—
1273 2156 1331 2173 non
1350 2145 1436 2182 ple-ne
1462 2155 1516 2183 pro
1541 2146 1628 2182 plene
1651 2155 1709 2172 nun
1731 2144 1837 2183 scripsi
1860 2154 1875 2172 e
1904 2143 1961 2172 Gu.
1981 2145 2007 2172 1.
2038 2157 2079 2163 -
2107 2139 2155 2180 25)

1207 2187 1379 2226 nigredines
1406 2188 1452 2214 vel
1471 2186 1674 2223 mgrritzcdines
1696 2188 1751 2216 Gu.
1768 2190 1795 2218 2.
1819 2203 1856 2207 --
1879 2189 1922 2221 26)
1945 2186 2033 2213 Haec
2054 2184 2109 2211 Gu.
2123 2185 2152 2213 2.

1211 2247 1246 2252 —-
1279 2229 1324 2267 27)
1349 2230 1503 2257 oculorum
1521 2232 1598 2268 petit
1625 2230 1692 2257 loca
1723 2230 1778 2257 Gu.
1799 2232 1826 2260 2.
1849 2239 1896 2257 va.
1919 2243 1960 2250 —
1980 2226 2026 2264 28)
2049 2225 2153 2263 appel-

1209 2274 1294 2300 latus
1318 2273 1374 2300 Gu.
1399 2275 1427 2303 2,
1455 2288 1496 2293 ——-
1525 2275 1572 2307 29)
1596 2283 1682 2310 age-re
1710 2272 1768 2300 Gu.
1795 2274 1821 2303 2.
1843 2271 1877 2299 al.
1901 2280 1945 2308 pr.
1971 2278 2017 2298 va.
2040 2284 2080 2290 -
2102 2268 2153 2302 30)

1208 2317 1285 2342 νέω-ς
1305 2314 1345 2343 al.
1377 2325 1424 2352 ap.
1451 2314 1541 2342 Goth.
1570 2331 1604 2335 ——
1629 2313 1679 2354 31)
1702 2316 1808 2342 Huius
1831 2314 1886 2341 Gu.
1903 2315 1927 2342 1-
1944 2313 1970 2341 2-
1987 2310 2022 2338 al.
2038 2320 2082 2348 pr.
2107 2320 2151 2338 va.

1209 2373 1250 2378 —
1277 2356 1322 2394 32)
1352 2357 1449 2393 virgil.
1475 2357 1580 2394 Georg.
1606 2357 1632 2391 l⁷
1657 2359 1726 2387 388.
1764 2373 1797 2377 —
1830 2354 1874 2392 33)
1895 2354 2016 2390 plenum
2040 2353 2096 2380 Gu.
2126 2355 2150 2382 l.
