<?xml version="1.0" encoding="UTF-8"?>
<!DOCTYPE html PUBLIC "-//W3C//DTD XHTML 1.0 Transitional//EN"
    "http://www.w3.org/TR/xhtml1/DTD/xhtml1-transitional.dtd">
<html xmlns="http://www.w3.org/1999/xhtml" xml:lang="en" lang="en">
 <head>
  <title>
</title>
<meta http-equiv="Content-Type" content="text/html;charset=utf-8" />
  <meta name='ocr-system' content='tesseract 3.04.00' />
  <meta name='ocr-capabilities' content='ocr_page ocr_carea ocr_par ocr_line ocrx_word'/>
</head>
<body>
  <div class='ocr_page' id='page_1' title='image "./corpusgrammatico03linduoft_0627.png"; bbox 0 0 2264 2830; ppageno 0'>
   <div class='ocr_carea' id='block_1_1' title="bbox 788 117 1318 154">
    <p class='ocr_par' dir='ltr' id='par_1_1' title="bbox 788 117 1318 154">
     <span class='ocr_line' id='line_1_1' title="bbox 788 117 1318 154; baseline 0.002 -3"><span class='ocrx_word' id='word_1_1' title='bbox 788 117 1033 152; x_wconf 73' lang='lat' dir='ltr'>ORIGINUM</span> <span class='ocrx_word' id='word_1_2' title='bbox 1059 119 1203 153; x_wconf 80' lang='lat' dir='ltr'>LIBER</span> <span class='ocrx_word' id='word_1_3' title='bbox 1229 120 1318 154; x_wconf 78' lang='lat' dir='ltr'>xlx.</span> 
     </span>
    </p>
   </div>
   <div class='ocr_carea' id='block_1_2' title="bbox 80 213 700 299">
    <p class='ocr_par' dir='ltr' id='par_1_2' title="bbox 80 213 700 299">
     <span class='ocr_line' id='line_1_2' title="bbox 80 213 700 257; baseline 0 -10"><span class='ocrx_word' id='word_1_4' title='bbox 80 214 165 247; x_wconf 89' lang='lat' dir='ltr'>Nam</span> <span class='ocrx_word' id='word_1_5' title='bbox 201 213 318 246; x_wconf 79' lang='lat' dir='ltr'>Latine</span> <span class='ocrx_word' id='word_1_6' title='bbox 354 214 531 257; x_wconf 84' lang='lat' dir='ltr'>quasillum</span> <span class='ocrx_word' id='word_1_7' title='bbox 571 213 700 248; x_wconf 87' lang='lat' dir='ltr'>dicitur.</span> 
     </span>
     <span class='ocr_line' id='line_1_3' title="bbox 81 261 253 299; baseline -0.006 -1"><span class='ocrx_word' id='word_1_8' title='bbox 81 276 207 299; x_wconf 80' lang='lat' dir='ltr'>aurum</span> <span class='ocrx_word' id='word_1_9' title='bbox 220 261 253 297; x_wconf 83' lang='lat'>³⁷.</span> 
     </span>
    </p>
   </div>
   <div class='ocr_carea' id='block_1_3' title="bbox 81 315 2028 463">
    <p class='ocr_par' dir='ltr' id='par_1_3' title="bbox 81 315 2028 463">
     <span class='ocr_line' id='line_1_4' title="bbox 245 315 1095 359; baseline 0 -11"><span class='ocrx_word' id='word_1_10' title='bbox 245 316 278 349; x_wconf 82' lang='grc' dir='ltr'><strong>-Ι·.</strong></span> <span class='ocrx_word' id='word_1_11' title='bbox 333 317 474 349; x_wconf 80' lang='lat' dir='ltr'>Pensum</span> <span class='ocrx_word' id='word_1_12' title='bbox 502 315 676 348; x_wconf 78' lang='lat' dir='ltr'>mulierum</span> <span class='ocrx_word' id='word_1_13' title='bbox 706 328 724 348; x_wconf 88' lang='lat' dir='ltr'>a</span> <span class='ocrx_word' id='word_1_14' title='bbox 752 316 933 359; x_wconf 79' lang='lat' dir='ltr'>pendendo</span> <span class='ocrx_word' id='word_1_15' title='bbox 961 316 1095 350; x_wconf 89' lang='lat' dir='ltr'>dictum.</span> 
     </span>
     <span class='ocr_line' id='line_1_5' title="bbox 846 368 2028 412; baseline 0.003 -13"><span class='ocrx_word' id='word_1_16' title='bbox 846 380 885 400; x_wconf 79' lang='lat' dir='ltr'>ex</span> <span class='ocrx_word' id='word_1_17' title='bbox 922 369 997 412; x_wconf 83' lang='lat' dir='ltr'>pilis</span> <span class='ocrx_word' id='word_1_18' title='bbox 1033 369 1225 401; x_wconf 85' lang='lat' dir='ltr'>animalium</span> <span class='ocrx_word' id='word_1_19' title='bbox 1253 374 1344 407; x_wconf 73' lang='lat' dir='ltr'>sunt,</span> <span class='ocrx_word' id='word_1_20' title='bbox 1386 369 1437 401; x_wconf 81' lang='lat' dir='ltr'>vel</span> <span class='ocrx_word' id='word_1_21' title='bbox 1474 369 1551 411; x_wconf 87' lang='lat' dir='ltr'>quia</span> <span class='ocrx_word' id='word_1_22' title='bbox 1580 368 1759 402; x_wconf 82' lang='lat' dir='ltr'>lanificium</span> <span class='ocrx_word' id='word_1_23' title='bbox 1790 370 1851 402; x_wconf 81' lang='lat' dir='ltr'>tilis</span> <span class='ocrx_word' id='word_1_24' title='bbox 1878 371 2028 403; x_wconf 70' lang='lat' dir='ltr'>tenuibus</span> 
     </span>
     <span class='ocr_line' id='line_1_6' title="bbox 81 419 1056 463; baseline -0.001 -10"><span class='ocrx_word' id='word_1_25' title='bbox 81 424 208 453; x_wconf 81' lang='lat' dir='ltr'>constat</span> <span class='ocrx_word' id='word_1_26' title='bbox 235 420 266 452; x_wconf 92' lang='lat' dir='ltr'>in</span> <span class='ocrx_word' id='word_1_27' title='bbox 294 420 432 453; x_wconf 88' lang='lat' dir='ltr'>modum</span> <span class='ocrx_word' id='word_1_28' title='bbox 461 419 624 463; x_wconf 88' lang='lat' dir='ltr'>pilorum,</span> <span class='ocrx_word' id='word_1_29' title='bbox 652 419 685 451; x_wconf 93' lang='lat' dir='ltr'>id</span> <span class='ocrx_word' id='word_1_30' title='bbox 714 424 761 452; x_wconf 55' lang='lat' dir='ltr'>est</span> <span class='ocrx_word' id='word_1_31' title='bbox 788 421 880 462; x_wconf 76' lang='lat' dir='ltr'>quasi</span> <span class='ocrx_word' id='word_1_32' title='bbox 912 421 1056 453; x_wconf 83' lang='lat' dir='ltr'>filorum.</span> 
     </span>
    </p>
   </div>
   <div class='ocr_carea' id='block_1_4' title="bbox 245 365 816 384">
    <p class='ocr_par' dir='ltr' id='par_1_4' title="bbox 245 365 816 384">
     <span class='ocr_line' id='line_1_7' title="bbox 245 365 816 384; baseline -0.002 0"><span class='ocrx_word' id='word_1_33' title='bbox 245 367 260 384; x_wconf 70' lang='grc' dir='ltr'><strong>Γ</strong></span> <span class='ocrx_word' id='word_1_34' title='bbox 792 365 816 384; x_wconf 75' lang='lat' dir='ltr'>ll)</span> 
     </span>
    </p>
   </div>
   <div class='ocr_carea' id='block_1_5' title="bbox 244 364 779 411">
    <p class='ocr_par' dir='ltr' id='par_1_5' title="bbox 244 364 779 411">
     <span class='ocr_line' id='line_1_8' title="bbox 244 364 779 411; baseline 0 -11"><span class='ocrx_word' id='word_1_35' title='bbox 244 379 277 400; x_wconf 69' lang='lat' dir='ltr'>o.</span> <span class='ocrx_word' id='word_1_36' title='bbox 332 368 406 400; x_wconf 88' lang='lat' dir='ltr'>Fila</span> <span class='ocrx_word' id='word_1_37' title='bbox 434 368 543 407; x_wconf 84' lang='lat' dir='ltr'>(licta,</span> <span class='ocrx_word' id='word_1_38' title='bbox 585 364 673 400; x_wconf 71' lang='lat' dir='ltr'>vel³⁰</span> <span class='ocrx_word' id='word_1_39' title='bbox 701 369 779 411; x_wconf 84' lang='lat' dir='ltr'>quia</span> 
     </span>
    </p>
   </div>
   <div class='ocr_carea' id='block_1_6' title="bbox 244 476 1327 523">
    <p class='ocr_par' dir='ltr' id='par_1_6' title="bbox 244 476 1327 523">
     <span class='ocr_line' id='line_1_9' title="bbox 244 476 1327 523; baseline -0.001 -9"><span class='ocrx_word' id='word_1_40' title='bbox 244 481 277 514; x_wconf 79' lang='grc'><strong>6.</strong></span> <span class='ocrx_word' id='word_1_41' title='bbox 331 480 466 513; x_wconf 80' lang='lat' dir='ltr'>Mataxa</span> <span class='ocrx_word' id='word_1_42' title='bbox 493 480 586 523; x_wconf 80' lang='lat' dir='ltr'>quasi</span> <span class='ocrx_word' id='word_1_43' title='bbox 613 486 743 512; x_wconf 87' lang='lat' dir='ltr'>metaxa</span> <span class='ocrx_word' id='word_1_44' title='bbox 756 476 776 495; x_wconf 75' lang='lat'>&#39;¹¹</span> <span class='ocrx_word' id='word_1_45' title='bbox 807 492 825 511; x_wconf 92' lang='lat' dir='ltr'>a</span> <span class='ocrx_word' id='word_1_46' title='bbox 855 480 992 513; x_wconf 90' lang='lat' dir='ltr'>circuitu</span> <span class='ocrx_word' id='word_1_47' title='bbox 1027 480 1152 514; x_wconf 82' lang='lat' dir='ltr'>scilicet</span> <span class='ocrx_word' id='word_1_48' title='bbox 1184 478 1327 513; x_wconf 77' lang='lat' dir='ltr'>filorum.</span> 
     </span>
    </p>
   </div>
   <div class='ocr_carea' id='block_1_7' title="bbox 79 533 299 564">
    <p class='ocr_par' dir='ltr' id='par_1_7' title="bbox 79 533 299 564">
     <span class='ocr_line' id='line_1_10' title="bbox 79 533 299 564; baseline 0.005 -1"><span class='ocrx_word' id='word_1_49' title='bbox 79 533 299 564; x_wconf 69' lang='lat' dir='ltr'>transferatur.</span> 
     </span>
    </p>
   </div>
   <div class='ocr_carea' id='block_1_8' title="bbox 774 211 1259 259">
    <p class='ocr_par' dir='ltr' id='par_1_8' title="bbox 774 211 1259 259">
     <span class='ocr_line' id='line_1_11' title="bbox 774 211 1259 259; baseline 0 -12"><span class='ocrx_word' id='word_1_50' title='bbox 774 213 894 248; x_wconf 73' lang='lat' dir='ltr'>Cicero</span> <span class='ocrx_word' id='word_1_51' title='bbox 931 214 962 246; x_wconf 91' lang='lat' dir='ltr'>in</span> <span class='ocrx_word' id='word_1_52' title='bbox 1006 214 1205 259; x_wconf 80' lang='lat' dir='ltr'>Philippicis</span> <span class='ocrx_word' id='word_1_53' title='bbox 1217 211 1259 247; x_wconf 74' lang='lat'>³⁶:</span> 
     </span>
    </p>
   </div>
   <div class='ocr_carea' id='block_1_9' title="bbox 1953 122 2028 156">
    <p class='ocr_par' dir='ltr' id='par_1_9' title="bbox 1953 122 2028 156">
     <span class='ocr_line' id='line_1_12' title="bbox 1953 122 2028 156; baseline 0 0"><span class='ocrx_word' id='word_1_54' title='bbox 1953 122 2028 156; x_wconf 78' lang='lat'>6⁰9</span> 
     </span>
    </p>
   </div>
   <div class='ocr_carea' id='block_1_10' title="bbox 1315 213 2029 260">
    <p class='ocr_par' dir='ltr' id='par_1_10' title="bbox 1315 213 2029 260">
     <span class='ocr_line' id='line_1_13' title="bbox 1315 213 2029 260; baseline 0.004 -13"><span class='ocrx_word' id='word_1_55' title='bbox 1315 214 1362 247; x_wconf 78' lang='lat' dir='ltr'>Ae</span> <span class='ocrx_word' id='word_1_56' title='bbox 1403 224 1485 247; x_wconf 80' lang='lat' dir='ltr'>vero</span> <span class='ocrx_word' id='word_1_57' title='bbox 1525 213 1615 246; x_wconf 77' lang='lat' dir='ltr'>inter</span> <span class='ocrx_word' id='word_1_58' title='bbox 1658 214 1811 258; x_wconf 79' lang='lat' dir='ltr'>quasilla</span> <span class='ocrx_word' id='word_1_59' title='bbox 1848 216 2029 260; x_wconf 75' lang='lat' dir='ltr'>pendatur</span> 
     </span>
    </p>
   </div>
   <div class='ocr_carea' id='block_1_11' title="bbox 1151 314 1861 361">
    <p class='ocr_par' dir='ltr' id='par_1_11' title="bbox 1151 314 1861 361">
     <span class='ocr_line' id='line_1_14' title="bbox 1151 314 1861 361; baseline 0.001 -12"><span class='ocrx_word' id='word_1_60' title='bbox 1151 317 1251 350; x_wconf 83' lang='lat' dir='ltr'><strong>Unde</strong></span> <span class='ocrx_word' id='word_1_61' title='bbox 1280 322 1312 349; x_wconf 85' lang='lat' dir='ltr'>et</span> <span class='ocrx_word' id='word_1_62' title='bbox 1325 314 1350 333; x_wconf 69' lang='lat'>³³⁸</span> <span class='ocrx_word' id='word_1_63' title='bbox 1382 328 1483 361; x_wconf 80' lang='lat' dir='ltr'>pensa</span> <span class='ocrx_word' id='word_1_64' title='bbox 1507 320 1538 348; x_wconf 81' lang='lat' dir='ltr'>et</span> <span class='ocrx_word' id='word_1_65' title='bbox 1565 316 1713 360; x_wconf 73' lang='lat' dir='ltr'>impensa</span> <span class='ocrx_word' id='word_1_66' title='bbox 1741 321 1861 350; x_wconf 89' lang='lat' dir='ltr'>netum.</span> 
     </span>
    </p>
   </div>
   <div class='ocr_carea' id='block_1_12' title="bbox 1398 477 2027 524">
    <p class='ocr_par' dir='ltr' id='par_1_12' title="bbox 1398 477 2027 524">
     <span class='ocr_line' id='line_1_15' title="bbox 1398 477 2027 524; baseline 0.002 -13"><span class='ocrx_word' id='word_1_67' title='bbox 1398 479 1482 511; x_wconf 88' lang='lat' dir='ltr'>Nam</span> <span class='ocrx_word' id='word_1_68' title='bbox 1511 483 1596 512; x_wconf 87' lang='lat' dir='ltr'>meta</span> <span class='ocrx_word' id='word_1_69' title='bbox 1624 479 1776 513; x_wconf 78' lang='lat' dir='ltr'>circuitus</span> <span class='ocrx_word' id='word_1_70' title='bbox 1788 477 1829 520; x_wconf 74' lang='lat'>⁴²,</span> <span class='ocrx_word' id='word_1_71' title='bbox 1858 481 1909 513; x_wconf 82' lang='lat' dir='ltr'>vel</span> <span class='ocrx_word' id='word_1_72' title='bbox 1936 481 2027 524; x_wconf 82' lang='lat' dir='ltr'>quod</span> 
     </span>
    </p>
   </div>
   <div class='ocr_carea' id='block_1_13' title="bbox 182 578 1691 627">
    <p class='ocr_par' dir='ltr' id='par_1_13' title="bbox 182 578 1691 627">
     <span class='ocr_line' id='line_1_16' title="bbox 182 578 1691 627; baseline 0 -12"><span class='ocrx_word' id='word_1_73' title='bbox 182 583 364 616; x_wconf 84' lang='lat' dir='ltr'>Gubellum</span> <span class='ocrx_word' id='word_1_74' title='bbox 382 580 401 599; x_wconf 57' lang='grc' dir='ltr'><strong>Π</strong></span> <span class='ocrx_word' id='word_1_75' title='bbox 429 588 587 627; x_wconf 87' lang='lat' dir='ltr'>corrupte</span> <span class='ocrx_word' id='word_1_76' title='bbox 614 594 633 614; x_wconf 87' lang='lat' dir='ltr'>a</span> <span class='ocrx_word' id='word_1_77' title='bbox 660 582 766 626; x_wconf 81' lang='lat' dir='ltr'>giobo</span> <span class='ocrx_word' id='word_1_78' title='bbox 794 582 919 615; x_wconf 88' lang='lat' dir='ltr'>dictum</span> <span class='ocrx_word' id='word_1_79' title='bbox 947 593 1008 625; x_wconf 85' lang='lat' dir='ltr'>per</span> <span class='ocrx_word' id='word_1_80' title='bbox 1035 581 1305 621; x_wconf 83' lang='lat' dir='ltr'>diminutionem,</span> <span class='ocrx_word' id='word_1_81' title='bbox 1338 581 1433 623; x_wconf 56' lang='lat' dir='ltr'>quasi</span> <span class='ocrx_word' id='word_1_82' title='bbox 1459 581 1645 624; x_wconf 84' lang='lat' dir='ltr'>globellum</span> <span class='ocrx_word' id='word_1_83' title='bbox 1662 578 1691 615; x_wconf 62' lang='lat' dir='ltr'>n,</span> 
     </span>
    </p>
   </div>
   <div class='ocr_carea' id='block_1_14' title="bbox 246 639 1115 685">
    <p class='ocr_par' dir='ltr' id='par_1_14' title="bbox 246 639 1115 685">
     <span class='ocr_line' id='line_1_17' title="bbox 246 639 1115 685; baseline -0.001 -9"><span class='ocrx_word' id='word_1_84' title='bbox 246 642 277 676; x_wconf 73' lang='grc' dir='ltr'>ἴ.</span> <span class='ocrx_word' id='word_1_85' title='bbox 332 639 541 682; x_wconf 70' lang='lat' dir='ltr'>l&#39;anuliae⁸⁵‚</span> <span class='ocrx_word' id='word_1_86' title='bbox 570 642 661 685; x_wconf 82' lang='lat' dir='ltr'>quod</span> <span class='ocrx_word' id='word_1_87' title='bbox 691 653 729 673; x_wconf 82' lang='lat' dir='ltr'>ex</span> <span class='ocrx_word' id='word_1_88' title='bbox 758 641 801 673; x_wconf 81' lang='lat' dir='ltr'>eis</span> <span class='ocrx_word' id='word_1_89' title='bbox 829 642 927 685; x_wconf 89' lang='lat' dir='ltr'>panni</span> <span class='ocrx_word' id='word_1_90' title='bbox 959 647 1115 675; x_wconf 79' lang='lat' dir='ltr'>texantur.</span> 
     </span>
    </p>
   </div>
   <div class='ocr_carea' id='block_1_15' title="bbox 180 690 898 736">
    <p class='ocr_par' dir='ltr' id='par_1_15' title="bbox 180 690 898 736">
     <span class='ocr_line' id='line_1_18' title="bbox 180 690 898 736; baseline -0.003 -10"><span class='ocrx_word' id='word_1_91' title='bbox 180 693 317 726; x_wconf 84' lang='lat' dir='ltr'>Stamen</span> <span class='ocrx_word' id='word_1_92' title='bbox 345 695 490 735; x_wconf 87' lang='lat' dir='ltr'>dictum,</span> <span class='ocrx_word' id='word_1_93' title='bbox 518 694 609 736; x_wconf 80' lang='lat' dir='ltr'>quod</span> <span class='ocrx_word' id='word_1_94' title='bbox 626 690 645 710; x_wconf 72' lang='lat'>¹⁷</span> <span class='ocrx_word' id='word_1_95' title='bbox 674 698 800 726; x_wconf 84' lang='lat' dir='ltr'>rectum</span> <span class='ocrx_word' id='word_1_96' title='bbox 829 699 898 725; x_wconf 69' lang='lat' dir='ltr'>stat.</span> 
     </span>
    </p>
   </div>
   <div class='ocr_carea' id='block_1_16' title="bbox 181 743 1339 788">
    <p class='ocr_par' dir='ltr' id='par_1_16' title="bbox 181 743 1339 788">
     <span class='ocr_line' id='line_1_19' title="bbox 181 743 1339 788; baseline -0.002 -11"><span class='ocrx_word' id='word_1_97' title='bbox 181 746 307 778; x_wconf 84' lang='lat' dir='ltr'>Trama</span> <span class='ocrx_word' id='word_1_98' title='bbox 343 743 482 787; x_wconf 45' lang='lat' dir='ltr'>dictam,</span> <span class='ocrx_word' id='word_1_99' title='bbox 525 745 618 788; x_wconf 81' lang='lat' dir='ltr'>quod</span> <span class='ocrx_word' id='word_1_100' title='bbox 652 745 703 777; x_wconf 83' lang='lat' dir='ltr'>via</span> <span class='ocrx_word' id='word_1_101' title='bbox 740 750 828 778; x_wconf 85' lang='lat' dir='ltr'>recta</span> <span class='ocrx_word' id='word_1_102' title='bbox 863 745 1099 776; x_wconf 79' lang='lat' dir='ltr'>transmittatur</span> <span class='ocrx_word' id='word_1_103' title='bbox 1135 754 1195 786; x_wconf 89' lang='lat' dir='ltr'>per</span> <span class='ocrx_word' id='word_1_104' title='bbox 1229 743 1339 775; x_wconf 72' lang='lat' dir='ltr'>telam.</span> 
     </span>
    </p>
   </div>
   <div class='ocr_carea' id='block_1_17' title="bbox 80 808 222 831">
    <p class='ocr_par' dir='ltr' id='par_1_17' title="bbox 80 808 222 831">
     <span class='ocr_line' id='line_1_20' title="bbox 80 808 222 831; baseline -0.021 0"><span class='ocrx_word' id='word_1_105' title='bbox 80 808 222 831; x_wconf 67' lang='lat' dir='ltr'>currens.</span> 
     </span>
    </p>
   </div>
   <div class='ocr_carea' id='block_1_18' title="bbox 1170 637 1853 685">
    <p class='ocr_par' dir='ltr' id='par_1_18' title="bbox 1170 637 1853 685">
     <span class='ocr_line' id='line_1_21' title="bbox 1170 637 1853 685; baseline -0.001 -12"><span class='ocrx_word' id='word_1_106' title='bbox 1170 641 1267 685; x_wconf 85' lang='lat' dir='ltr'>lpsae</span> <span class='ocrx_word' id='word_1_107' title='bbox 1284 637 1304 656; x_wconf 60' lang='lat'>”³</span> <span class='ocrx_word' id='word_1_108' title='bbox 1332 641 1419 673; x_wconf 88' lang='lat' dir='ltr'>enim</span> <span class='ocrx_word' id='word_1_109' title='bbox 1444 641 1629 674; x_wconf 79' lang='lat' dir='ltr'>discurrunt</span> <span class='ocrx_word' id='word_1_110' title='bbox 1656 652 1717 685; x_wconf 88' lang='lat' dir='ltr'>per</span> <span class='ocrx_word' id='word_1_111' title='bbox 1744 641 1853 674; x_wconf 79' lang='lat' dir='ltr'>tel-ain</span> 
     </span>
    </p>
   </div>
   <div class='ocr_carea' id='block_1_19' title="bbox 1855 739 1866 758">
    <p class='ocr_par' dir='ltr' id='par_1_19' title="bbox 1855 739 1866 758">
     <span class='ocr_line' id='line_1_22' title="bbox 1855 739 1866 758; baseline 0 0"><span class='ocrx_word' id='word_1_112' title='bbox 1855 739 1866 758; x_wconf 70' lang='lat'>9</span> 
     </span>
    </p>
   </div>
   <div class='ocr_carea' id='block_1_20' title="bbox 1416 740 2026 777">
    <p class='ocr_par' dir='ltr' id='par_1_20' title="bbox 1416 740 2026 777">
     <span class='ocr_line' id='line_1_23' title="bbox 1416 740 2026 777; baseline 0.002 -2"><span class='ocrx_word' id='word_1_113' title='bbox 1416 743 1474 775; x_wconf 65' lang='lat' dir='ltr'>Est</span> <span class='ocrx_word' id='word_1_114' title='bbox 1512 743 1597 776; x_wconf 89' lang='lat' dir='ltr'>enim</span> <span class='ocrx_word' id='word_1_115' title='bbox 1628 743 1720 776; x_wconf 79' lang='lat' dir='ltr'>filum</span> <span class='ocrx_word' id='word_1_116' title='bbox 1749 740 1853 775; x_wconf 63' lang='lat' dir='ltr'>intra*</span> <span class='ocrx_word' id='word_1_117' title='bbox 1902 750 2026 777; x_wconf 58' lang='lat' dir='ltr'>stamen</span> 
     </span>
    </p>
   </div>
   <div class='ocr_carea' id='block_1_21' title="bbox 180 844 1135 892">
    <p class='ocr_par' dir='ltr' id='par_1_21' title="bbox 180 844 1135 892">
     <span class='ocr_line' id='line_1_24' title="bbox 180 844 1135 892; baseline -0.003 -11"><span class='ocrx_word' id='word_1_118' title='bbox 180 849 274 881; x_wconf 84' lang='lat' dir='ltr'>Licia</span> <span class='ocrx_word' id='word_1_119' title='bbox 300 853 392 887; x_wconf 74' lang='lat' dir='ltr'>sunt,</span> <span class='ocrx_word' id='word_1_120' title='bbox 419 848 538 890; x_wconf 82' lang='lat' dir='ltr'>quibus</span> <span class='ocrx_word' id='word_1_121' title='bbox 564 849 701 881; x_wconf 74' lang='lat' dir='ltr'>stamina</span> <span class='ocrx_word' id='word_1_122' title='bbox 729 848 894 892; x_wconf 87' lang='lat' dir='ltr'>ligantur,</span> <span class='ocrx_word' id='word_1_123' title='bbox 923 846 1015 889; x_wconf 75' lang='lat' dir='ltr'>quasi</span> <span class='ocrx_word' id='word_1_124' title='bbox 1044 844 1135 890; x_wconf 84' lang='lat' dir='ltr'>ligia.</span> 
     </span>
    </p>
   </div>
   <div class='ocr_carea' id='block_1_22' title="bbox 182 895 591 933">
    <p class='ocr_par' dir='ltr' id='par_1_22' title="bbox 182 895 591 933">
     <span class='ocr_line' id='line_1_25' title="bbox 182 895 591 933; baseline -0.005 0"><span class='ocrx_word' id='word_1_125' title='bbox 182 896 332 933; x_wconf 74' lang='lat' dir='ltr'>Ordiri⁵⁰</span> <span class='ocrx_word' id='word_1_126' title='bbox 362 904 409 932; x_wconf 69' lang='lat' dir='ltr'>est</span> <span class='ocrx_word' id='word_1_127' title='bbox 435 905 545 932; x_wconf 83' lang='lat' dir='ltr'>texere</span> <span class='ocrx_word' id='word_1_128' title='bbox 559 895 591 931; x_wconf 82' lang='lat'>⁵¹.</span> 
     </span>
    </p>
   </div>
   <div class='ocr_carea' id='block_1_23' title="bbox 544 981 888 1018">
    <p class='ocr_par' dir='ltr' id='par_1_23' title="bbox 544 981 888 1018">
     <span class='ocr_line' id='line_1_26' title="bbox 544 981 888 1018; baseline -0.003 0"><span class='ocrx_word' id='word_1_129' title='bbox 544 985 572 1018; x_wconf 92' lang='lat' dir='ltr'>C</span> <span class='ocrx_word' id='word_1_130' title='bbox 600 986 627 1017; x_wconf 82' lang='lat' dir='ltr'><strong>A</strong></span> <span class='ocrx_word' id='word_1_131' title='bbox 657 985 692 1017; x_wconf 87' lang='grc' dir='ltr'>Ρ.</span> <span class='ocrx_word' id='word_1_132' title='bbox 747 985 841 1017; x_wconf 81' lang='lat' dir='ltr'>XXX</span> <span class='ocrx_word' id='word_1_133' title='bbox 855 981 888 1016; x_wconf 65' lang='lat'>⁵².</span> 
     </span>
    </p>
   </div>
   <div class='ocr_carea' id='block_1_24' title="bbox 974 984 1047 1016">
    <p class='ocr_par' dir='ltr' id='par_1_24' title="bbox 974 984 1047 1016">
     <span class='ocr_line' id='line_1_27' title="bbox 974 984 1047 1016; baseline 0 0"><span class='ocrx_word' id='word_1_134' title='bbox 974 984 1005 1016; x_wconf 88' lang='lat' dir='ltr'>I)</span> <span class='ocrx_word' id='word_1_135' title='bbox 1030 996 1047 1016; x_wconf 64' lang='grc' dir='ltr'>ε’</span> 
     </span>
    </p>
   </div>
   <div class='ocr_carea' id='block_1_25' title="bbox 181 1052 1509 1148">
    <p class='ocr_par' dir='ltr' id='par_1_25' title="bbox 181 1048 1509 1148">
     <span class='ocr_line' id='line_1_28' title="bbox 251 1052 1482 1094; baseline -0.002 -8"><span class='ocrx_word' id='word_1_136' title='bbox 251 1055 279 1087; x_wconf 72' lang='grc' dir='ltr'>Ι.</span> <span class='ocrx_word' id='word_1_137' title='bbox 334 1055 502 1087; x_wconf 76' lang='lat' dir='ltr'>Hactenus</span> <span class='ocrx_word' id='word_1_138' title='bbox 529 1054 573 1086; x_wconf 91' lang='lat' dir='ltr'>de</span> <span class='ocrx_word' id='word_1_139' title='bbox 600 1059 710 1094; x_wconf 85' lang='lat' dir='ltr'>veste,</span> <span class='ocrx_word' id='word_1_140' title='bbox 738 1053 862 1087; x_wconf 87' lang='lat' dir='ltr'>dehinc</span> <span class='ocrx_word' id='word_1_141' title='bbox 885 1052 928 1085; x_wconf 86' lang='lat' dir='ltr'>ad</span> <span class='ocrx_word' id='word_1_142' title='bbox 957 1058 1103 1086; x_wconf 85' lang='lat' dir='ltr'>ceterum</span> <span class='ocrx_word' id='word_1_143' title='bbox 1133 1052 1258 1085; x_wconf 88' lang='lat' dir='ltr'>cultum</span> <span class='ocrx_word' id='word_1_144' title='bbox 1287 1052 1455 1084; x_wconf 74' lang='lat' dir='ltr'>veniamus</span> <span class='ocrx_word' id='word_1_145' title='bbox 1467 1054 1482 1067; x_wconf 99' lang='lat'><strong><em>³</em></strong></span> 
     </span>
     <span class='ocr_line' id='line_1_29' title="bbox 181 1101 1509 1148; baseline -0.003 -9"><span class='ocrx_word' id='word_1_146' title='bbox 181 1106 383 1139; x_wconf 83' lang='lat' dir='ltr'>Ornamenta</span> <span class='ocrx_word' id='word_1_147' title='bbox 411 1105 515 1147; x_wconf 80' lang='lat' dir='ltr'>(licta,</span> <span class='ocrx_word' id='word_1_148' title='bbox 551 1102 679 1148; x_wconf 57' lang='lat' dir='ltr'>quodffl</span> <span class='ocrx_word' id='word_1_149' title='bbox 715 1116 829 1138; x_wconf 90' lang='lat' dir='ltr'>eorum</span> <span class='ocrx_word' id='word_1_150' title='bbox 858 1105 948 1138; x_wconf 84' lang='lat' dir='ltr'>cultu</span> <span class='ocrx_word' id='word_1_151' title='bbox 976 1115 1034 1136; x_wconf 89' lang='lat' dir='ltr'>ora</span> <span class='ocrx_word' id='word_1_152' title='bbox 1062 1104 1234 1147; x_wconf 68' lang='lat' dir='ltr'>vultusque</span> <span class='ocrx_word' id='word_1_153' title='bbox 1248 1101 1272 1121; x_wconf 66' lang='lat'>⁵³</span> <span class='ocrx_word' id='word_1_154' title='bbox 1300 1104 1509 1137; x_wconf 86' lang='lat' dir='ltr'>decorentur.</span> 
     </span>
    </p>
   </div>
   <div class='ocr_carea' id='block_1_26' title="bbox 1109 984 1559 1068">
    <p class='ocr_par' dir='ltr' id='par_1_26' title="bbox 1109 984 1559 1068">
     <span class='ocr_line' id='line_1_30' title="bbox 1109 984 1559 1016; baseline 0.002 -1"><span class='ocrx_word' id='word_1_155' title='bbox 1109 984 1559 1016; x_wconf 75' lang='lat' dir='ltr'>ornamentis.</span> 
     </span>
     <span class='ocr_line' id='line_1_31' title="bbox 1480 1048 1490 1068; baseline 0 0"><span class='ocrx_word' id='word_1_156' title='bbox 1480 1048 1490 1068; x_wconf 62' lang='grc' dir='ltr'><strong>τ</strong></span> 
     </span>
    </p>
   </div>
   <div class='ocr_carea' id='block_1_27' title="bbox 1571 1097 2025 1135">
    <p class='ocr_par' dir='ltr' id='par_1_27' title="bbox 1571 1097 2025 1135">
     <span class='ocr_line' id='line_1_32' title="bbox 1571 1097 2025 1135; baseline -0.002 -1"><span class='ocrx_word' id='word_1_157' title='bbox 1571 1102 1682 1135; x_wconf 87' lang='lat' dir='ltr'>Prima</span> <span class='ocrx_word' id='word_1_158' title='bbox 1708 1106 1900 1133; x_wconf 80' lang='lat' dir='ltr'>ornamenta</span> <span class='ocrx_word' id='word_1_159' title='bbox 1913 1097 1937 1117; x_wconf 63' lang='lat'>⁵⁶</span> <span class='ocrx_word' id='word_1_160' title='bbox 1965 1112 2025 1134; x_wconf 92' lang='lat' dir='ltr'>co-</span> 
     </span>
    </p>
   </div>
   <div class='ocr_carea' id='block_1_28' title="bbox 79 1152 2025 1201">
    <p class='ocr_par' dir='ltr' id='par_1_28' title="bbox 79 1152 2025 1201">
     <span class='ocr_line' id='line_1_33' title="bbox 79 1152 2025 1201; baseline -0.003 -12"><span class='ocrx_word' id='word_1_161' title='bbox 79 1169 159 1189; x_wconf 89' lang='lat' dir='ltr'>rona</span> <span class='ocrx_word' id='word_1_162' title='bbox 185 1158 314 1201; x_wconf 76' lang='lat' dir='ltr'>insigne</span> <span class='ocrx_word' id='word_1_163' title='bbox 341 1157 518 1198; x_wconf 81' lang='lat' dir='ltr'>victoriae,</span> <span class='ocrx_word' id='word_1_164' title='bbox 546 1158 613 1190; x_wconf 80' lang='lat' dir='ltr'>sive</span> <span class='ocrx_word' id='word_1_165' title='bbox 637 1157 721 1201; x_wconf 85' lang='lat' dir='ltr'>regii</span> <span class='ocrx_word' id='word_1_166' title='bbox 744 1157 881 1189; x_wconf 86' lang='lat' dir='ltr'>honoris</span> <span class='ocrx_word' id='word_1_167' title='bbox 906 1157 1054 1200; x_wconf 78' lang='lat' dir='ltr'>signum,</span> <span class='ocrx_word' id='word_1_168' title='bbox 1082 1167 1167 1198; x_wconf 88' lang='lat' dir='ltr'>quae</span> <span class='ocrx_word' id='word_1_169' title='bbox 1184 1159 1205 1171; x_wconf 83' lang='lat'>&#39;³‘</span> <span class='ocrx_word' id='word_1_170' title='bbox 1235 1156 1266 1188; x_wconf 90' lang='lat' dir='ltr'>in</span> <span class='ocrx_word' id='word_1_171' title='bbox 1294 1156 1403 1199; x_wconf 88' lang='lat' dir='ltr'>capite</span> <span class='ocrx_word' id='word_1_172' title='bbox 1430 1166 1548 1199; x_wconf 85' lang='lat' dir='ltr'>regum</span> <span class='ocrx_word' id='word_1_173' title='bbox 1577 1154 1726 1197; x_wconf 90' lang='lat' dir='ltr'>ponitur,</span> <span class='ocrx_word' id='word_1_174' title='bbox 1763 1152 1805 1184; x_wconf 87' lang='lat' dir='ltr'>ad</span> <span class='ocrx_word' id='word_1_175' title='bbox 1835 1152 2025 1197; x_wconf 74' lang='lat' dir='ltr'>significan-</span> 
     </span>
    </p>
   </div>
   <div class='ocr_carea' id='block_1_29' title="bbox 79 1205 2025 1353">
    <p class='ocr_par' dir='ltr' id='par_1_29' title="bbox 79 1205 2025 1353">
     <span class='ocr_line' id='line_1_34' title="bbox 79 1205 1718 1253; baseline -0.003 -13"><span class='ocrx_word' id='word_1_176' title='bbox 79 1208 139 1241; x_wconf 85' lang='lat' dir='ltr'>dos</span> <span class='ocrx_word' id='word_1_177' title='bbox 154 1205 178 1224; x_wconf 69' lang='lat'>⁵³</span> <span class='ocrx_word' id='word_1_178' title='bbox 204 1208 420 1243; x_wconf 79' lang='lat' dir='ltr'>circumfusos</span> <span class='ocrx_word' id='word_1_179' title='bbox 448 1210 480 1241; x_wconf 88' lang='lat' dir='ltr'>in</span> <span class='ocrx_word' id='word_1_180' title='bbox 506 1209 589 1241; x_wconf 83' lang='lat' dir='ltr'>orbe</span> <span class='ocrx_word' id='word_1_181' title='bbox 615 1208 780 1253; x_wconf 55' lang='lat' dir='ltr'>populos,</span> <span class='ocrx_word' id='word_1_182' title='bbox 808 1208 925 1251; x_wconf 85' lang='lat' dir='ltr'>quibus</span> <span class='ocrx_word' id='word_1_183' title='bbox 952 1208 1118 1241; x_wconf 77' lang='lat' dir='ltr'>accinctus</span> <span class='ocrx_word' id='word_1_184' title='bbox 1146 1207 1237 1249; x_wconf 69' lang='lat' dir='ltr'>quasi</span> <span class='ocrx_word' id='word_1_185' title='bbox 1272 1212 1374 1250; x_wconf 83' lang='lat' dir='ltr'>eaput</span> <span class='ocrx_word' id='word_1_186' title='bbox 1401 1218 1495 1239; x_wconf 80' lang='lat' dir='ltr'>suum</span> <span class='ocrx_word' id='word_1_187' title='bbox 1531 1210 1718 1239; x_wconf 83' lang='lat' dir='ltr'>coronatur.</span> 
     </span>
     <span class='ocr_line' id='line_1_35' title="bbox 1024 1255 2025 1301; baseline -0.003 -12"><span class='ocrx_word' id='word_1_188' title='bbox 1024 1258 1131 1290; x_wconf 75' lang='lat' dir='ltr'>Huius</span> <span class='ocrx_word' id='word_1_189' title='bbox 1159 1258 1358 1301; x_wconf 84' lang='lat' dir='ltr'>principium</span> <span class='ocrx_word' id='word_1_190' title='bbox 1387 1269 1405 1289; x_wconf 86' lang='lat' dir='ltr'>a</span> <span class='ocrx_word' id='word_1_191' title='bbox 1422 1258 1545 1290; x_wconf 86' lang='lat' dir='ltr'>Libero</span> <span class='ocrx_word' id='word_1_192' title='bbox 1573 1256 1721 1299; x_wconf 86' lang='lat' dir='ltr'>quodam</span> <span class='ocrx_word' id='word_1_193' title='bbox 1748 1255 1889 1299; x_wconf 75' lang='lat' dir='ltr'>gentiles</span> <span class='ocrx_word' id='word_1_194' title='bbox 1916 1256 2025 1287; x_wconf 62' lang='lat' dir='ltr'>exi-ti-</span> 
     </span>
     <span class='ocr_line' id='line_1_36' title="bbox 790 1304 2025 1353; baseline -0.002 -12"><span class='ocrx_word' id='word_1_195' title='bbox 790 1311 862 1341; x_wconf 77' lang='lat' dir='ltr'>vino</span> <span class='ocrx_word' id='word_1_196' title='bbox 890 1310 1000 1353; x_wconf 87' lang='lat' dir='ltr'>capita</span> <span class='ocrx_word' id='word_1_197' title='bbox 1039 1309 1158 1341; x_wconf 70' lang='lat' dir='ltr'>vincire</span> <span class='ocrx_word' id='word_1_198' title='bbox 1187 1310 1331 1341; x_wconf 73' lang='lat' dir='ltr'>fasciolis</span> <span class='ocrx_word' id='word_1_199' title='bbox 1358 1309 1546 1349; x_wconf 83' lang='lat' dir='ltr'>instituerit,</span> <span class='ocrx_word' id='word_1_200' title='bbox 1587 1308 1712 1341; x_wconf 84' lang='lat' dir='ltr'>idcirco</span> <span class='ocrx_word' id='word_1_201' title='bbox 1741 1307 1821 1339; x_wconf 91' lang='lat' dir='ltr'>olim</span> <span class='ocrx_word' id='word_1_202' title='bbox 1844 1307 1920 1339; x_wconf 91' lang='lat' dir='ltr'>linei</span> <span class='ocrx_word' id='word_1_203' title='bbox 1949 1304 2025 1339; x_wconf 79' lang='lat' dir='ltr'>ac‘’⁰</span> 
     </span>
    </p>
   </div>
   <div class='ocr_carea' id='block_1_30' title="bbox 78 1256 969 1354">
    <p class='ocr_par' dir='ltr' id='par_1_30' title="bbox 78 1256 969 1354">
     <span class='ocr_line' id='line_1_37' title="bbox 78 1256 969 1305; baseline -0.002 -13"><span class='ocrx_word' id='word_1_204' title='bbox 78 1261 155 1293; x_wconf 91' lang='lat' dir='ltr'>cilio</span> <span class='ocrx_word' id='word_1_205' title='bbox 182 1260 330 1299; x_wconf 88' lang='lat' dir='ltr'>corolla,</span> <span class='ocrx_word' id='word_1_206' title='bbox 358 1261 400 1292; x_wconf 89' lang='lat' dir='ltr'>ab</span> <span class='ocrx_word' id='word_1_207' title='bbox 428 1260 581 1292; x_wconf 86' lang='lat' dir='ltr'>Homero</span> <span class='ocrx_word' id='word_1_208' title='bbox 610 1256 768 1305; x_wconf 64' lang='lat' dir='ltr'>oteqa&#39;vq</span> <span class='ocrx_word' id='word_1_209' title='bbox 796 1260 886 1291; x_wconf 86' lang='lat' dir='ltr'>‹licta</span> <span class='ocrx_word' id='word_1_210' title='bbox 914 1264 969 1290; x_wconf 76' lang='lat' dir='ltr'>est.</span> 
     </span>
     <span class='ocr_line' id='line_1_38' title="bbox 81 1307 762 1354; baseline -0.001 -11"><span class='ocrx_word' id='word_1_211' title='bbox 81 1318 187 1351; x_wconf 83' lang='lat' dir='ltr'>mant,</span> <span class='ocrx_word' id='word_1_212' title='bbox 223 1312 316 1354; x_wconf 85' lang='lat' dir='ltr'>quod</span> <span class='ocrx_word' id='word_1_213' title='bbox 345 1311 369 1342; x_wconf 85' lang='lat' dir='ltr'>is</span> <span class='ocrx_word' id='word_1_214' title='bbox 396 1311 427 1342; x_wconf 91' lang='lat' dir='ltr'>in</span> <span class='ocrx_word' id='word_1_215' title='bbox 456 1311 607 1354; x_wconf 82' lang='lat' dir='ltr'>potando</span> <span class='ocrx_word' id='word_1_216' title='bbox 635 1317 725 1342; x_wconf 77' lang='lat' dir='ltr'>mota</span> <span class='ocrx_word' id='word_1_217' title='bbox 738 1307 762 1326; x_wconf 68' lang='lat'>⁵⁵³</span> 
     </span>
    </p>
   </div>
   <div class='ocr_carea' id='block_1_31' title="bbox 1784 1204 2025 1237">
    <p class='ocr_par' dir='ltr' id='par_1_31' title="bbox 1784 1204 2025 1237">
     <span class='ocr_line' id='line_1_39' title="bbox 1784 1204 2025 1237; baseline 0.004 -2"><span class='ocrx_word' id='word_1_218' title='bbox 1784 1204 1879 1237; x_wconf 87' lang='lat' dir='ltr'>Haec</span> <span class='ocrx_word' id='word_1_219' title='bbox 1907 1216 1925 1235; x_wconf 88' lang='lat' dir='ltr'>a</span> <span class='ocrx_word' id='word_1_220' title='bbox 1954 1204 2025 1236; x_wconf 82' lang='lat' dir='ltr'>Lu·</span> 
     </span>
    </p>
   </div>
   <div class='ocr_carea' id='block_1_32' title="bbox 79 1359 1393 1407">
    <p class='ocr_par' dir='ltr' id='par_1_32' title="bbox 79 1359 1393 1407">
     <span class='ocr_line' id='line_1_40' title="bbox 79 1359 1393 1407; baseline -0.002 -12"><span class='ocrx_word' id='word_1_221' title='bbox 79 1364 162 1395; x_wconf 86' lang='lat' dir='ltr'>lanei</span> <span class='ocrx_word' id='word_1_222' title='bbox 187 1363 318 1407; x_wconf 84' lang='lat' dir='ltr'>generis</span> <span class='ocrx_word' id='word_1_223' title='bbox 345 1373 484 1395; x_wconf 62' lang='lat' dir='ltr'>coronas¹</span> <span class='ocrx_word' id='word_1_224' title='bbox 511 1359 664 1401; x_wconf 78' lang='lat' dir='ltr'>suisse¹³¹‚</span> <span class='ocrx_word' id='word_1_225' title='bbox 692 1362 775 1395; x_wconf 71' lang='lat' dir='ltr'>sicut</span> <span class='ocrx_word' id='word_1_226' title='bbox 802 1366 871 1394; x_wconf 85' lang='lat' dir='ltr'>erat</span> <span class='ocrx_word' id='word_1_227' title='bbox 896 1362 928 1393; x_wconf 89' lang='lat' dir='ltr'>in</span> <span class='ocrx_word' id='word_1_228' title='bbox 956 1360 1183 1394; x_wconf 78' lang='lat' dir='ltr'>sacerdotibus</span> <span class='ocrx_word' id='word_1_229' title='bbox 1209 1362 1393 1405; x_wconf 75' lang='lat' dir='ltr'>gentilium.</span> 
     </span>
    </p>
   </div>
   <div class='ocr_carea' id='block_1_33' title="bbox 79 1418 2022 1517">
    <p class='ocr_par' dir='ltr' id='par_1_33' title="bbox 79 1418 2022 1517">
     <span class='ocr_line' id='line_1_41' title="bbox 242 1418 2022 1463; baseline -0.003 -10"><span class='ocrx_word' id='word_1_230' title='bbox 242 1422 274 1454; x_wconf 87' lang='lat'>2.</span> <span class='ocrx_word' id='word_1_231' title='bbox 331 1422 460 1454; x_wconf 86' lang='lat' dir='ltr'>Nomen</span> <span class='ocrx_word' id='word_1_232' title='bbox 487 1432 632 1454; x_wconf 86' lang='lat' dir='ltr'>coronae</span> <span class='ocrx_word' id='word_1_233' title='bbox 665 1421 731 1454; x_wconf 86' lang='lat' dir='ltr'>hac</span> <span class='ocrx_word' id='word_1_234' title='bbox 767 1433 806 1453; x_wconf 79' lang='lat' dir='ltr'>ex</span> <span class='ocrx_word' id='word_1_235' title='bbox 836 1433 936 1454; x_wconf 72' lang='lat' dir='ltr'>causa</span> <span class='ocrx_word' id='word_1_236' title='bbox 971 1426 1144 1459; x_wconf 76' lang='lat' dir='ltr'>vocatum,</span> <span class='ocrx_word' id='word_1_237' title='bbox 1188 1432 1228 1452; x_wconf 83' lang='lat' dir='ltr'>eo</span> <span class='ocrx_word' id='word_1_238' title='bbox 1244 1418 1268 1437; x_wconf 68' lang='lat'>‘³²</span> <span class='ocrx_word' id='word_1_239' title='bbox 1303 1420 1397 1463; x_wconf 85' lang='lat' dir='ltr'>quod</span> <span class='ocrx_word' id='word_1_240' title='bbox 1431 1420 1522 1451; x_wconf 89' lang='lat' dir='ltr'>initio</span> <span class='ocrx_word' id='word_1_241' title='bbox 1561 1419 1686 1452; x_wconf 88' lang='lat' dir='ltr'>circum</span> <span class='ocrx_word' id='word_1_242' title='bbox 1719 1429 1791 1450; x_wconf 78' lang='lat' dir='ltr'>aras</span> <span class='ocrx_word' id='word_1_243' title='bbox 1824 1422 2022 1455; x_wconf 84' lang='lat' dir='ltr'>curreretur,</span> 
     </span>
     <span class='ocr_line' id='line_1_42' title="bbox 79 1467 1622 1517; baseline -0.001 -12"><span class='ocrx_word' id='word_1_244' title='bbox 79 1478 177 1516; x_wconf 84' lang='lat' dir='ltr'>atque</span> <span class='ocrx_word' id='word_1_245' title='bbox 204 1473 246 1504; x_wconf 87' lang='lat' dir='ltr'>ad</span> <span class='ocrx_word' id='word_1_246' title='bbox 275 1473 454 1517; x_wconf 85' lang='lat' dir='ltr'>imaginem</span> <span class='ocrx_word' id='word_1_247' title='bbox 483 1474 637 1506; x_wconf 74' lang='lat' dir='ltr'>circuitus</span> <span class='ocrx_word' id='word_1_248' title='bbox 665 1473 717 1505; x_wconf 75' lang='lat' dir='ltr'>vel</span> <span class='ocrx_word' id='word_1_249' title='bbox 746 1473 841 1506; x_wconf 85' lang='lat' dir='ltr'>chori</span> <span class='ocrx_word' id='word_1_250' title='bbox 869 1478 901 1506; x_wconf 85' lang='lat' dir='ltr'>et</span> <span class='ocrx_word' id='word_1_251' title='bbox 929 1473 1104 1505; x_wconf 84' lang='lat' dir='ltr'>formatam</span> <span class='ocrx_word' id='word_1_252' title='bbox 1129 1477 1160 1503; x_wconf 67' lang='lat' dir='ltr'>vt</span> <span class='ocrx_word' id='word_1_253' title='bbox 1189 1472 1390 1504; x_wconf 83' lang='lat' dir='ltr'>nominatam</span> <span class='ocrx_word' id='word_1_254' title='bbox 1419 1482 1576 1505; x_wconf 86' lang='lat' dir='ltr'>coronam</span> <span class='ocrx_word' id='word_1_255' title='bbox 1587 1467 1622 1504; x_wconf 73' lang='lat'>⁰³.</span> 
     </span>
    </p>
   </div>
   <div class='ocr_carea' id='block_1_34' title="bbox 77 1526 1835 1782">
    <p class='ocr_par' dir='ltr' id='par_1_34' title="bbox 77 1526 1835 1782">
     <span class='ocr_line' id='line_1_43' title="bbox 241 1526 1835 1577; baseline -0.004 -12"><span class='ocrx_word' id='word_1_256' title='bbox 241 1532 273 1565; x_wconf 80' lang='grc'>3.</span> <span class='ocrx_word' id='word_1_257' title='bbox 328 1533 550 1577; x_wconf 80' lang='lat' dir='ltr'>Imperatores</span> <span class='ocrx_word' id='word_1_258' title='bbox 577 1533 723 1565; x_wconf 84' lang='lat' dir='ltr'>Romani</span> <span class='ocrx_word' id='word_1_259' title='bbox 759 1538 791 1565; x_wconf 85' lang='lat' dir='ltr'>et</span> <span class='ocrx_word' id='word_1_260' title='bbox 831 1544 928 1577; x_wconf 81' lang='lat' dir='ltr'>reges</span> <span class='ocrx_word' id='word_1_261' title='bbox 956 1532 1092 1575; x_wconf 84' lang='lat' dir='ltr'>qnidam</span> <span class='ocrx_word' id='word_1_262' title='bbox 1119 1533 1294 1577; x_wconf 66' lang='lat' dir='ltr'>gentilium</span> <span class='ocrx_word' id='word_1_263' title='bbox 1307 1529 1331 1549; x_wconf 58' lang='lat'>¹³⁴</span> <span class='ocrx_word' id='word_1_264' title='bbox 1359 1532 1465 1564; x_wconf 86' lang='lat' dir='ltr'>aureis</span> <span class='ocrx_word' id='word_1_265' title='bbox 1500 1526 1666 1563; x_wconf 66' lang='lat' dir='ltr'>coronisffi</span> <span class='ocrx_word' id='word_1_266' title='bbox 1694 1531 1835 1560; x_wconf 91' lang='lat' dir='ltr'>utuntur.</span> 
     </span>
     <span class='ocr_line' id='line_1_44' title="bbox 77 1583 1089 1628; baseline 0.003 -14"><span class='ocrx_word' id='word_1_267' title='bbox 77 1583 174 1614; x_wconf 74' lang='lat' dir='ltr'>tiaras</span> <span class='ocrx_word' id='word_1_268' title='bbox 201 1590 341 1626; x_wconf 75' lang='lat' dir='ltr'>gerunt,</span> <span class='ocrx_word' id='word_1_269' title='bbox 375 1584 433 1617; x_wconf 79' lang='lat' dir='ltr'>sed</span> <span class='ocrx_word' id='word_1_270' title='bbox 462 1596 558 1628; x_wconf 82' lang='lat' dir='ltr'>reges</span> <span class='ocrx_word' id='word_1_271' title='bbox 586 1589 708 1625; x_wconf 79' lang='lat' dir='ltr'>rectas,</span> <span class='ocrx_word' id='word_1_272' title='bbox 752 1589 904 1628; x_wconf 72' lang='lat' dir='ltr'>satrapae</span> <span class='ocrx_word' id='word_1_273' title='bbox 931 1584 1089 1617; x_wconf 64' lang='lat' dir='ltr'>incurvas.</span> 
     </span>
     <span class='ocr_line' id='line_1_45' title="bbox 424 1633 1645 1680; baseline -0.002 -12"><span class='ocrx_word' id='word_1_274' title='bbox 424 1636 525 1677; x_wconf 82' lang='lat' dir='ltr'>Quod</span> <span class='ocrx_word' id='word_1_275' title='bbox 553 1647 658 1680; x_wconf 85' lang='lat' dir='ltr'>genus</span> <span class='ocrx_word' id='word_1_276' title='bbox 685 1636 869 1668; x_wconf 85' lang='lat' dir='ltr'>ornamenti</span> <span class='ocrx_word' id='word_1_277' title='bbox 897 1635 1014 1668; x_wconf 78' lang='lat' dir='ltr'>exinde</span> <span class='ocrx_word' id='word_1_278' title='bbox 1041 1647 1144 1677; x_wconf 72' lang='lat' dir='ltr'>usqne</span> <span class='ocrx_word' id='word_1_279' title='bbox 1170 1635 1274 1668; x_wconf 87' lang='lat' dir='ltr'>hodie</span> <span class='ocrx_word' id='word_1_280' title='bbox 1300 1646 1383 1679; x_wconf 85' lang='lat' dir='ltr'>gens</span> <span class='ocrx_word' id='word_1_281' title='bbox 1418 1635 1490 1678; x_wconf 84' lang='lat' dir='ltr'>ipsa</span> <span class='ocrx_word' id='word_1_282' title='bbox 1517 1633 1645 1666; x_wconf 84' lang='lat' dir='ltr'>retinet.</span> 
     </span>
     <span class='ocr_line' id='line_1_46' title="bbox 77 1682 1371 1730; baseline 0 -12"><span class='ocrx_word' id='word_1_283' title='bbox 77 1682 243 1718; x_wconf 72' lang='lat' dir='ltr'>cicatlas¹³⁷</span> <span class='ocrx_word' id='word_1_284' title='bbox 281 1696 397 1718; x_wconf 82' lang='lat' dir='ltr'>aureas</span> <span class='ocrx_word' id='word_1_285' title='bbox 431 1688 592 1730; x_wconf 85' lang='lat' dir='ltr'>gerebant</span> <span class='ocrx_word' id='word_1_286' title='bbox 619 1687 739 1730; x_wconf 87' lang='lat' dir='ltr'>partim</span> <span class='ocrx_word' id='word_1_287' title='bbox 766 1687 798 1719; x_wconf 92' lang='lat' dir='ltr'>in</span> <span class='ocrx_word' id='word_1_288' title='bbox 828 1688 968 1728; x_wconf 81' lang='lat' dir='ltr'>vertice,</span> <span class='ocrx_word' id='word_1_289' title='bbox 1009 1687 1157 1719; x_wconf 77' lang='lat' dir='ltr'>nonrmlli</span> <span class='ocrx_word' id='word_1_290' title='bbox 1188 1687 1219 1718; x_wconf 90' lang='lat' dir='ltr'>in</span> <span class='ocrx_word' id='word_1_291' title='bbox 1253 1687 1371 1719; x_wconf 83' lang='lat' dir='ltr'>fronte.</span> 
     </span>
     <span class='ocr_line' id='line_1_47' title="bbox 522 1731 1814 1782; baseline -0.005 -12"><span class='ocrx_word' id='word_1_292' title='bbox 522 1737 704 1771; x_wconf 86' lang='lat' dir='ltr'>Gentilium</span> <span class='ocrx_word' id='word_1_293' title='bbox 733 1744 822 1771; x_wconf 78' lang='lat' dir='ltr'>vates</span> <span class='ocrx_word' id='word_1_294' title='bbox 850 1739 989 1779; x_wconf 74' lang='lat' dir='ltr'>infulas,</span> <span class='ocrx_word' id='word_1_295' title='bbox 1018 1738 1146 1782; x_wconf 75' lang='lat' dir='ltr'>apices,</span> <span class='ocrx_word' id='word_1_296' title='bbox 1175 1739 1300 1782; x_wconf 78' lang='lat' dir='ltr'>pileos,</span> <span class='ocrx_word' id='word_1_297' title='bbox 1328 1739 1396 1771; x_wconf 84' lang='lat' dir='ltr'>sive</span> <span class='ocrx_word' id='word_1_298' title='bbox 1423 1736 1571 1782; x_wconf 86' lang='lat' dir='ltr'>galearia</span> <span class='ocrx_word' id='word_1_299' title='bbox 1582 1731 1606 1752; x_wconf 69' lang='lat'>‘⁵⁹</span> <span class='ocrx_word' id='word_1_300' title='bbox 1631 1734 1814 1766; x_wconf 88' lang='lat' dir='ltr'>utebantur.</span> 
     </span>
    </p>
   </div>
   <div class='ocr_carea' id='block_1_35' title="bbox 77 1634 467 1781">
    <p class='ocr_par' dir='ltr' id='par_1_35' title="bbox 77 1634 467 1781">
     <span class='ocr_line' id='line_1_48' title="bbox 78 1634 350 1678; baseline 0 -12"><span class='ocrx_word' id='word_1_301' title='bbox 78 1634 200 1666; x_wconf 90' lang='lat' dir='ltr'>riorum</span> <span class='ocrx_word' id='word_1_302' title='bbox 227 1635 350 1678; x_wconf 75' lang='lat' dir='ltr'>regina.</span> 
     </span>
     <span class='ocr_line' id='line_1_49' title="bbox 77 1736 467 1781; baseline 0.005 -13"><span class='ocrx_word' id='word_1_303' title='bbox 77 1736 214 1780; x_wconf 85' lang='lat' dir='ltr'>insignia</span> <span class='ocrx_word' id='word_1_304' title='bbox 241 1748 421 1781; x_wconf 75' lang='lat' dir='ltr'>regnorum</span> <span class='ocrx_word' id='word_1_305' title='bbox 433 1736 467 1770; x_wconf 64' lang='lat'>⁰³.</span> 
     </span>
    </p>
   </div>
   <div class='ocr_carea' id='block_1_36' title="bbox 78 1843 1026 2056">
    <p class='ocr_par' dir='ltr' id='par_1_36' title="bbox 78 1843 1026 2056">
     <span class='ocr_line' id='line_1_50' title="bbox 79 1843 1026 1886; baseline 0.003 -14"><span class='ocrx_word' id='word_1_306' title='bbox 79 1845 135 1874; x_wconf 90' lang='lat' dir='ltr'>Gu.</span> <span class='ocrx_word' id='word_1_307' title='bbox 161 1847 185 1874; x_wconf 91' lang='grc'>1.</span> <span class='ocrx_word' id='word_1_308' title='bbox 208 1860 248 1865; x_wconf 90' lang='grc'>-</span> <span class='ocrx_word' id='word_1_309' title='bbox 270 1843 319 1884; x_wconf 76' lang='grc'>39)</span> <span class='ocrx_word' id='word_1_310' title='bbox 343 1846 389 1873; x_wconf 63' lang='lat' dir='ltr'>rel</span> <span class='ocrx_word' id='word_1_311' title='bbox 410 1856 466 1874; x_wconf 78' lang='lat' dir='ltr'>oni.</span> <span class='ocrx_word' id='word_1_312' title='bbox 494 1846 524 1874; x_wconf 87' lang='lat' dir='ltr'>Z.</span> <span class='ocrx_word' id='word_1_313' title='bbox 547 1862 585 1868; x_wconf 94' lang='lat'>-—</span> <span class='ocrx_word' id='word_1_314' title='bbox 612 1848 660 1885; x_wconf 71' lang='lat'>40)</span> <span class='ocrx_word' id='word_1_315' title='bbox 682 1846 765 1886; x_wconf 76' lang='lat' dir='ltr'>quod</span> <span class='ocrx_word' id='word_1_316' title='bbox 786 1848 816 1875; x_wconf 92' lang='lat' dir='ltr'>Z.</span> <span class='ocrx_word' id='word_1_317' title='bbox 838 1863 878 1868; x_wconf 90' lang='lat'>—</span> <span class='ocrx_word' id='word_1_318' title='bbox 908 1847 952 1885; x_wconf 72' lang='lat'>41)</span> <span class='ocrx_word' id='word_1_319' title='bbox 974 1847 1026 1876; x_wconf 80' lang='lat' dir='ltr'>Vv.</span> 
     </span>
     <span class='ocr_line' id='line_1_51' title="bbox 79 1887 1026 1927; baseline 0.003 -13"><span class='ocrx_word' id='word_1_320' title='bbox 79 1888 169 1925; x_wconf 73' lang='lat' dir='ltr'>quasi</span> <span class='ocrx_word' id='word_1_321' title='bbox 194 1894 313 1914; x_wconf 70' lang='lat' dir='ltr'>metaxa</span> <span class='ocrx_word' id='word_1_322' title='bbox 340 1887 441 1916; x_wconf 82' lang='lat' dir='ltr'>addidi</span> <span class='ocrx_word' id='word_1_323' title='bbox 461 1898 474 1916; x_wconf 88' lang='lat' dir='ltr'>e</span> <span class='ocrx_word' id='word_1_324' title='bbox 489 1889 520 1916; x_wconf 88' lang='lat' dir='ltr'>Z.</span> <span class='ocrx_word' id='word_1_325' title='bbox 538 1889 633 1918; x_wconf 83' lang='lat' dir='ltr'>Gn.1.</span> <span class='ocrx_word' id='word_1_326' title='bbox 656 1892 683 1920; x_wconf 75' lang='grc'>2.</span> <span class='ocrx_word' id='word_1_327' title='bbox 706 1900 750 1920; x_wconf 76' lang='lat' dir='ltr'>va,</span> <span class='ocrx_word' id='word_1_328' title='bbox 777 1890 825 1918; x_wconf 82' lang='lat' dir='ltr'>Ar.</span> <span class='ocrx_word' id='word_1_329' title='bbox 849 1900 891 1927; x_wconf 86' lang='lat' dir='ltr'>pr.</span> <span class='ocrx_word' id='word_1_330' title='bbox 915 1906 957 1911; x_wconf 95' lang='lat'>—</span> <span class='ocrx_word' id='word_1_331' title='bbox 979 1890 1026 1927; x_wconf 56' lang='lat'>²22)</span> 
     </span>
     <span class='ocr_line' id='line_1_52' title="bbox 78 1929 1026 1968; baseline 0.004 -13"><span class='ocrx_word' id='word_1_332' title='bbox 78 1929 194 1957; x_wconf 73' lang='lat' dir='ltr'>dicitur</span> <span class='ocrx_word' id='word_1_333' title='bbox 215 1929 282 1956; x_wconf 84' lang='lat' dir='ltr'>add.</span> <span class='ocrx_word' id='word_1_334' title='bbox 305 1930 384 1967; x_wconf 85' lang='lat' dir='ltr'>vulg.</span> <span class='ocrx_word' id='word_1_335' title='bbox 399 1946 440 1951; x_wconf 89' lang='lat'><em>—</em></span> <span class='ocrx_word' id='word_1_336' title='bbox 464 1931 530 1958; x_wconf 88' lang='lat' dir='ltr'>Om.</span> <span class='ocrx_word' id='word_1_337' title='bbox 552 1931 583 1960; x_wconf 94' lang='lat' dir='ltr'>Z.</span> <span class='ocrx_word' id='word_1_338' title='bbox 607 1932 663 1960; x_wconf 84' lang='lat' dir='ltr'>Gn.</span> <span class='ocrx_word' id='word_1_339' title='bbox 678 1935 706 1963; x_wconf 88' lang='lat'>1.</span> <span class='ocrx_word' id='word_1_340' title='bbox 721 1935 749 1962; x_wconf 73' lang='lat'>2.</span> <span class='ocrx_word' id='word_1_341' title='bbox 775 1948 814 1953; x_wconf 88' lang='lat'><strong>—</strong></span> <span class='ocrx_word' id='word_1_342' title='bbox 839 1933 887 1968; x_wconf 52' lang='grc' dir='ltr'>ὓ)</span> <span class='ocrx_word' id='word_1_343' title='bbox 911 1932 1026 1959; x_wconf 65' lang='lat' dir='ltr'>Lobel-</span> 
     </span>
     <span class='ocr_line' id='line_1_53' title="bbox 79 1972 1022 2004; baseline 0.003 -5"><span class='ocrx_word' id='word_1_344' title='bbox 79 1972 143 1999; x_wconf 78' lang='lat' dir='ltr'>lum</span> <span class='ocrx_word' id='word_1_345' title='bbox 166 1972 197 2000; x_wconf 91' lang='lat' dir='ltr'>Z.</span> <span class='ocrx_word' id='word_1_346' title='bbox 220 1987 261 1992; x_wconf 92' lang='lat'><strong>—</strong></span> <span class='ocrx_word' id='word_1_347' title='bbox 293 1972 476 1999; x_wconf 73' lang='lat' dir='ltr'>Glomellam</span> <span class='ocrx_word' id='word_1_348' title='bbox 503 1974 559 2002; x_wconf 89' lang='lat' dir='ltr'>Gu.</span> <span class='ocrx_word' id='word_1_349' title='bbox 583 1976 610 2003; x_wconf 90' lang='lat'>1.</span> <span class='ocrx_word' id='word_1_350' title='bbox 638 1991 679 1996; x_wconf 91' lang='lat'><strong>—</strong></span> <span class='ocrx_word' id='word_1_351' title='bbox 709 1974 879 2003; x_wconf 62' lang='lat' dir='ltr'>Globellmn</span> <span class='ocrx_word' id='word_1_352' title='bbox 910 1984 956 2004; x_wconf 85' lang='lat' dir='ltr'>va.</span> <span class='ocrx_word' id='word_1_353' title='bbox 987 1991 1022 1996; x_wconf 91' lang='lat'>—-</span> 
     </span>
     <span class='ocr_line' id='line_1_54' title="bbox 78 2014 1025 2056; baseline 0.003 -14"><span class='ocrx_word' id='word_1_354' title='bbox 78 2016 126 2051; x_wconf 74' lang='lat'>44)</span> <span class='ocrx_word' id='word_1_355' title='bbox 150 2016 242 2052; x_wconf 64' lang='lat' dir='ltr'>quasi</span> <span class='ocrx_word' id='word_1_356' title='bbox 259 2024 395 2051; x_wconf 66' lang='lat' dir='ltr'>parvam,</span> <span class='ocrx_word' id='word_1_357' title='bbox 419 2014 545 2053; x_wconf 77' lang='lat' dir='ltr'>globum</span> <span class='ocrx_word' id='word_1_358' title='bbox 567 2025 614 2043; x_wconf 77' lang='lat' dir='ltr'>va.</span> <span class='ocrx_word' id='word_1_359' title='bbox 646 2033 679 2037; x_wconf 88' lang='lat'>—</span> <span class='ocrx_word' id='word_1_360' title='bbox 712 2017 757 2056; x_wconf 79' lang='lat'>45)</span> <span class='ocrx_word' id='word_1_361' title='bbox 785 2017 903 2044; x_wconf 75' lang='lat' dir='ltr'>Panull</span> <span class='ocrx_word' id='word_1_362' title='bbox 925 2017 981 2045; x_wconf 89' lang='lat' dir='ltr'>Gu.</span> <span class='ocrx_word' id='word_1_363' title='bbox 1000 2020 1025 2047; x_wconf 92' lang='lat'>1.</span> 
     </span>
    </p>
   </div>
   <div class='ocr_carea' id='block_1_37' title="bbox 78 2057 1026 2432">
    <p class='ocr_par' dir='ltr' id='par_1_37' title="bbox 78 2057 1026 2432">
     <span class='ocr_line' id='line_1_55' title="bbox 78 2057 1025 2097; baseline 0.002 -12"><span class='ocrx_word' id='word_1_364' title='bbox 78 2059 108 2087; x_wconf 83' lang='lat'>2.</span> <span class='ocrx_word' id='word_1_365' title='bbox 126 2072 165 2077; x_wconf 91' lang='lat'>—-</span> <span class='ocrx_word' id='word_1_366' title='bbox 188 2057 350 2084; x_wconf 71' lang='lat' dir='ltr'>l’annulae</span> <span class='ocrx_word' id='word_1_367' title='bbox 365 2067 410 2085; x_wconf 85' lang='lat' dir='ltr'>va.</span> <span class='ocrx_word' id='word_1_368' title='bbox 433 2073 473 2078; x_wconf 94' lang='lat'><strong>—</strong></span> <span class='ocrx_word' id='word_1_369' title='bbox 497 2057 583 2094; x_wconf 87' lang='lat' dir='ltr'>Vulg.</span> <span class='ocrx_word' id='word_1_370' title='bbox 606 2057 673 2086; x_wconf 84' lang='lat' dir='ltr'>add.</span> <span class='ocrx_word' id='word_1_371' title='bbox 696 2060 743 2087; x_wconf 62' lang='lat' dir='ltr'>vel</span> <span class='ocrx_word' id='word_1_372' title='bbox 757 2060 921 2097; x_wconf 74' lang='lat' dir='ltr'>panuclae,</span> <span class='ocrx_word' id='word_1_373' title='bbox 945 2060 1025 2097; x_wconf 87' lang='lat' dir='ltr'>quod</span> 
     </span>
     <span class='ocr_line' id='line_1_56' title="bbox 79 2099 1026 2142; baseline 0.004 -16"><span class='ocrx_word' id='word_1_374' title='bbox 79 2109 135 2126; x_wconf 88' lang='lat' dir='ltr'>om.</span> <span class='ocrx_word' id='word_1_375' title='bbox 160 2099 188 2126; x_wconf 91' lang='lat' dir='ltr'>Z.</span> <span class='ocrx_word' id='word_1_376' title='bbox 213 2100 267 2126; x_wconf 85' lang='lat' dir='ltr'>Gu.</span> <span class='ocrx_word' id='word_1_377' title='bbox 289 2102 316 2130; x_wconf 91' lang='lat'>1.</span> <span class='ocrx_word' id='word_1_378' title='bbox 335 2102 362 2130; x_wconf 80' lang='lat'>2.</span> <span class='ocrx_word' id='word_1_379' title='bbox 387 2109 433 2127; x_wconf 76' lang='lat' dir='ltr'>va.</span> <span class='ocrx_word' id='word_1_380' title='bbox 479 2099 603 2127; x_wconf 75' lang='lat' dir='ltr'>Inclusit</span> <span class='ocrx_word' id='word_1_381' title='bbox 626 2101 711 2129; x_wconf 81' lang='lat' dir='ltr'>Arev.</span> <span class='ocrx_word' id='word_1_382' title='bbox 739 2120 776 2124; x_wconf 86' lang='lat'><strong>—</strong></span> <span class='ocrx_word' id='word_1_383' title='bbox 810 2101 856 2142; x_wconf 74' lang='lat'>46)</span> <span class='ocrx_word' id='word_1_384' title='bbox 880 2103 946 2139; x_wconf 62' lang='lat' dir='ltr'>[pst</span> <span class='ocrx_word' id='word_1_385' title='bbox 969 2102 1026 2130; x_wconf 79' lang='lat' dir='ltr'>Gu-</span> 
     </span>
     <span class='ocr_line' id='line_1_57' title="bbox 80 2140 1025 2183; baseline 0.005 -16"><span class='ocrx_word' id='word_1_386' title='bbox 80 2144 106 2172; x_wconf 78' lang='lat'>1.</span> <span class='ocrx_word' id='word_1_387' title='bbox 129 2157 169 2163; x_wconf 91' lang='lat'>-—</span> <span class='ocrx_word' id='word_1_388' title='bbox 199 2140 245 2180; x_wconf 67' lang='lat'>47)</span> <span class='ocrx_word' id='word_1_389' title='bbox 269 2141 317 2169; x_wconf 84' lang='lat' dir='ltr'>Sic</span> <span class='ocrx_word' id='word_1_390' title='bbox 340 2142 396 2171; x_wconf 91' lang='lat' dir='ltr'>Gu.</span> <span class='ocrx_word' id='word_1_391' title='bbox 420 2144 447 2173; x_wconf 92' lang='lat'>1.</span> <span class='ocrx_word' id='word_1_392' title='bbox 471 2143 497 2172; x_wconf 81' lang='grc'>2-</span> <span class='ocrx_word' id='word_1_393' title='bbox 524 2157 563 2162; x_wconf 90' lang='grc'>-</span> <span class='ocrx_word' id='word_1_394' title='bbox 586 2143 660 2179; x_wconf 78' lang='lat' dir='ltr'>qula</span> <span class='ocrx_word' id='word_1_395' title='bbox 682 2143 763 2181; x_wconf 80' lang='lat' dir='ltr'>vulg.</span> <span class='ocrx_word' id='word_1_396' title='bbox 792 2161 835 2166; x_wconf 95' lang='lat'>—</span> <span class='ocrx_word' id='word_1_397' title='bbox 869 2143 917 2183; x_wconf 60' lang='grc'>43)</span> <span class='ocrx_word' id='word_1_398' title='bbox 942 2143 1025 2172; x_wconf 79' lang='lat' dir='ltr'>dicta</span> 
     </span>
     <span class='ocr_line' id='line_1_58' title="bbox 78 2183 1024 2224; baseline 0.004 -14"><span class='ocrx_word' id='word_1_399' title='bbox 78 2183 179 2211; x_wconf 81' lang='lat' dir='ltr'>addidi</span> <span class='ocrx_word' id='word_1_400' title='bbox 203 2193 216 2211; x_wconf 86' lang='lat' dir='ltr'>e</span> <span class='ocrx_word' id='word_1_401' title='bbox 240 2183 296 2213; x_wconf 87' lang='lat' dir='ltr'>Gu.</span> <span class='ocrx_word' id='word_1_402' title='bbox 315 2186 340 2214; x_wconf 84' lang='lat'>1.</span> <span class='ocrx_word' id='word_1_403' title='bbox 365 2200 406 2205; x_wconf 96' lang='lat'><strong>—</strong></span> <span class='ocrx_word' id='word_1_404' title='bbox 434 2183 479 2222; x_wconf 70' lang='lat'>49)</span> <span class='ocrx_word' id='word_1_405' title='bbox 503 2184 552 2211; x_wconf 91' lang='lat' dir='ltr'>Sic</span> <span class='ocrx_word' id='word_1_406' title='bbox 584 2185 638 2212; x_wconf 77' lang='lat' dir='ltr'>Gu.</span> <span class='ocrx_word' id='word_1_407' title='bbox 658 2187 683 2215; x_wconf 81' lang='grc'>1.</span> <span class='ocrx_word' id='word_1_408' title='bbox 705 2185 754 2213; x_wconf 89' lang='lat' dir='ltr'>Ar.</span> <span class='ocrx_word' id='word_1_409' title='bbox 778 2203 811 2207; x_wconf 90' lang='lat'>—</span> <span class='ocrx_word' id='word_1_410' title='bbox 846 2189 921 2214; x_wconf 68' lang='lat' dir='ltr'>inter</span> <span class='ocrx_word' id='word_1_411' title='bbox 944 2187 1024 2224; x_wconf 79' lang='lat' dir='ltr'>vulg.</span> 
     </span>
     <span class='ocr_line' id='line_1_59' title="bbox 81 2225 1025 2267; baseline 0.003 -14"><span class='ocrx_word' id='word_1_412' title='bbox 81 2243 115 2246; x_wconf 97' lang='lat'><strong>—</strong></span> <span class='ocrx_word' id='word_1_413' title='bbox 145 2229 190 2258; x_wconf 74' lang='lat'>50&gt;</span> <span class='ocrx_word' id='word_1_414' title='bbox 215 2226 262 2253; x_wconf 87' lang='lat' dir='ltr'>Sic</span> <span class='ocrx_word' id='word_1_415' title='bbox 285 2226 340 2254; x_wconf 88' lang='lat' dir='ltr'>Gu.</span> <span class='ocrx_word' id='word_1_416' title='bbox 368 2229 392 2257; x_wconf 87' lang='lat'>1.</span> <span class='ocrx_word' id='word_1_417' title='bbox 412 2225 464 2255; x_wconf 86' lang='lat' dir='ltr'>Ar.</span> <span class='ocrx_word' id='word_1_418' title='bbox 492 2243 533 2247; x_wconf 84' lang='lat'>——</span> <span class='ocrx_word' id='word_1_419' title='bbox 566 2225 674 2254; x_wconf 69' lang='lat' dir='ltr'>ordire</span> <span class='ocrx_word' id='word_1_420' title='bbox 696 2228 777 2263; x_wconf 69' lang='lat' dir='ltr'>vulg.</span> <span class='ocrx_word' id='word_1_421' title='bbox 801 2245 838 2250; x_wconf 91' lang='lat'>—</span> <span class='ocrx_word' id='word_1_422' title='bbox 864 2228 908 2267; x_wconf 83' lang='lat'>51)</span> <span class='ocrx_word' id='word_1_423' title='bbox 932 2235 1025 2256; x_wconf 64' lang='lat' dir='ltr'>texere</span> 
     </span>
     <span class='ocr_line' id='line_1_60' title="bbox 79 2268 1023 2307; baseline 0.005 -13"><span class='ocrx_word' id='word_1_424' title='bbox 79 2274 120 2295; x_wconf 72' lang='lat' dir='ltr'>est</span> <span class='ocrx_word' id='word_1_425' title='bbox 142 2268 172 2295; x_wconf 94' lang='lat' dir='ltr'>Z.</span> <span class='ocrx_word' id='word_1_426' title='bbox 196 2282 235 2288; x_wconf 90' lang='lat'><strong>—</strong></span> <span class='ocrx_word' id='word_1_427' title='bbox 259 2274 299 2294; x_wconf 70' lang='lat' dir='ltr'>est</span> <span class='ocrx_word' id='word_1_428' title='bbox 322 2279 378 2296; x_wconf 87' lang='lat' dir='ltr'>om.</span> <span class='ocrx_word' id='word_1_429' title='bbox 403 2268 454 2297; x_wconf 83' lang='lat' dir='ltr'>Ar.</span> <span class='ocrx_word' id='word_1_430' title='bbox 485 2285 525 2290; x_wconf 96' lang='lat'>—</span> <span class='ocrx_word' id='word_1_431' title='bbox 559 2269 606 2304; x_wconf 68' lang='lat'>52)</span> <span class='ocrx_word' id='word_1_432' title='bbox 637 2268 706 2307; x_wconf 84' lang='lat' dir='ltr'>Cap.</span> <span class='ocrx_word' id='word_1_433' title='bbox 736 2270 825 2298; x_wconf 77' lang='lat' dir='ltr'>XXX</span> <span class='ocrx_word' id='word_1_434' title='bbox 856 2276 884 2299; x_wconf 85' lang='lat' dir='ltr'>et</span> <span class='ocrx_word' id='word_1_435' title='bbox 913 2271 1023 2300; x_wconf 74' lang='lat' dir='ltr'>XXXI.</span> 
     </span>
     <span class='ocr_line' id='line_1_61' title="bbox 80 2309 1023 2353; baseline 0.003 -16"><span class='ocrx_word' id='word_1_436' title='bbox 80 2320 137 2339; x_wconf 87' lang='lat' dir='ltr'>om.</span> <span class='ocrx_word' id='word_1_437' title='bbox 167 2309 232 2337; x_wconf 84' lang='lat' dir='ltr'>cod.</span> <span class='ocrx_word' id='word_1_438' title='bbox 257 2309 324 2338; x_wconf 86' lang='lat' dir='ltr'>Zitt.</span> <span class='ocrx_word' id='word_1_439' title='bbox 358 2327 398 2331; x_wconf 88' lang='lat'><strong>—</strong></span> <span class='ocrx_word' id='word_1_440' title='bbox 433 2309 482 2350; x_wconf 87' lang='lat'>53)</span> <span class='ocrx_word' id='word_1_441' title='bbox 512 2312 663 2338; x_wconf 67' lang='lat' dir='ltr'>veniemus</span> <span class='ocrx_word' id='word_1_442' title='bbox 699 2312 755 2338; x_wconf 82' lang='lat' dir='ltr'>Gu.</span> <span class='ocrx_word' id='word_1_443' title='bbox 780 2315 807 2342; x_wconf 80' lang='grc'>2.</span> <span class='ocrx_word' id='word_1_444' title='bbox 837 2329 878 2334; x_wconf 85' lang='grc'><strong>-</strong></span> <span class='ocrx_word' id='word_1_445' title='bbox 914 2311 962 2353; x_wconf 62' lang='lat'>5⁴)</span> <span class='ocrx_word' id='word_1_446' title='bbox 993 2324 1023 2340; x_wconf 73' lang='lat' dir='ltr'>eo</span> 
     </span>
     <span class='ocr_line' id='line_1_62' title="bbox 81 2349 1024 2390; baseline 0.004 -11"><span class='ocrx_word' id='word_1_447' title='bbox 81 2350 161 2389; x_wconf 82' lang='lat' dir='ltr'>quod</span> <span class='ocrx_word' id='word_1_448' title='bbox 183 2352 237 2380; x_wconf 89' lang='lat' dir='ltr'>Gu.</span> <span class='ocrx_word' id='word_1_449' title='bbox 257 2353 286 2382; x_wconf 79' lang='grc'>2.</span> <span class='ocrx_word' id='word_1_450' title='bbox 312 2367 353 2372; x_wconf 88' lang='lat'>--</span> <span class='ocrx_word' id='word_1_451' title='bbox 375 2349 423 2390; x_wconf 86' lang='lat'>55)</span> <span class='ocrx_word' id='word_1_452' title='bbox 445 2362 556 2389; x_wconf 79' lang='lat' dir='ltr'>oraque</span> <span class='ocrx_word' id='word_1_453' title='bbox 580 2354 686 2380; x_wconf 62' lang='lat' dir='ltr'>vulcus</span> <span class='ocrx_word' id='word_1_454' title='bbox 710 2353 764 2380; x_wconf 91' lang='lat' dir='ltr'>Gu.</span> <span class='ocrx_word' id='word_1_455' title='bbox 787 2356 812 2384; x_wconf 86' lang='lat'>1.</span> <span class='ocrx_word' id='word_1_456' title='bbox 835 2370 876 2375; x_wconf 90' lang='lat'><strong>—</strong></span> <span class='ocrx_word' id='word_1_457' title='bbox 904 2357 951 2389; x_wconf 84' lang='lat'>56)</span> <span class='ocrx_word' id='word_1_458' title='bbox 975 2356 1024 2383; x_wconf 80' lang='lat' dir='ltr'>Sic</span> 
     </span>
     <span class='ocr_line' id='line_1_63' title="bbox 81 2395 1023 2432; baseline 0.002 -10"><span class='ocrx_word' id='word_1_459' title='bbox 81 2395 136 2422; x_wconf 87' lang='lat' dir='ltr'>Gu.</span> <span class='ocrx_word' id='word_1_460' title='bbox 158 2397 184 2424; x_wconf 90' lang='lat'>1.</span> <span class='ocrx_word' id='word_1_461' title='bbox 206 2410 247 2415; x_wconf 89' lang='lat'><em>-</em></span> <span class='ocrx_word' id='word_1_462' title='bbox 267 2395 407 2421; x_wconf 70' lang='lat' dir='ltr'>Primum</span> <span class='ocrx_word' id='word_1_463' title='bbox 429 2399 636 2422; x_wconf 76' lang='lat' dir='ltr'>ornamentum</span> <span class='ocrx_word' id='word_1_464' title='bbox 660 2395 740 2432; x_wconf 85' lang='lat' dir='ltr'>vulg.</span> <span class='ocrx_word' id='word_1_465' title='bbox 776 2412 810 2416; x_wconf 92' lang='lat'><strong>—</strong></span> <span class='ocrx_word' id='word_1_466' title='bbox 842 2397 948 2423; x_wconf 82' lang='lat' dir='ltr'>Prima</span> <span class='ocrx_word' id='word_1_467' title='bbox 973 2408 1023 2424; x_wconf 77' lang='lat' dir='ltr'>or—</span> 
     </span>
    </p>
   </div>
   <div class='ocr_carea' id='block_1_38' title="bbox 124 2443 441 2471">
    <p class='ocr_par' dir='ltr' id='par_1_38' title="bbox 124 2443 441 2471">
     <span class='ocr_line' id='line_1_64' title="bbox 124 2443 441 2471; baseline 0.006 -2"><span class='ocrx_word' id='word_1_468' title='bbox 124 2443 285 2470; x_wconf 72' lang='lat' dir='ltr'>GRAMMAT.</span> <span class='ocrx_word' id='word_1_469' title='bbox 308 2453 372 2471; x_wconf 74' lang='lat' dir='ltr'>LAT.</span> <span class='ocrx_word' id='word_1_470' title='bbox 392 2443 441 2471; x_wconf 85' lang='lat' dir='ltr'>Ill.</span> 
     </span>
    </p>
   </div>
   <div class='ocr_carea' id='block_1_39' title="bbox 1906 1526 2023 1559">
    <p class='ocr_par' dir='ltr' id='par_1_39' title="bbox 1906 1526 2023 1559">
     <span class='ocr_line' id='line_1_65' title="bbox 1906 1526 2023 1559; baseline 0 -1"><span class='ocrx_word' id='word_1_471' title='bbox 1906 1526 2023 1559; x_wconf 82' lang='lat' dir='ltr'>Persae</span> 
     </span>
    </p>
   </div>
   <div class='ocr_carea' id='block_1_40' title="bbox 1159 1577 2023 1663">
    <p class='ocr_par' dir='ltr' id='par_1_40' title="bbox 1159 1577 2023 1663">
     <span class='ocr_line' id='line_1_66' title="bbox 1159 1577 2023 1627; baseline -0.009 -11"><span class='ocrx_word' id='word_1_472' title='bbox 1159 1585 1308 1627; x_wconf 73' lang='lat' dir='ltr'>Reperta</span> <span class='ocrx_word' id='word_1_473' title='bbox 1335 1588 1444 1616; x_wconf 89' lang='lat' dir='ltr'>autem</span> <span class='ocrx_word' id='word_1_474' title='bbox 1478 1579 1595 1614; x_wconf 66' lang='lat' dir='ltr'>tiara‘ffi</span> <span class='ocrx_word' id='word_1_475' title='bbox 1625 1593 1644 1612; x_wconf 87' lang='lat' dir='ltr'>a</span> <span class='ocrx_word' id='word_1_476' title='bbox 1675 1577 1894 1612; x_wconf 83' lang='lat' dir='ltr'>Semiramide</span> <span class='ocrx_word' id='word_1_477' title='bbox 1922 1578 2023 1621; x_wconf 73' lang='lat' dir='ltr'>Assy-</span> 
     </span>
     <span class='ocr_line' id='line_1_67' title="bbox 1698 1630 2023 1663; baseline 0 -1"><span class='ocrx_word' id='word_1_478' title='bbox 1698 1630 1913 1663; x_wconf 68' lang='lat' dir='ltr'>Athenienses</span> <span class='ocrx_word' id='word_1_479' title='bbox 1937 1630 2023 1662; x_wconf 86' lang='lat' dir='ltr'>enim</span> 
     </span>
    </p>
   </div>
   <div class='ocr_carea' id='block_1_41' title="bbox 1440 1682 2023 1718">
    <p class='ocr_par' dir='ltr' id='par_1_41' title="bbox 1440 1682 2023 1718">
     <span class='ocr_line' id='line_1_68' title="bbox 1440 1682 2023 1718; baseline -0.01 0"><span class='ocrx_word' id='word_1_480' title='bbox 1440 1686 1516 1718; x_wconf 87' lang='lat' dir='ltr'>Non</span> <span class='ocrx_word' id='word_1_481' title='bbox 1546 1684 1631 1717; x_wconf 88' lang='lat' dir='ltr'>enim</span> <span class='ocrx_word' id='word_1_482' title='bbox 1668 1682 1786 1715; x_wconf 79' lang='lat' dir='ltr'>eadem</span> <span class='ocrx_word' id='word_1_483' title='bbox 1814 1686 1886 1713; x_wconf 80' lang='lat' dir='ltr'>sunt</span> <span class='ocrx_word' id='word_1_484' title='bbox 1913 1682 2023 1713; x_wconf 89' lang='lat' dir='ltr'>omnia</span> 
     </span>
    </p>
   </div>
   <div class='ocr_carea' id='block_1_42' title="bbox 1068 1840 2020 2264">
    <p class='ocr_par' dir='ltr' id='par_1_42' title="bbox 1068 1840 2020 2264">
     <span class='ocr_line' id='line_1_69' title="bbox 1071 1840 2020 1884; baseline -0.006 -10"><span class='ocrx_word' id='word_1_485' title='bbox 1071 1850 1205 1875; x_wconf 74' lang='lat' dir='ltr'>namenlc‘</span> <span class='ocrx_word' id='word_1_486' title='bbox 1229 1848 1282 1876; x_wconf 86' lang='lat' dir='ltr'>Gu.</span> <span class='ocrx_word' id='word_1_487' title='bbox 1299 1850 1326 1877; x_wconf 76' lang='grc'>2.</span> <span class='ocrx_word' id='word_1_488' title='bbox 1353 1863 1388 1867; x_wconf 94' lang='grc'><strong>-</strong></span> <span class='ocrx_word' id='word_1_489' title='bbox 1420 1843 1467 1884; x_wconf 80' lang='lat'>57)</span> <span class='ocrx_word' id='word_1_490' title='bbox 1492 1843 1557 1871; x_wconf 74' lang='lat' dir='ltr'>ideo</span> <span class='ocrx_word' id='word_1_491' title='bbox 1581 1843 1647 1871; x_wconf 69' lang='lat' dir='ltr'>add.</span> <span class='ocrx_word' id='word_1_492' title='bbox 1673 1842 1753 1878; x_wconf 72' lang='lat' dir='ltr'>vulg.</span> <span class='ocrx_word' id='word_1_493' title='bbox 1774 1858 1811 1861; x_wconf 90' lang='lat'>—</span> <span class='ocrx_word' id='word_1_494' title='bbox 1837 1840 1902 1869; x_wconf 89' lang='lat' dir='ltr'>Om.</span> <span class='ocrx_word' id='word_1_495' title='bbox 1927 1842 2020 1872; x_wconf 68' lang='lat' dir='ltr'>Gu.1‚</span> 
     </span>
     <span class='ocr_line' id='line_1_70' title="bbox 1072 1883 2020 1923; baseline -0.008 -5"><span class='ocrx_word' id='word_1_496' title='bbox 1072 1891 1119 1918; x_wconf 76' lang='lat' dir='ltr'>Ar.</span> <span class='ocrx_word' id='word_1_497' title='bbox 1148 1906 1190 1911; x_wconf 89' lang='lat'>—</span> <span class='ocrx_word' id='word_1_498' title='bbox 1227 1893 1270 1923; x_wconf 64' lang='lat'>58)</span> <span class='ocrx_word' id='word_1_499' title='bbox 1302 1889 1350 1917; x_wconf 88' lang='lat' dir='ltr'>Sic</span> <span class='ocrx_word' id='word_1_500' title='bbox 1386 1888 1442 1915; x_wconf 90' lang='lat' dir='ltr'>Gu.</span> <span class='ocrx_word' id='word_1_501' title='bbox 1465 1890 1490 1917; x_wconf 87' lang='lat'>1.</span> <span class='ocrx_word' id='word_1_502' title='bbox 1514 1890 1542 1918; x_wconf 80' lang='grc'>2.</span> <span class='ocrx_word' id='word_1_503' title='bbox 1569 1886 1605 1914; x_wconf 83' lang='lat' dir='ltr'>al.</span> <span class='ocrx_word' id='word_1_504' title='bbox 1635 1895 1680 1913; x_wconf 87' lang='lat' dir='ltr'>va.</span> <span class='ocrx_word' id='word_1_505' title='bbox 1711 1900 1751 1905; x_wconf 91' lang='lat'>-—</span> <span class='ocrx_word' id='word_1_506' title='bbox 1785 1883 2020 1921; x_wconf 70' lang='lat' dir='ltr'>-sigm&#39;ficandam</span> 
     </span>
     <span class='ocr_line' id='line_1_71' title="bbox 1072 1926 2020 1968; baseline -0.007 -9"><span class='ocrx_word' id='word_1_507' title='bbox 1072 1932 1147 1967; x_wconf 63' lang='lat' dir='ltr'>vulg.</span> <span class='ocrx_word' id='word_1_508' title='bbox 1174 1949 1211 1953; x_wconf 81' lang='lat'>—-</span> <span class='ocrx_word' id='word_1_509' title='bbox 1233 1933 1278 1968; x_wconf 78' lang='lat'>59)</span> <span class='ocrx_word' id='word_1_510' title='bbox 1303 1936 1422 1958; x_wconf 78' lang='lat' dir='ltr'>mutata</span> <span class='ocrx_word' id='word_1_511' title='bbox 1446 1929 1502 1957; x_wconf 77' lang='lat' dir='ltr'>Gn.</span> <span class='ocrx_word' id='word_1_512' title='bbox 1518 1931 1547 1959; x_wconf 75' lang='lat'>2.</span> <span class='ocrx_word' id='word_1_513' title='bbox 1564 1944 1603 1948; x_wconf 90' lang='lat'>——-</span> <span class='ocrx_word' id='word_1_514' title='bbox 1629 1928 1695 1955; x_wconf 86' lang='lat' dir='ltr'>Om.</span> <span class='ocrx_word' id='word_1_515' title='bbox 1720 1936 1765 1953; x_wconf 81' lang='lat' dir='ltr'>va.</span> <span class='ocrx_word' id='word_1_516' title='bbox 1785 1944 1822 1948; x_wconf 89' lang='lat'><strong>—</strong></span> <span class='ocrx_word' id='word_1_517' title='bbox 1847 1926 1892 1965; x_wconf 85' lang='lat'>60)</span> <span class='ocrx_word' id='word_1_518' title='bbox 1909 1936 1946 1953; x_wconf 81' lang='lat' dir='ltr'>ac</span> <span class='ocrx_word' id='word_1_519' title='bbox 1965 1935 2020 1964; x_wconf 87' lang='lat' dir='ltr'>pro</span> 
     </span>
     <span class='ocr_line' id='line_1_72' title="bbox 1069 1968 2020 2011; baseline -0.008 -10"><span class='ocrx_word' id='word_1_520' title='bbox 1069 1980 1096 2001; x_wconf 72' lang='lat' dir='ltr'>et</span> <span class='ocrx_word' id='word_1_521' title='bbox 1121 1975 1177 2002; x_wconf 91' lang='lat' dir='ltr'>Gu.</span> <span class='ocrx_word' id='word_1_522' title='bbox 1204 1977 1229 2005; x_wconf 84' lang='lat'>1.</span> <span class='ocrx_word' id='word_1_523' title='bbox 1253 1977 1281 2005; x_wconf 83' lang='grc'>2.</span> <span class='ocrx_word' id='word_1_524' title='bbox 1308 1984 1353 2011; x_wconf 90' lang='lat' dir='ltr'>pr.</span> <span class='ocrx_word' id='word_1_525' title='bbox 1378 1982 1422 2001; x_wconf 83' lang='lat' dir='ltr'>va.</span> <span class='ocrx_word' id='word_1_526' title='bbox 1446 1987 1489 1993; x_wconf 91' lang='lat'>—·</span> <span class='ocrx_word' id='word_1_527' title='bbox 1524 1970 1569 2009; x_wconf 86' lang='lat'>61)</span> <span class='ocrx_word' id='word_1_528' title='bbox 1594 1971 1642 1998; x_wconf 80' lang='lat' dir='ltr'>Sic</span> <span class='ocrx_word' id='word_1_529' title='bbox 1666 1970 1720 1997; x_wconf 80' lang='lat' dir='ltr'>Gn.</span> <span class='ocrx_word' id='word_1_530' title='bbox 1744 1972 1768 1999; x_wconf 87' lang='lat' dir='ltr'>l.</span> <span class='ocrx_word' id='word_1_531' title='bbox 1789 1972 1817 2000; x_wconf 80' lang='lat'>2.</span> <span class='ocrx_word' id='word_1_532' title='bbox 1841 1968 1876 1996; x_wconf 84' lang='lat' dir='ltr'>al.</span> <span class='ocrx_word' id='word_1_533' title='bbox 1902 1984 1942 1990; x_wconf 90' lang='lat'>—-</span> <span class='ocrx_word' id='word_1_534' title='bbox 1973 1978 2020 1993; x_wconf 75' lang='lat' dir='ltr'>co-</span> 
     </span>
     <span class='ocr_line' id='line_1_73' title="bbox 1068 2009 2018 2052; baseline -0.008 -8"><span class='ocrx_word' id='word_1_535' title='bbox 1068 2028 1143 2044; x_wconf 77' lang='lat' dir='ltr'>rona</span> <span class='ocrx_word' id='word_1_536' title='bbox 1165 2018 1232 2052; x_wconf 73' lang='lat' dir='ltr'>fait</span> <span class='ocrx_word' id='word_1_537' title='bbox 1253 2015 1333 2052; x_wconf 87' lang='lat' dir='ltr'>vulg.</span> <span class='ocrx_word' id='word_1_538' title='bbox 1357 2031 1398 2035; x_wconf 90' lang='lat'>——-</span> <span class='ocrx_word' id='word_1_539' title='bbox 1435 2014 1483 2051; x_wconf 71' lang='lat'>62)</span> <span class='ocrx_word' id='word_1_540' title='bbox 1506 2024 1538 2041; x_wconf 79' lang='lat' dir='ltr'>eo</span> <span class='ocrx_word' id='word_1_541' title='bbox 1562 2012 1664 2041; x_wconf 74' lang='lat' dir='ltr'>addidi</span> <span class='ocrx_word' id='word_1_542' title='bbox 1689 2022 1703 2040; x_wconf 89' lang='lat' dir='ltr'>e</span> <span class='ocrx_word' id='word_1_543' title='bbox 1731 2011 1786 2039; x_wconf 89' lang='lat' dir='ltr'>Gu.</span> <span class='ocrx_word' id='word_1_544' title='bbox 1810 2014 1835 2041; x_wconf 94' lang='lat'>1.</span> <span class='ocrx_word' id='word_1_545' title='bbox 1856 2014 1884 2041; x_wconf 81' lang='grc'>2.</span> <span class='ocrx_word' id='word_1_546' title='bbox 1908 2009 1944 2039; x_wconf 78' lang='lat' dir='ltr'>al.</span> <span class='ocrx_word' id='word_1_547' title='bbox 1974 2020 2018 2037; x_wconf 79' lang='lat' dir='ltr'>va.</span> 
     </span>
     <span class='ocr_line' id='line_1_74' title="bbox 1071 2053 2017 2095; baseline -0.01 -9"><span class='ocrx_word' id='word_1_548' title='bbox 1071 2078 1107 2081; x_wconf 96' lang='lat'><strong>—</strong></span> <span class='ocrx_word' id='word_1_549' title='bbox 1132 2061 1179 2095; x_wconf 76' lang='lat'>63)</span> <span class='ocrx_word' id='word_1_550' title='bbox 1210 2058 1257 2086; x_wconf 82' lang='lat' dir='ltr'>Sic</span> <span class='ocrx_word' id='word_1_551' title='bbox 1291 2058 1346 2085; x_wconf 89' lang='lat' dir='ltr'>Gu.</span> <span class='ocrx_word' id='word_1_552' title='bbox 1372 2059 1398 2087; x_wconf 92' lang='lat'>1.</span> <span class='ocrx_word' id='word_1_553' title='bbox 1422 2059 1450 2088; x_wconf 82' lang='lat'>2.</span> <span class='ocrx_word' id='word_1_554' title='bbox 1479 2056 1518 2084; x_wconf 77' lang='lat' dir='ltr'>al·</span> <span class='ocrx_word' id='word_1_555' title='bbox 1547 2066 1593 2094; x_wconf 88' lang='lat' dir='ltr'>pr.</span> <span class='ocrx_word' id='word_1_556' title='bbox 1615 2066 1659 2083; x_wconf 84' lang='lat' dir='ltr'>va.</span> <span class='ocrx_word' id='word_1_557' title='bbox 1685 2070 1726 2076; x_wconf 94' lang='lat'><strong>—</strong></span> <span class='ocrx_word' id='word_1_558' title='bbox 1754 2058 1796 2081; x_wconf 76' lang='lat' dir='ltr'>est</span> <span class='ocrx_word' id='word_1_559' title='bbox 1821 2053 1965 2088; x_wconf 84' lang='lat' dir='ltr'>formata</span> <span class='ocrx_word' id='word_1_560' title='bbox 1993 2058 2017 2078; x_wconf 81' lang='lat' dir='ltr'>et</span> 
     </span>
     <span class='ocr_line' id='line_1_75' title="bbox 1069 2095 2015 2137; baseline -0.01 -9"><span class='ocrx_word' id='word_1_561' title='bbox 1069 2103 1227 2129; x_wconf 66' lang='lat' dir='ltr'>nominata</span> <span class='ocrx_word' id='word_1_562' title='bbox 1254 2110 1364 2127; x_wconf 73' lang='lat' dir='ltr'>corona</span> <span class='ocrx_word' id='word_1_563' title='bbox 1384 2099 1464 2136; x_wconf 81' lang='lat' dir='ltr'>vulg.</span> <span class='ocrx_word' id='word_1_564' title='bbox 1479 2115 1521 2119; x_wconf 97' lang='lat'><strong>—</strong></span> <span class='ocrx_word' id='word_1_565' title='bbox 1534 2097 1582 2137; x_wconf 71' lang='lat'>64)</span> <span class='ocrx_word' id='word_1_566' title='bbox 1594 2098 1641 2126; x_wconf 88' lang='lat' dir='ltr'>Sic</span> <span class='ocrx_word' id='word_1_567' title='bbox 1651 2098 1706 2125; x_wconf 90' lang='lat' dir='ltr'>Gu.</span> <span class='ocrx_word' id='word_1_568' title='bbox 1724 2099 1750 2126; x_wconf 82' lang='lat'>1·</span> <span class='ocrx_word' id='word_1_569' title='bbox 1769 2097 1797 2125; x_wconf 81' lang='grc'>2.</span> <span class='ocrx_word' id='word_1_570' title='bbox 1817 2111 1856 2115; x_wconf 85' lang='grc'>·-</span> <span class='ocrx_word' id='word_1_571' title='bbox 1880 2095 2015 2131; x_wconf 73' lang='lat' dir='ltr'>gentium</span> 
     </span>
     <span class='ocr_line' id='line_1_76' title="bbox 1070 2139 2014 2181; baseline -0.01 -10"><span class='ocrx_word' id='word_1_572' title='bbox 1070 2144 1148 2181; x_wconf 78' lang='lat' dir='ltr'>vulg.</span> <span class='ocrx_word' id='word_1_573' title='bbox 1178 2160 1219 2164; x_wconf 89' lang='lat'><em>-</em></span> <span class='ocrx_word' id='word_1_574' title='bbox 1255 2142 1299 2181; x_wconf 79' lang='lat'>65)</span> <span class='ocrx_word' id='word_1_575' title='bbox 1323 2152 1435 2169; x_wconf 71' lang='lat' dir='ltr'>aureas</span> <span class='ocrx_word' id='word_1_576' title='bbox 1458 2151 1584 2168; x_wconf 75' lang='lat' dir='ltr'>coronas</span> <span class='ocrx_word' id='word_1_577' title='bbox 1607 2140 1662 2168; x_wconf 89' lang='lat' dir='ltr'>Gu.</span> <span class='ocrx_word' id='word_1_578' title='bbox 1681 2142 1708 2171; x_wconf 80' lang='grc'>2.</span> <span class='ocrx_word' id='word_1_579' title='bbox 1735 2155 1772 2159; x_wconf 97' lang='lat'>—</span> <span class='ocrx_word' id='word_1_580' title='bbox 1797 2140 1840 2171; x_wconf 82' lang='lat'>66)</span> <span class='ocrx_word' id='word_1_581' title='bbox 1864 2139 1945 2164; x_wconf 70' lang='lat' dir='ltr'>tiara</span> <span class='ocrx_word' id='word_1_582' title='bbox 1961 2145 2014 2162; x_wconf 87' lang='lat' dir='ltr'>om.</span> 
     </span>
     <span class='ocr_line' id='line_1_77' title="bbox 1069 2181 2014 2224; baseline -0.008 -11"><span class='ocrx_word' id='word_1_583' title='bbox 1069 2187 1123 2214; x_wconf 86' lang='lat' dir='ltr'>Gu.</span> <span class='ocrx_word' id='word_1_584' title='bbox 1148 2188 1176 2215; x_wconf 80' lang='grc'>2.</span> <span class='ocrx_word' id='word_1_585' title='bbox 1201 2201 1239 2205; x_wconf 94' lang='grc'>-</span> <span class='ocrx_word' id='word_1_586' title='bbox 1264 2183 1312 2224; x_wconf 72' lang='grc'>67)</span> <span class='ocrx_word' id='word_1_587' title='bbox 1335 2184 1383 2211; x_wconf 91' lang='lat' dir='ltr'>Sic</span> <span class='ocrx_word' id='word_1_588' title='bbox 1407 2184 1457 2213; x_wconf 85' lang='lat' dir='ltr'>Ar.</span> <span class='ocrx_word' id='word_1_589' title='bbox 1480 2199 1519 2204; x_wconf 89' lang='lat'><em>-</em></span> <span class='ocrx_word' id='word_1_590' title='bbox 1543 2182 1682 2210; x_wconf 68' lang='lat' dir='ltr'>cicladas</span> <span class='ocrx_word' id='word_1_591' title='bbox 1706 2181 1762 2208; x_wconf 93' lang='lat' dir='ltr'>Gu.</span> <span class='ocrx_word' id='word_1_592' title='bbox 1777 2182 1802 2211; x_wconf 86' lang='lat'>1.</span> <span class='ocrx_word' id='word_1_593' title='bbox 1826 2189 1870 2207; x_wconf 81' lang='lat' dir='ltr'>va.</span> <span class='ocrx_word' id='word_1_594' title='bbox 1895 2195 1920 2198; x_wconf 85' lang='lat'>—-</span> <span class='ocrx_word' id='word_1_595' title='bbox 1960 2187 2014 2203; x_wconf 62' lang='lat' dir='ltr'>ct-</span> 
     </span>
     <span class='ocr_line' id='line_1_78' title="bbox 1068 2220 2012 2264; baseline -0.008 -10"><span class='ocrx_word' id='word_1_596' title='bbox 1068 2227 1169 2255; x_wconf 75' lang='lat' dir='ltr'>‹·la‹le.5</span> <span class='ocrx_word' id='word_1_597' title='bbox 1192 2228 1273 2264; x_wconf 80' lang='lat' dir='ltr'>vulg.</span> <span class='ocrx_word' id='word_1_598' title='bbox 1305 2243 1345 2248; x_wconf 91' lang='lat'>--</span> <span class='ocrx_word' id='word_1_599' title='bbox 1382 2228 1426 2262; x_wconf 80' lang='lat'>68)</span> <span class='ocrx_word' id='word_1_600' title='bbox 1458 2225 1505 2253; x_wconf 89' lang='lat' dir='ltr'>Sic</span> <span class='ocrx_word' id='word_1_601' title='bbox 1530 2226 1586 2254; x_wconf 59' lang='grc' dir='ltr'><strong>(ἆυ.</strong></span> <span class='ocrx_word' id='word_1_602' title='bbox 1607 2229 1632 2255; x_wconf 92' lang='lat'>1.</span> <span class='ocrx_word' id='word_1_603' title='bbox 1666 2241 1704 2246; x_wconf 80' lang='lat'>-</span> <span class='ocrx_word' id='word_1_604' title='bbox 1736 2221 1838 2250; x_wconf 77' lang='lat' dir='ltr'>eadem</span> <span class='ocrx_word' id='word_1_605' title='bbox 1868 2224 1937 2246; x_wconf 67' lang='lat' dir='ltr'>sunt</span> <span class='ocrx_word' id='word_1_606' title='bbox 1959 2220 2012 2244; x_wconf 75' lang='lat' dir='ltr'>in—</span> 
     </span>
    </p>
   </div>
   <div class='ocr_carea' id='block_1_43' title="bbox 1063 2260 2011 2425">
    <p class='ocr_par' dir='ltr' id='par_1_43' title="bbox 1063 2260 2011 2425">
     <span class='ocr_line' id='line_1_79' title="bbox 1066 2260 2009 2307; baseline -0.004 -11"><span class='ocrx_word' id='word_1_607' title='bbox 1066 2272 1170 2306; x_wconf 62' lang='lat' dir='ltr'>signla</span> <span class='ocrx_word' id='word_1_608' title='bbox 1193 2271 1329 2297; x_wconf 74' lang='lat' dir='ltr'>omnium</span> <span class='ocrx_word' id='word_1_609' title='bbox 1351 2279 1432 2307; x_wconf 77' lang='lat' dir='ltr'>regn.</span> <span class='ocrx_word' id='word_1_610' title='bbox 1448 2268 1528 2306; x_wconf 81' lang='lat' dir='ltr'>vulg.</span> <span class='ocrx_word' id='word_1_611' title='bbox 1554 2286 1591 2290; x_wconf 92' lang='lat'>—</span> <span class='ocrx_word' id='word_1_612' title='bbox 1617 2266 1663 2306; x_wconf 84' lang='lat'>69)</span> <span class='ocrx_word' id='word_1_613' title='bbox 1687 2267 1735 2295; x_wconf 76' lang='lat' dir='ltr'>Sic</span> <span class='ocrx_word' id='word_1_614' title='bbox 1760 2265 1815 2292; x_wconf 89' lang='lat' dir='ltr'>Gu.</span> <span class='ocrx_word' id='word_1_615' title='bbox 1838 2265 1863 2291; x_wconf 82' lang='lat' dir='ltr'>l·</span> <span class='ocrx_word' id='word_1_616' title='bbox 1887 2260 2009 2297; x_wconf 56' lang='lat' dir='ltr'>(sallem</span> 
     </span>
     <span class='ocr_line' id='line_1_80' title="bbox 1066 2304 2011 2350; baseline -0.002 -11"><span class='ocrx_word' id='word_1_617' title='bbox 1066 2307 1102 2341; x_wconf 62' lang='lat' dir='ltr'>al.</span> <span class='ocrx_word' id='word_1_618' title='bbox 1122 2312 1236 2349; x_wconf 66' lang='lat' dir='ltr'>pileo-5⁸,</span> <span class='ocrx_word' id='word_1_619' title='bbox 1259 2312 1339 2350; x_wconf 89' lang='lat' dir='ltr'>quod</span> <span class='ocrx_word' id='word_1_620' title='bbox 1362 2311 1476 2349; x_wconf 82' lang='lat' dir='ltr'>recepi)</span> <span class='ocrx_word' id='word_1_621' title='bbox 1500 2313 1528 2341; x_wconf 81' lang='lat'>2.</span> <span class='ocrx_word' id='word_1_622' title='bbox 1552 2308 1693 2350; x_wconf 76' lang='lat' dir='ltr'>(galeria</span> <span class='ocrx_word' id='word_1_623' title='bbox 1720 2323 1761 2329; x_wconf 78' lang='lat'>—-</span> <span class='ocrx_word' id='word_1_624' title='bbox 1779 2304 1955 2347; x_wconf 38' lang='lat' dir='ltr'>gasff‘lf&#39;ffi</span> <span class='ocrx_word' id='word_1_625' title='bbox 1970 2317 2011 2324; x_wconf 73' lang='grc'>’-</span> 
     </span>
     <span class='ocr_line' id='line_1_81' title="bbox 1063 2346 2010 2393; baseline 0 -12"><span class='ocrx_word' id='word_1_626' title='bbox 1063 2355 1169 2391; x_wconf 72' lang='lat' dir='ltr'>galero</span> <span class='ocrx_word' id='word_1_627' title='bbox 1194 2353 1263 2393; x_wconf 82' lang='lat' dir='ltr'>Ar.)</span> <span class='ocrx_word' id='word_1_628' title='bbox 1294 2371 1330 2375; x_wconf 97' lang='lat'><strong>—</strong></span> <span class='ocrx_word' id='word_1_629' title='bbox 1363 2354 1449 2392; x_wconf 87' lang='lat' dir='ltr'>Vulg.</span> <span class='ocrx_word' id='word_1_630' title='bbox 1469 2354 1588 2390; x_wconf 77' lang='lat' dir='ltr'>infula,</span> <span class='ocrx_word' id='word_1_631' title='bbox 1625 2354 1723 2389; x_wconf 73' lang='lat' dir='ltr'>apice,</span> <span class='ocrx_word' id='word_1_632' title='bbox 1752 2346 1843 2383; x_wconf 64' lang='grc' dir='ltr'>ΡῘῘῙω</span> <span class='ocrx_word' id='word_1_633' title='bbox 1867 2354 1928 2370; x_wconf 54' lang='lat' dir='ltr'>Slsf</span> <span class='ocrx_word' id='word_1_634' title='bbox 1949 2355 2010 2381; x_wconf 58' lang='lat' dir='ltr'>§ffl-</span> 
     </span>
     <span class='ocr_line' id='line_1_82' title="bbox 1066 2397 1236 2425; baseline 0.012 -2"><span class='ocrx_word' id='word_1_635' title='bbox 1066 2398 1138 2424; x_wconf 76' lang='lat' dir='ltr'>lert&#39;o</span> <span class='ocrx_word' id='word_1_636' title='bbox 1162 2397 1236 2425; x_wconf 58' lang='lat' dir='ltr'>aleb.</span> 
     </span>
    </p>
   </div>
   <div class='ocr_carea' id='block_1_44' title="bbox 1456 2437 1608 2471">
    <p class='ocr_par' dir='ltr' id='par_1_44' title="bbox 1456 2437 1608 2471">
     <span class='ocr_line' id='line_1_83' title="bbox 1456 2437 1608 2471; baseline -0.033 0"><span class='ocrx_word' id='word_1_637' title='bbox 1456 2437 1608 2471; x_wconf 85' lang='lat' dir='ltr'>Hhhh</span> 
     </span>
    </p>
   </div>
  </div>
 </body>
</html>
