2264 2830
784 73 1030 110 OluGlNUM
1064 75 1207 109 LIBER
1235 77 1275 110 11.

227 173 281 206 16.
336 173 481 206 Naturae
515 171 690 204 auctoritas
708 167 801 211 est³⁴‚
828 181 916 213 quae
943 170 1085 202 maxima
1107 171 1224 203 virtute
1242 171 1396 206 consistit.

1928 77 1998 110 101

1450 170 1655 204 Testimonia
1678 170 1782 201 multa
1804 177 1885 208 sunt,
1914 183 2000 214 quae

58 223 237 260 afferant³⁵
264 226 511 266 auctoritatem,
544 223 578 254 id
607 227 671 262 est,
700 222 887 265 ingenium,
915 232 1016 265 opeS,
1044 229 1150 262 aetas,
1180 223 1331 261 fortuna,
1363 236 1431 262 am,
1471 234 1564 262 usus,
1598 221 1773 253 necessitas
1801 228 1833 254 et
1860 234 2001 256 concur—

58 280 105 311 sio
134 289 242 311 rerum
272 277 489 309 fortuitarum.

58 335 292 364 memorantur.

544 275 573 306 A
599 274 693 307 dictis
722 274 881 317 factisque
909 273 1072 305 maiorum
1100 274 1221 317 petitur
1258 274 1359 315 fides,
1398 286 1473 307 cum
1502 275 1687 318 priscorum
1723 273 1813 306 dicta
1848 273 2002 318 factaque

346 329 375 361 A
403 326 572 359 tormentis
599 326 682 359 fides
713 326 892 370 praebetur
906 322 946 365 ³¹⁵,
975 331 1052 368 post
1078 337 1164 368 quae
1192 337 1290 358 nemo
1319 327 1463 359 creditur
1486 325 1614 358 mentiri
1643 324 1730 357 velle
1742 321 1776 356 ³⁷.

228 389 283 423 17,
335 388 386 420 Ea
408 398 502 424 vera,
532 397 616 429 quae
645 391 825 419 tractantur
853 387 884 418 in
912 382 1119 429 temporem,
1164 386 1240 429 quia
1274 386 1337 417 suis
1371 387 1556 419 nominibus
1590 380 1724 429 planam·
1752 390 1843 423 sunt,
1878 385 2005 417 diffini—

59 442 148 474 tione
175 451 240 473 non
268 440 426 483 indigent.

59 492 250 537 iurisperitis
261 487 285 507 ⁴⁰

478 438 666 470 Memoriae
701 450 836 481 quoque
872 437 1086 471 condendum
1121 444 1184 478 est,
1229 437 1363 481 Topica
1400 439 1600 478 oratoribus,
1644 436 1850 476 Dialecticis,
1884 437 2004 480 poetis,

311 490 529 524 communiter
556 490 691 532 quidem
719 496 916 534 argumenta
937 495 1122 533 praestare,
1151 489 1208 521 sed
1236 489 1371 532 quando
1400 489 1524 533 aliquid
1553 489 1740 533 ,specialiter
1768 488 1931 532 probant,
1961 488 2005 520 :ul

59 545 242 584 Rhetores,
270 548 402 586 poetas,
430 542 699 585 iuris-peritosque
726 543 892 586 pertinent
906 537 945 582 ⁴¹,
983 541 1119 584 quando
1148 552 1226 573 vero
1253 541 1455 585 generaliter
1495 541 1681 585 disputant,
1716 545 1748 572 at
1778 539 2006 584 philomphos

61 596 195 628 attinere
209 591 229 610 ¹²
255 594 463 626 manifestum
492 599 549 626 eat.

226 645 282 678 12¹⁴.

336 645 491 677 Mirabile
519 645 618 690 plane
644 656 750 688 genus
778 644 907 688 operis,
943 644 975 675 in
1001 655 1101 676 unum
1140 643 1285 686 potuisse
1312 643 1450 687 colligi,
1493 642 1653 685 quicquid
1687 639 1873 674 mobilitas¹

1876 639 1887 657 ³
1916 647 1971 674 aut
1987 639 2007 657 ¹³

60 697 198 730 varietas
226 696 392 729 humanae
420 697 536 729 mentis
565 698 596 728 in
625 696 771 728 sensibus
799 695 1007 739 exquirendis
1042 707 1103 739 per
1131 695 1275 727 diversas
1310 706 1423 728 causas
1452 700 1581 738 poterat
1610 694 1753 725 invenire
1781 689 2008 727 conclusum*

59 749 203 782 liberum
231 753 331 791 atque
342 746 366 765 ⁴¹⁵
394 748 613 781 voluntarium
640 748 857 780 intellectum.

911 748 997 779 Nam
1021 758 1221 790 quocunque
1248 758 1281 778 se
1303 747 1501 780 converterit
1517 742 1558 786 Π,
1586 756 1800 789 quascunque
1828 745 2007 790 cogitatio—

59 811 116 833 nes
143 800 328 842 intraverit,
363 801 395 832 in
419 800 546 844 aliquid
575 810 709 841 eorum,
737 811 823 843 quae
850 799 1023 844 praedicta
1050 803 1139 840 sunt,
1167 809 1299 832 necesse
1328 803 1374 832 est
1401 794 1534 832 eadatffl
1561 798 1741 842 ingenium.

591 905 619 938 C
646 905 677 938 A
705 905 742 937 P.
798 904 918 936 xxxi.

972 903 1056 937 De
1107 902 1484 949 oppositis.

228 980 259 1014 l.
314 980 563 1013 Contrariorum
591 993 716 1025 genera
737 987 880 1024 quatuor
907 986 998 1021 sunt,
1027 992 1112 1024 quae
1134 980 1329 1013 Aristoteles
1355 978 1599 1023 α’ντικὲίμενα,
1627 977 1661 1010 id
1691 984 1738 1010 est
1766 976 1921 1020 opposita
1952 987 2011 1006 vo-

62 1037 133 1071 cat,
174 1037 314 1076 propter
341 1032 431 1075 quod
462 1033 523 1065 sibi
550 1034 639 1066 velut
673 1044 712 1066 ex
739 1033 879 1065 adverso
892 1029 916 1049 ⁴⁰
950 1032 1103 1065 videntur
1136 1029 1347 1071 obsistere⁵⁰‚
1382 1036 1418 1064 ut
1452 1030 1630 1068 contraria3
1667 1040 1728 1062 nec
1756 1039 1835 1060 vero
1865 1024 2008 1059 tamen⁵¹

60 1083 171 1116 omnia
195 1095 281 1126 quae
305 1090 521 1128 opponuntur
547 1082 645 1118 εἰδί52
674 1085 838 1118 contraria
866 1081 989 1125 sunt⁵³‚
1026 1084 1085 1117 sed
1115 1085 1226 1117 omnia
1257 1083 1421 1117 contraria
1449 1082 1606 1127 opposita
1634 1085 1716 1114 sunt.

1772 1081 1920 1112 Primum
1949 1090 2011 1123 ge—

60 1146 118 1167 nus
148 1141 196 1168 est
222 1136 482 1178 contrariorum,
516 1136 609 1180 quod
636 1137 725 1169 iuxta
753 1136 950 1171 Ciceronem
987 1136 1152 1169 diversum
1166 1133 1190 1153 ⁵⁴
1218 1140 1374 1175 vocatur,
1413 1145 1477 1179 pro
1506 1144 1564 1173 eo,
1604 1133 1697 1176 quod
1722 1137 1849 1164 tantum
1878 1136 2011 1164 contra-

60 1182 141 1219 rie⁵⁵
167 1187 228 1220 sibi
256 1193 489 1232 opponuntur,
517 1194 553 1221 ut
580 1200 646 1221 non
673 1199 789 1222 eorum
816 1189 896 1229 sint,
924 1189 1044 1230 quibus
1072 1193 1307 1232 opponuntur,
1342 1192 1376 1219 ut
1402 1186 1581 1230 sapientiae
1595 1181 1619 1201 ⁵⁸
1646 1183 1789 1217 stultitia.

225 1246 258 1279 2.
313 1247 417 1288 Quod
445 1259 550 1291 genus
578 1249 609 1280 in
636 1253 702 1281 tres
729 1249 855 1292 species
883 1247 1049 1281 dividitur.

1103 1247 1190 1279 Nam
1217 1251 1289 1279 sunt
1316 1246 1482 1289 quaedam
1505 1240 1721 1283 eiusmodiffl,
1750 1253 1836 1285 quae
1864 1241 2011 1274 medium

61 1294 240 1336 habent⁵⁹;
268 1302 300 1331 et
323 1299 490 1341 quaedam
518 1305 591 1331 sunt
604 1296 646 1339 ⁵⁰,
674 1311 760 1341 qnae
787 1300 854 1331 sine
882 1298 994 1331 medio
1023 1303 1112 1335 sunu
1149 1304 1181 1330 et
1210 1298 1378 1341 quaedam
1406 1301 1494 1335 sunt,
1529 1306 1615 1338 quae
1642 1294 1770 1326 habent
1804 1293 1951 1325 medium
1981 1298 2013 1323 et

61 1354 171 1381 tamen
198 1349 266 1381 sine
293 1350 427 1382 nomine
450 1355 542 1391 sunt,
575 1351 634 1382 nisi
668 1346 883 1392 utrumque6⁰
920 1350 949 1382 ei
985 1349 1187 1382 vocabulum
1222 1345 1358 1383 creatffi.

744 1402 841 1434 color
868 1401 1014 1445 pallidus
1037 1401 1089 1433 vel
1116 1400 1228 1435 fuscus
1256 1400 1426 1433 invenitur.

62 1397 240 1439 habeut‘ffl,
265 1401 342 1445 quia
363 1401 447 1433 inter
474 1413 530 1434 eos
556 1412 656 1445 saepe
667 1398 691 1418 ¹⁵³

227 1459 261 1492 3.
315 1460 395 1493 Sine
422 1461 534 1493 medio
561 1466 651 1501 sunt,
685 1461 839 1504 quotiens
866 1472 967 1493 unum
997 1460 1040 1493 de
1068 1459 1200 1492 duobus
1237 1459 1375 1499 accidit,
1410 1463 1445 1491 ut
1478 1457 1596 1489 sanitas
1622 1456 1676 1489 vel
1702 1455 1882 1488 infirmitas.

560 1512 611 1544 Ea
639 1517 765 1553 autem,
794 1524 936 1555 quorum
965 1512 1032 1544 sine
1061 1512 1194 1544 nomine
1222 1511 1332 1544 media
1359 1515 1432 1543 sunt
1443 1505 1486 1548 ⁰⁴,
1515 1514 1550 1540 ut
1577 1507 1676 1548 felix,
1703 1507 1835 1546 infelix,
1863 1505 2011 1538 medium

480 1563 676 1597 Secundum
702 1575 809 1609 genus
836 1569 884 1597 est
909 1563 1141 1605 relativorum,
1169 1574 1255 1607 quae
1281 1563 1325 1595 ita
1353 1562 1414 1596 sibi
1441 1565 1679 1605 opponuntur,
1706 1564 1742 1592 ut
1765 1558 1808 1591 ad
1831 1569 1864 1590 se
1892 1557 2010 1591 confe-

62 1521 135 1544 rum
162 1510 245 1543 nihil
273 1516 320 1544 est
347 1512 505 1545 medium.

61 1562 187 1594 habent
213 1573 278 1594 non
303 1563 383 1595 felix
393 1559 426 1595 ⁰⁵.

61 1619 190 1655 rantur,
217 1614 300 1647 sicut
327 1614 469 1658 duplum
496 1615 663 1660 simplum.

62 1738 100 1745 —
122 1722 168 1762 31)
190 1724 238 1751 Sic
259 1723 314 1753 Gu.
333 1727 359 1754 1.
375 1722 403 1751 h.
418 1724 437 1753 l.
455 1728 483 1752 et
499 1728 601 1762 postea
622 1733 713 1762 genus
738 1724 932 1753 masculinum
952 1734 1006 1752 ex-

61 1765 153 1802 hibet,
176 1767 300 1794 relatum
317 1766 354 1794 ad
370 1766 488 1795 modum
503 1766 687 1795 femininum
703 1769 813 1795 Prima
832 1772 886 1796 etc.
905 1767 1007 1796 reser-

61 1812 112 1837 tur
127 1808 163 1836 ad
181 1809 318 1847 speciem.
341 1826 379 1830 —
404 1810 452 1846 32)
477 1811 510 1837 in
526 1809 666 1848 operibus
682 1820 727 1839 va.
741 1826 783 1832 —
804 1813 848 1845 33)
871 1812 1007 1838 Persona

62 1860 156 1889 usque
173 1851 211 1879 ad
224 1850 321 1888 fldem
336 1852 451 1888 faciem
472 1862 530 1880 0111.
557 1853 612 1881 Gu.
630 1855 658 1883 2.
683 1871 720 1875 —-
750 1854 796 1890 34)
821 1859 862 1880 est
883 1864 937 1881 om.
960 1863 1006 1880 va.

61 1909 101 1915 —
125 1891 172 1932 35)
195 1892 242 1921 Sic
264 1894 319 1921 Gu.
334 1896 361 1925 1.
375 1894 412 1925 al.
435 1910 476 1916 —
498 1894 631 1934 asserunt
655 1895 736 1934 vulg.
762 1912 800 1917 —-
829 1893 1008 1935 36)pr0l1e-

63 1942 111 1964 tar
128 1935 184 1963 Gu.
204 1938 229 1967 1.
261 1953 298 1958 —
321 1935 366 1975 37)
390 1938 438 1965 Sic
462 1937 517 1965 Gu.
536 1940 561 1968 1.
587 1955 625 1960 —-
651 1938 723 1966 velle
738 1939 858 1966 meruit-i
872 1938 952 1976 vulg.
969 1954 1007 1959 —

61 1977 107 2017 38)
132 1988 201 2005 cum
225 1983 352 2016 tempore
372 1979 408 2007 al.
442 1997 479 2002 —-
508 1981 556 2017 39)
580 1980 628 2008 Sic
652 1981 708 2009 Gu.
729 1984 753 2012 1.
770 1983 799 2011 2.
824 1991 869 2009 va.
894 1981 943 2008 Ar.
966 1997 1008 2002 —

57 2021 151 2060 plena
171 2020 251 2058 vulg.
282 2036 324 2042 —-
352 2022 400 2059 40)
425 2021 509 2060 Vulg.
533 2029 558 2050 et
581 2024 799 2062 iurzlsperitor„
831 2022 883 2051 sed
902 2029 928 2050 et
948 2033 1006 2052 om.

64 2064 122 2093 Gu.
139 2066 166 2095 1.
196 2080 234 2084 —
265 2063 312 2100 41)
339 2063 388 2091 Sic
412 2064 467 2092 Gu.
486 2068 515 2096 1.
531 2068 560 2097 2.
585 2066 624 2095 al.
642 2075 689 2095 va.
714 2084 752 2088 —
770 2067 900 2104 pertinet
922 2066 1004 2104 vulg.

66 2121 101 2127 —-·
128 2106 179 2141 42)
203 2105 249 2133 Sic
269 2106 323 2134 Gu.
349 2108 372 2136 1.
388 2108 417 2141 2.
434 2117 478 2145 pr.
492 2117 537 2137 va.
553 2107 605 2137 Ar.
630 2125 667 2130 —-
693 2111 842 2146 pertinere
860 2108 940 2145 vulg.
963 2124 1006 2131 —

63 2147 109 2187 43)
131 2148 319 2175 mutabilitas
338 2148 392 2179 Gu.
407 2151 435 2180 2.
459 2165 500 2170 ——
522 2151 667 2179 nobilitas
684 2152 720 2180 al.
745 2169 782 2175 —-
806 2152 853 2187 44)
878 2151 925 2179 Sic
945 2151 1000 2179 Gu.

65 2193 91 2222 1.
113 2205 155 2212 --
177 2201 214 2218 ac
230 2191 311 2228 vulg.
336 2207 373 2211 —-
395 2193 440 2227 45)
464 2193 612 2220 conclusit
632 2194 668 2222 al.
692 2210 732 2216 —
766 2196 810 2225 46)
835 2194 883 2222 Sic
901 2194 956 2221 Gu.
975 2196 1000 2224 1.

63 2249 103 2255 —-
127 2243 164 2261 ac
183 2233 300 2262 volunt.
315 2233 394 2271 vulg.
411 2249 453 2254 —
475 2235 518 2267 47)
539 2236 587 2263 Sic
613 2236 668 2264 Gu.
684 2240 711 2268 1.
725 2252 763 2258 —
790 2238 906 2265 werten}
922 2236 1001 2274 vulg.

66 2291 102 2297 —-
125 2277 170 2313 48)
194 2275 278 2313 Vulg.
300 2282 334 2303 ut
353 2275 460 2312 cadat,
489 2276 541 2304 sed
565 2283 598 2305 ut
619 2288 678 2307 oni.
700 2280 756 2307 Gu.
778 2282 804 2310 1.
821 2289 864 2309 va.
885 2280 935 2309 Ar.
961 2294 1002 2300 —

63 2317 108 2356 49)
134 2329 166 2346 ex
185 2317 313 2347 adt-ersa
336 2319 391 2347 Gu.
411 2321 436 2350 1.
459 2334 502 2340 ——·
529 2317 578 2359 50)
601 2323 723 2348 existere
742 2331 788 2360 pr.
810 2331 855 2350 va.
877 2338 920 2343 —
953 2322 1001 2358 51)

1413 1347 1603 1381 Candidum
1636 1353 1668 1379 et
1697 1346 1830 1390 nigrum
1863 1344 2011 1377 medium

1936 1454 2013 1486 Ho-

1059 1729 1167 1752 tamen.
1192 1739 1233 1745 —-
1255 1724 1303 1761 52)
1325 1723 1374 1752 Sic
1395 1723 1452 1750 Gu.
1468 1724 1492 1753 1.
1510 1731 1556 1760 pr.
1573 1731 1620 1749 va.
1644 1735 1685 1742 —
1707 1720 1767 1747 silai
1790 1729 1855 1757 opp.
1875 1717 1953 1754 vulg.
1973 1733 2005 1737 —

1059 1767 1118 1794 silus
1132 1777 1187 1795 om.
1205 1766 1240 1795 al.
1265 1783 1302 1787 —-
1327 1769 1374 1804 53)
1398 1765 1458 1792 sibi
1473 1770 1566 1793 contr.
1582 1769 1654 1791 =§unt
1671 1763 1725 1792 Gu.
1738 1765 1766 1793 2.
1791 1778 1825 1783 ——
1852 1762 2008 1788 contraria

1059 1809 1119 1837 sibi
1133 1820 1199 1848 opp.
1217 1820 1263 1838 va.
1285 1824 1327 1830 —-
1350 1809 1398 1845 54)
1422 1806 1585 1835 adversum
1598 1807 1649 1834 Ar.
1674 1821 1713 1826 —
1738 1803 1786 1844 55)
1807 1803 1856 1832 Sic
1875 1803 2007 1833 Gu.1.2.

1059 1863 1105 1881 va.
1128 1868 1169 1874 —
1191 1853 1345 1880 contraria
1360 1850 1442 1888 vulg.
1464 1866 1506 1871 —
1528 1849 1575 1889 56)
1601 1849 1649 1877 Sic
1669 1848 1724 1876 Gn.
1742 1851 1766 1878 1.
1791 1863 1832 1868 —
1855 1847 2007 1884 sapientia

1059 1895 1142 1933 vulg.
1167 1910 1204 1916 —·
1228 1893 1277 1934 57)
1298 1894 1346 1922 Sic
1361 1892 1447 1923 codd,
1463 1891 1541 1930 apud
1560 1892 1647 1921 Arev.
1671 1907 1712 1912 —
1735 1890 1792 1918 Gu.
1811 1892 1838 1921 1.
1854 1892 1882 1920 2.
1904 1888 1940 1915 al.
1961 1898 2004 1915 va.

1059 1938 1123 1966 eius
1142 1947 1197 1976 pro
1215 1948 1247 1964 ex
1262 1939 1304 1964 eis
1321 1936 1357 1964 al.
1369 1946 1426 1964 om.
1443 1935 1512 1964 talia
1530 1946 1562 1962 ex
1578 1936 1620 1962 eis
1635 1934 1683 1962 vel
1703 1933 1767 1961 eius
1782 1932 1830 1960 vel
1847 1929 2004 1959 eiusmozll.

1059 1981 1097 2010 al.
1115 1991 1171 2008 om.
1187 1978 1348 2018 quaedam.
1370 1994 1412 2000 —
1434 1981 1479 2012 58)
1503 1977 1614 2005 habent
1630 1975 1763 2004 medium
1779 1975 1836 2003 Gu.
1852 1977 1880 2006 2.
1893 1989 1935 1995 --
1957 1976 2004 2007 ΞΒ)

1057 2023 1107 2052 Sic
1131 2024 1189 2052 Gn.
1212 2026 1237 2053 1.
1255 2033 1300 2052 va.
1325 2038 1360 2043 —-
1386 2026 1457 2049 sunt
1474 2019 1581 2059 quaed.
1597 2020 1677 2058 vulg.
1700 2035 1742 2041 -—
1765 2020 1809 2055 60)
1833 2016 1919 2054 Vulg.
1935 2015 2002 2043 add.

1056 2067 1297 2100 contrariorum,
1322 2064 1405 2102 qnod
1428 2074 1484 2091 om.
1510 2064 1565 2091 Gu.
1584 2066 1610 2094 1.
1626 2066 1653 2094 2.
1671 2072 1717 2101 pr.
1738 2071 1785 2089 va.
1812 2060 1859 2087 Ar.
1883 2075 1924 2080 —
1956 2060 2001 2089 61)

1056 2109 1104 2137 Sic
1121 2109 1177 2136 Gu.
1194 2111 1219 2139 1.
1242 2124 1283 2129 —
1307 2113 1380 2134 creet
1397 2106 1478 2144 vulg.
1495 2121 1537 2127 —
1560 2105 1656 2133 credit
1669 2104 1705 2133 al.
1721 2102 1823 2131 credat
1837 2102 1876 2131 al.
1896 2099 2000 2128 {ratlac

1056 2151 1092 2179 al.
1111 2156 1213 2178 careat
1237 2150 1273 2179 al.
1303 2166 1344 2170 —
1374 2152 1418 2187 62)
1441 2148 1529 2176 hahet
1546 2148 1582 2176 al.
1607 2164 1647 2169 —
1683 2144 1846 2176 Candidus
1865 2150 1891 2172 ct
1916 2153 1993 2176 niger

1053 2194 1142 2223 Arev.
1166 2210 1208 2215 —
1231 2192 1277 2233 63)
1301 2203 1387 2231 saepe
1406 2193 1483 2219 inter
1504 2202 1551 2219 eos
1568 2191 1624 2220 Gu.
1643 2193 1671 2223 2.
1693 2205 1735 2211 -—
1757 2188 1806 2225 64)
1830 2187 1878 2215 Sic
1902 2186 1956 2213 Gu.
1974 2187 1995 2214 1.

1052 2235 1137 2274 Vulg.
1154 2247 1282 2275 quorum
1301 2234 1401 2262 media
1415 2236 1478 2262 sine
1492 2245 1569 2263 nom.
1585 2239 1665 2261 sunt.
1690 2250 1728 2254 —
1753 2240 1882 2270 quorum
1898 2225 1996 2255 media

1054 2285 1125 2306 sunt
1147 2281 1212 2307 sine
1234 2279 1351 2306 nomine
1367 2284 1437 2305 Sunt
1463 2288 1506 2305 va.
1530 2293 1564 2298 —
1593 2275 1638 2314 63)
1658 2275 1705 2303 Sic
1722 2275 1777 2303 Gu.
1804 2278 1826 2301 1.
1843 2275 1870 2303 2-
1888 2281 1931 2309 1³1·-
1950 2278 1992 2295 ‘³-

1054 2321 1103 2352 Ar.
1118 2321 1204 2361 Vulg.
1220 2320 1357 2349 videlicet
1370 2332 1462 2359 neque
1480 2331 1498 2348 α
1515 2325 1576 2348 toto
1587 2319 1680 2357 felix,
1704 2327 1793 2355 neque
1815 2317 1847 2342 in
1873 2318 1932 2340 toto
1948 2321 1991 2337 m-

64 2370 130 2389 vero
149 2366 249 2389 tamen
270 2360 365 2390 Gu.1.
388 2360 475 2390 Haud
496 2360 584 2391 dubie
606 2363 763 2402 legendum
787 2369 832 2394 est
860 2375 912 2393 nec
936 2374 1002 2392 sero
1043 2364 1133 2401 felix.
