2255 2819
192 92 268 127 640

832 83 1001 117 EMEND
1006 83 1133 116 ANDA
1171 82 1235 115 ET
1278 81 1486 117 ERRATA.

206 185 236 216 P.
255 184 322 217 135.
346 186 406 211 not
423 181 474 213 59.
497 178 662 214 Pmepone:
687 173 738 203 Sic
760 173 860 207 Gu.11,

215 227 322 258 -.141

216 289 230 294 -
255 269 324 301 142.
366 287 381 292 -

217 373 231 378 -
256 353 324 384 145.
368 370 382 375 -

216 415 232 420 -
256 396 325 427 149·
368 412 381 416 -

217 457 231 463 -
258 437 323 467 154.
368 454 382 458 -

217 500 231 504 -
256 480 323 510 159.
369 496 382 500 -
427 474 476 505 44.
503 472 594 501 adde:
618 471 700 507 vulg.
721 472 750 499 in
771 470 958 510 obligatione.

218 583 230 587 -
257 563 325 593 162.
369 580 383 584 -

216 625 229 628 -
257 605 325 635 165.
370 623 384 627 ,

217 667 230 671 -
255 649 323 678 170-

216 753 230 757 -
255 734 323 764 182.
369 751 382 755 -

218 777 324 806 -192,
369 793 382 798 -

218 965 232 968 -
256 944 326 975 205.

217 1007 232 1012 -
255 988 324 1016 230.
369 1004 382 1008 -

217 1048 232 1053 -
255 1029 325 1058 232.
369 1046 383 1050 -

218 1090 232 1095 -
255 1070 324 1101 242.
368 1088 381 1092 -

217 1133 232 1137 -
255 1112 324 1142 254.
369 1129 384 1135 -

218 1175 232 1178 -
255 1157 326 1186 258.

218 1217 231 1221 -
255 1198 324 1228 264.
369 1216 382 1220 -

218 1259 231 1263 -
255 1241 324 1270 268.
368 1258 381 1262 -

220 1555 233 1559 —
257 1537 327 1566 271.
373 1554 386 1558 -

220 1597 234 1602 -
257 1579 328 1609 286.
371 1597 385 1600 -

222 1681 235 1685 -
258 1663 328 1692 287.

225 1975 238 1979 -
261 1957 331 1987 361.
376 1974 390 1979 -

224 2018 239 2022 -
262 1998 331 2028 364.
375 2016 389 2021 -

226 2060 239 2064 -
263 2042 333 2072 368.
378 2059 392 2063 -

227 2144 241 2148 ·
264 2126 334 2157 369.

227 2187 241 2190 -
264 2169 335 2198 370.
380 2186 394 2191 -

229 2271 242 2275 ·
266 2252 335 2282 387.
380 2271 393 2274 -

231 2314 241 2316 -
266 2295 335 2325 389.
382 2312 394 2316 -

230 2397 243 2401 -
268 2380 335 2408 391.
380 2396 394 2400 -

365 244 380 249 -
423 225 473 254 47.
495 219 586 248 adde.
613 215 723 244 Eadem
746 217 825 254 vulg.

427 266 474 296 16
499 261 588 289 adde:
615 257 898 297 Vugl.aposiemas.

421 309 469 337 23.
496 302 586 331 adde:
609 301 691 338 vulg.
718 300 858 339 ἡπατική.

427 351 476 380 51,
501 344 592 373 adde:
621 344 701 381 vulg.
731 342 771 372 ad
799 342 1029 373 similitudinem.

425 393 474 421 40.
495 392 563 427 post
581 386 676 425 princ.
701 386 775 423 lege:
800 385 832 414 id
852 394 892 414 est
915 387 1064 425 optimum.

426 431 475 464 24.
496 430 585 458 adde:
600 427 817 465 vulglzumana
827 436 992 458 coerceatur
1003 427 1140 458 audacia.

422 519 471 548 50.
487 520 555 554 post
569 512 650 552 apud
661 511 747 541 Goth.
757 514 846 542 adde:
863 511 1048 543 commodum
1061 513 1141 552 vulg.

428 562 476 590 ΞΟ.
499 558 564 586 dele
588 554 666 594 vulg.

429 605 478 633 30.
507 600 600 628 adde:
628 598 707 635 vulg.
733 597 917 626 ear-tendatur.

368 665 383 669 -
427 647 476 676 26.
499 651 592 681 pone:
630 641 710 678 vulg.
743 648 883 678 vocatur,
920 640 972 669 sed
1006 648 1140 670 vocatum

487 685 629 714 exhibent
654 683 709 711 Gu.
727 686 752 714 1.

428 731 478 763 49.
507 728 598 757 adde:
625 726 709 754 addit
730 726 796 754 cod
817 726 884 754 Zitt

448 775 477 803 2.
499 771 590 799 adde:
610 769 690 806 vulg.
712 779 743 797 eo
764 767 844 808 quod
866 767 907 796 ibi

449 816 478 846 3.
497 824 552 851 pro
586 813 627 850 βι(
608 812 705 841 ιΞᾹίου
738 811 755 839 Ι.
777 811 896 849 βιβλίοι
926 815 954 838 et
980 821 1033 849 pro
1053 807 1140 849 θημη

486 851 617 894 1.θη’κη

424 902 474 931 23.
499 897 587 926 adde:
612 896 690 934 vulg.
709 895 840 935 singulis.

370 962 384 967 ..
428 943 477 973 57.
499 940 564 968 dele
586 946 627 967 ai.

425 985 475 1015 35.
499 982 591 1012 adde:
615 981 694 1017 vulg.
717 991 768 1017 per
790 989 871 1019 quae.

429 1028 476 1057 17.
498 1024 588 1052 adde:
612 1023 691 1058 vulg.
719 1020 877 1060 quondam.

429 1070 476 1098 17.
501 1066 594 1094 adde:
618 1065 697 1101 vulg.
719 1065 811 1101 signa.

427 1111 477 1141 32.
501 1108 590 1136 adde:
618 1107 698 1143 vulg.
726 1105 780 1132 lzae
767 1116 797 1133 ec
820 1104 961 1134 omnibus.

369 1173 383 1177 -
428 1155 477 1183 20.
502 1150 592 1179 adde:
619 1149 731 1186 vulgz
722 1147 753 1175 id
776 1154 816 1175 est
836 1147 887 1176 An
871 1158 946 1175 n.om

429 1197 476 1226 13.
502 1198 571 1232 post
591 1191 632 1220 acl
650 1201 752 1230 eumqu
737 1201 769 1217 ue
786 1190 861 1217 adde
886 1188 992 1229 corser-

425 1240 475 1269 22.
500 1241 528 1264 εἰ
548 1237 587 1266 23
628 1234 667 1262 ila
692 1233 839 1269 coniunge
869 1236 897 1260 et
925 1231 1060 1260 emenda:
1092 1230 1143 1261 Sic

488 1277 576 1306 distin
581 1278 628 1305 :rit
650 1275 747 1305 locum
777 1275 826 1302 Ar
828 1286 867 1302 e.v
896 1285 936 1301 er
961 1274 1012 1303 Au
1013 1286 1041 1313 3.
1068 1273 1141 1302 ῙΙῙ.

490 1319 525 1348 tle
543 1319 602 1349 (ἧι.
620 1330 684 1357 cap.
705 1317 754 1346 ult.
777 1315 853 1345 unde
871 1316 917 1344 ἰαὶ
905 1327 945 1344 em
965 1328 1017 1355 per
1038 1328 1077 1356 pa
1083 1328 1144 1345 ren-

491 1362 582 1391 thesin
604 1360 690 1389 addit
712 1367 827 1389 constat
837 1367 904 1398 pos!
917 1370 1032 1398 genera.
1058 1359 1143 1397 Vulg.

489 1416 506 1433 a
521 1405 613 1434 Persis
625 1403 732 1432 dicitur
749 1401 902 1442 (ferturZ.
918 1404 971 1429 Gu.
986 1401 1144 1440 1.2.golh.)

490 1446 623 1476 allatum.
669 1445 767 1474 Varro
792 1443 879 1479 dicit,
913 1443 1035 1473 divinat.
1062 1453 1141 1485 qual.

489 1501 547 1518 esse
558 1501 637 1528 gen„
663 1496 767 1516 ier-ram
795 1492 850 1516 etc,

430 1535 479 1565 26.
503 1532 594 1560 adde:
619 1532 694 1569 vulg.
720 1530 895 1558 inventiones

450 1579 478 1607 4.
499 1574 590 1602 adde:
614 1575 694 1611 vulg.
722 1571 821 1601 Citlzei.

455 1619 483 1649 5.
506 1617 594 1645 adde:
621 1617 701 1654 vulg.
727 1614 856 1652 Scythia.

371 1681 386 1685 -
429 1663 480 1693 60.
504 1664 572 1698 post
596 1658 687 1687 tribus
704 1656 768 1685 Iud.
786 1656 860 1685 adde
880 1655 957 1696 vulg,

223 1723 237 1727 -
261 1706 330 1734 319.
373 1723 388 1727 -

222 1765 236 1769 -
259 1747 329 1775 320.
373 1765 387 1770 -

223 1807 238 1811 -
261 1787 330 1817 350.
374 1807 387 1811 -

224 1849 238 1853 -
262 1830 331 1859 352.
375 1849 389 1853 -

224 1891 238 1895 -
260 1871 332 1902 355.

432 1703 482 1736 59,
506 1701 596 1730 adde:
619 1702 702 1739 vulg.
725 1707 820 1727 utrum
837 1698 915 1728 istud
935 1707 985 1728 aut
1004 1698 1089 1729 illud.

432 1746 480 1777 15.
504 1744 595 1772 adde:
619 1744 697 1781 vulg.
720 1741 761 1770 ad
781 1743 925 1769 aerarium
945 1753 1110 1781 eoepensum.

431 1791 481 1820 35.
503 1787 592 1815 adde:
617 1787 697 1824 vulg.
723 1792 748 1812 et
772 1783 829 1812 duo
854 1795 970 1821 semper.

457 1834 482 1861 1.
503 1829 593 1857 adde:
617 1827 705 1868 Vulg.
730 1837 775 1855 om

376 1890 390 1894 -
433 1872 483 1902 42.
507 1872 599 1900 adde:
636 1872 730 1899 Locus
761 1869 911 1898 Ciceronis
938 1874 981 1897 est
1010 1869 1039 1896 in
1062 1868 1142 1896 Verr.

494 1915 527 1949 V,
550 1914 601 1950 42,
628 1917 696 1944 110.

433 1957 481 1987 59.
507 1956 598 1984 adde:
624 1956 704 1993 vulg.
732 1952 894 1992 πνεύμονα-

435 1998 481 2028 14.
509 1998 582 2026 adde
606 2003 673 2034 post
694 1995 852 2037 egreditur:
875 1997 930 2024 Gu.
945 1998 974 2027 2.

457 2043 485 2070 2.
508 2040 583 2076 lege:
607 2039 687 2078 apud
710 2039 880 2068 Daelznium.

453 2083 481 2112 8.
506 2082 593 2110 adde:
622 2083 699 2119 vulg.
722 2082 798 2110 unde
819 2089 844 2108 et
864 2081 931 2109 Ιιοη.
951 2079 1046 2117 furter.

377 2143 392 2147 -
437 2125 486 2154 27.
509 2123 587 2152 dele:
612 2131 678 2159 cion,
702 2133 732 2152 u!
751 2123 828 2163 vulg.

440 2169 488 2197 17.
510 2165 599 2193 adde:
633 2167 710 2202 vulg.
740 2178 826 2194 unum
854 2163 970 2193 oculum
996 2166 1025 2193 in
1049 2164 1146 2193 media

487 2206 593 2247 1ᾗὉηὶε
613 2206 716 2235 habere
734 2208 925 2246 perhibentur.

438 2250 486 2280 44.
507 2250 602 2277 adde:
621 2249 700 2285 vulg.
716 2261 769 2287 pro
788 2250 880 2288 geniis
898 2248 1029 2278 lucorum
1054 2257 1145 2277 erant.

439 2294 487 2322 67.
510 2291 599 2320 adde:
624 2290 701 2326 vulg.
728 2290 968 2328 Amphisilmena.

438 2336 487 2365 72.
513 2334 603 2362 adde:
626 2333 707 2369 vulg.
730 2340 907 2360 esser-escant.

438 2378 485 2406 34.
509 2375 598 2404 adde:
621 2375 700 2412 vulg.
724 2373 903 2413 admodytes.

1194 175 1225 203 Ρ.
1239 176 1310 207 395.
1334 180 1394 206 not.
1414 176 1461 207 53.
1485 186 1542 215 pro
1570 175 1624 206 Gu.
1646 179 1670 207 1.
1686 179 1714 209 2.
1738 177 1852 206 scribe:
1875 175 1971 217 vulgo.

1205 219 1313 248 -398.

1205 260 1313 290 -400.

1206 321 1220 325 -
1244 304 1315 332 401.

1208 406 1221 410 -
1245 386 1314 418 416.
1359 406 1373 410 -

1206 490 1221 494 -
1244 473 1315 502 437.
1358 490 1373 494 -

1205 533 1220 537 -
1243 514 1314 545 439.
1357 533 1372 537 -

1208 617 1222 621 -
1246 596 1316 627 443.
1361 617 1375 621 -

1207 659 1222 664 -
1246 640 1316 670 455-
1360 660 1375 664 -

1206 701 1221 706 -
1244 683 1315 713 462.
1359 702 1374 706 -

1205 744 1219 748 -
1243 725 1314 756 464.

1205 787 1220 791 -
1242 768 1313 798 469.

1205 829 1220 833 -
1243 810 1313 840 484.

1207 956 1220 960 -
1243 936 1313 968 486.
1357 955 1372 958 -

1207 998 1220 1002 -
1244 981 1315 1010 488.

1208 1083 1221 1087 -
1245 1065 1314 1096 489.
1360 1083 1373 1088 -

1207 1168 1220 1171 -
1244 1149 1313 1179 490.
1358 1168 1372 1172 -

1206 1210 1220 1214 -
1245 1191 1315 1221 491.
1360 1210 1373 1214 -

1208 1252 1221 1256 -
1247 1232 1315 1264 492.
1362 1253 1375 1257 -

1209 1463 1221 1468 -
1245 1445 1315 1476 493.
1361 1466 1373 1470 -

1209 1548 1222 1552 -
1246 1530 1316 1560 499.
1360 1550 1373 1554 -

1208 1590 1222 1594 -
1245 1574 1315 1603 501.

1209 1633 1222 1637 -
1246 1615 1317 1645 512.
1363 1635 1375 1639 -

1209 1675 1222 1679 -
1246 1657 1315 1688 531.
1346 1673 1373 1682 --

1207 1717 1222 1723 -
1244 1700 1316 1730 542.
1360 1719 1374 1724 -

1208 1760 1221 1765 -
1245 1742 1314 1773 545.

1209 1803 1222 1807 -
1245 1785 1315 1816 551.
1359 1805 1373 1809 -

1209 1888 1223 1891 -
1247 1871 1316 1900 553.
1362 1890 1375 1894 -

1210 1973 1224 1977 -
1248 1955 1318 1986 565.

1210 2015 1223 2019 -
1248 1999 1317 2028 533.
1362 2017 1376 2021 -

1210 2057 1223 2062 -
1247 2041 1317 2070 584.
1361 2059 1375 2063 -

1210 2100 1224 2104 -
1247 2083 1317 2112 586.
1362 2098 1373 2102 -

1211 2142 1224 2146 ·
1247 2125 1318 2154 611.

1210 2185 1223 2187 -
1247 2167 1316 2196 616.
1360 2185 1375 2189 -

1212 2310 1226 2314 -
1249 2293 1319 2322 618.

1212 2394 1226 2398 -
1249 2377 1320 2407 629.

1416 218 1464 250 24.
1487 229 1542 258 pro
1566 219 1628 249 eil.
1654 230 1728 249 cum.

1358 279 1373 284 -
1417 263 1465 291 32-
1491 262 1582 290 adde.
1607 262 1685 299 vulg.
1701 262 1832 303 fungiis.

1358 321 1372 325 -
1417 303 1464 334 48
1483 314 1539 342 pro
1559 302 1599 332 al.
1622 305 1718 333 sc1ibe
1739 316 1774 333 υιι
1757 303 1818 343 ιι3.ῖ

1415 346 1466 375 61.
1487 346 1577 375 adde:
1604 347 1685 385 vulg.
1710 346 1831 376 incolae.

1440 390 1466 417 1.
1492 388 1584 418 adde:
1609 390 1690 427 vulg.
1715 390 1851 418 arcticus.

1438 430 1465 460 8.
1489 431 1579 459 adde:
1604 433 1683 469 vulg.
1703 429 1839 470 τροπικός
1859 429 1990 470 θερινός.

1417 471 1466 501 47.
1490 473 1580 502 adde:
1604 475 1684 512 vulg.
1709 485 1725 502 a
1739 473 1805 512 filio
1823 473 1913 504 Clzam
1930 473 2011 502 dicta
2024 481 2072 503 esi.

1417 515 1465 544 73.
1490 520 1574 553 post:
1598 527 1694 545 versus
1721 516 1846 545 Homeri
1866 524 1906 545 est
1927 516 1992 546 dele
2014 516 2128 547 literam

1481 559 1495 587 ὁ
1516 563 1544 586 et
1562 558 1657 587 scribe
1676 559 1709 588 Ι1.
1724 560 1794 596 XX,
1810 561 1879 591 215.

1419 600 1468 630 52.
1493 600 1583 628 adde:
1606 601 1685 639 vulg.
1706 609 1887 642 argentoque-

1418 642 1466 671 51-
1490 642 1555 671 dele
1573 642 1680 672 lineam
1706 649 1771 682 post
1791 655 1836 673 vv.

1438 686 1467 714 7.
1488 695 1545 723 pro
1573 684 1681 714 Chaslu
1666 688 1722 715 uim
1746 687 1764 716 l.
1791 685 1950 715 Chasloim.

1420 727 1466 757 13
1485 728 1550 756 dele
1565 728 1669 756 vzerba
1685 727 1778 757 altera
1791 728 1896 769 forma
1909 740 1945 768 pr
1947 739 1963 758 ο
1980 729 2080 764 cassis,
2095 729 2128 756 is

1337 767 1373 796 ad
1377 767 1413 796 le
1429 774 1495 806 post
1515 769 1664 799 habitator
1666 770 1747 799 i:bus
1770 769 1846 809 vulg.

1338 815 1397 839 not.
1419 812 1465 842 15.
1490 812 1583 842 adde:
1606 813 1686 851 vulg.
1710 821 1735 841 et
1758 814 1819 841 ima
1804 825 1844 842 u.s

1415 856 1462 884 20.
1488 855 1565 892 lege:
1590 856 1676 884 Αιεν.
1696 868 1732 896 qu
1717 858 1764 884 uia
1779 856 1940 895 septentrio.
1960 872 1996 875 —-
2021 855 2057 883 Z.
2076 852 2128 883 Gu.

1479 899 1507 927 2.
1523 908 1569 926 να.
1590 897 1689 927 Cardo
1706 906 1764 934 est,
1788 899 1839 938 qui
1853 905 1893 926 esi
1907 909 1925 926 a
1937 904 2005 936 sept.

1439 941 1466 969 9.
1492 939 1581 968 adde:
1605 941 1684 977 vulg.
1699 939 1778 981 quod
1795 948 1924 969 aratores
1940 938 2128 968 cande1.voc.

1359 999 1373 1003 -
1417 983 1465 1012 28.
1488 982 1577 1010 adde:
1601 984 1681 1021 vulg.
1706 992 1731 1012 et
1756 985 1785 1011 in
1807 984 1900 1022 aquis.

1415 1025 1464 1054 37.
1486 1024 1577 1053 adde:
1600 1026 1680 1063 vulg.
1702 1037 1779 1067 quza.

1418 1066 1468 1096 47.
1493 1067 1581 1095 adde:
1601 1068 1680 1103 vulg.
1692 1069 1720 1096 in
1736 1066 1847 1096 Iudaea
1863 1066 1898 1095 tle
1912 1066 1980 1096 lacu
1989 1065 2130 1105 Asphalt.

1417 1110 1466 1138 77.
1490 1109 1579 1138 adde:
1607 1111 1686 1147 vulg.
1710 1121 1775 1138 cum
1798 1108 1885 1137 lunae
1906 1108 2047 1138 noctibus.

1417 1152 1465 1180 39.
1483 1151 1571 1179 adde:
1586 1153 1665 1190 vulg.
1681 1153 1738 1180 vim
1755 1151 1857 1179 habeat
1869 1150 1909 1179 ad
1921 1149 2129 1190 stringendum.

1418 1191 1466 1223 54.
1490 1193 1581 1222 adde:
1609 1195 1689 1231 vulg.
1709 1201 1838 1224 cavatae.

1440 1236 1467 1265 9-
1490 1245 1546 1273 pro
1566 1244 1626 1267 nar.
1644 1236 1743 1277 nfrig.
1765 1234 1818 1264 Gu.
1834 1238 1859 1266 1.
1876 1237 1937 1274 lege
1955 1243 2014 1264 nat.
2031 1235 2129 1276 njfrig.

1479 1278 1560 1315 vulg.

1422 1321 1472 1350 21.
1492 1330 1563 1358 pro:
1595 1320 1674 1358 vulg.
1701 1327 1781 1349 iactu
1801 1321 1879 1359 srig.
1902 1320 1923 1347 Z
1949 1336 1988 1341 -
2007 1318 2131 1359 frigida

1477 1370 1561 1391 acius
1583 1363 1662 1400 lege:
1705 1363 1790 1401 Vulg.
1812 1370 1891 1391 tacta
1905 1360 2017 1403 frigid.
2040 1378 2079 1383 -—
2102 1362 2130 1389 Z.

1472 1403 1598 1445 frigida
1622 1413 1698 1434 actu.

1419 1446 1468 1478 59.
1491 1458 1548 1485 pro
1576 1458 1633 1476 non
1657 1446 1714 1477 del.
1735 1449 1846 1487 scripta
1869 1446 1945 1485 vulg.
1970 1446 2044 1483 lege:
2075 1457 2132 1475 non

1483 1488 1537 1518 del.
1559 1490 1668 1529 scripta
1690 1491 1746 1519 Gn.
1765 1493 1791 1521 2.

1417 1533 1466 1562 37.
1491 1532 1586 1560 allero
1609 1533 1676 1560 loco
1696 1533 1792 1561 scribe
1812 1542 1868 1570 pro
1886 1529 1938 1559 Gu.
1952 1535 2031 1563 1.2..·
2054 1530 2130 1570 vulg.

1359 1593 1373 1597 -
1419 1574 1467 1604 74.
1488 1573 1578 1602 adde:
1596 1575 1674 1611 vulg.
1685 1576 1855 1614 perspicuus
1869 1580 1909 1602 est
1924 1582 2010 1613 atque
2019 1581 2130 1613 gratus.

1421 1618 1471 1647 31.
1496 1616 1586 1644 adde:
1610 1618 1690 1654 vulg.
1712 1615 1879 1646 arscindat.

1417 1659 1468 1690 55.
1493 1659 1581 1688 adde:
1609 1669 1627 1686 a
1646 1658 1750 1698 fungis
1775 1659 1889 1687 nomine
1911 1665 2030 1697 accepto
2053 1659 2130 1696 vulg.

1419 1702 1468 1732 42.
1492 1701 1584 1730 adde:
1606 1701 1685 1738 vulg.
1700 1700 1804 1742 foliis.

1360 1762 1374 1767 -
1419 1747 1468 1774 71.
1492 1744 1581 1772 adde:
1605 1743 1686 1781 vulg.
1711 1742 1882 1782 σχινιὶνθος.

1417 1788 1468 1817 59.
1493 1786 1583 1815 adde:
1611 1787 1682 1823 vulg
1714 1785 1882 1825 quercubus.

1416 1831 1465 1859 77.
1488 1829 1578 1857 adde:
1600 1829 1680 1866 vulg.
1701 1827 1835 1867 Capillus
1857 1826 1977 1857 Veneris
2002 1836 2130 1858 vocatus.

1419 1873 1467 1902 49.
1488 1871 1579 1899 adde:
1602 1872 1682 1907 vulg.
1705 1869 1873 1909 Pilogonos:

1420 1915 1470 1944 63.
1494 1913 1582 1941 adde:
1606 1914 1686 1950 vulg.
1710 1920 1819 1951 nepeta.

1364 1975 1378 1979 -
1423 1957 1471 1985 62.
1494 1961 1559 1993 post
1586 1955 1641 1985 Gu.
1659 1959 1684 1986 1.
1710 1955 1774 1983 dele
1796 1955 1913 1983 lineam.

1420 1999 1469 2027 67.
1492 2008 1546 2036 pro
1569 1997 1607 2026 ab
1630 1998 1692 2035 lege
1716 1995 1805 2036 apud.

1419 2042 1468 2070 27.
1493 2040 1570 2069 adde
1592 2045 1662 2079 post
1685 2040 1795 2070 Areu.-
1820 2038 1983 2079 laxantque
2005 2040 2086 2078 vulg.

1438 2084 1468 2112 2.
1491 2088 1559 2120 post
1581 2081 1757 2111 mcndicium
1781 2081 1869 2110 adde:
1892 2081 1968 2122 vulg.

1363 2143 1376 2148 -
1420 2124 1468 2154 47.
1493 2125 1583 2153 adde:
1610 2124 1675 2153 Om.
1699 2123 1752 2153 Gu.
1773 2128 1796 2155 1.
1812 2127 1839 2156 2.

1421 2169 1467 2197 12.
1493 2167 1613 2196 emenda
1631 2167 1686 2195 hoc
1701 2167 1804 2194 modo:
1828 2168 2037 2205 compositione
2046 2168 2129 2196 Z.—

1483 2211 1596 2239 Graeca
1612 2207 1672 2239 οἷπό
1690 2211 1744 2239 τοῦ
1757 2211 1851 2238 ποτοῦ
1864 2210 1970 2247 scripsi
1986 2221 2000 2239 e
2013 2210 2129 2240 Gu.1.2.

1480 2253 1546 2283 3-4.
1563 2262 1617 2291 pro
1636 2252 1714 2288 vulg.
1730 2249 1907 2289 συμπόσιον.
1937 2253 2037 2280 Cetera
2055 2251 2128 2279 dele.

1364 2311 1377 2315 -
1424 2296 1470 2325 11·
1495 2295 1559 2323 dele
1572 2295 1680 2323 verba:
1704 2301 1734 2322 ui
1745 2295 1896 2332 posuimus
1911 2295 2011 2328 etiam,
2030 2298 2057 2321 et
2074 2303 2128 2331 pro

1481 2348 1569 2376 quam
1592 2337 1610 2365 l.
1634 2347 1731 2376 quum.

1366 2395 1380 2400 -
1423 2379 1472 2410 64.
1499 2379 1575 2408 adde
1596 2384 1662 2418 post
1686 2377 1721 2406 de
1745 2378 1805 2405 vita
1826 2389 1894 2406 sua:
1917 2375 1994 2414 vulg.
