<?xml version="1.0" encoding="UTF-8"?>
<!DOCTYPE html PUBLIC "-//W3C//DTD XHTML 1.0 Transitional//EN"
    "http://www.w3.org/TR/xhtml1/DTD/xhtml1-transitional.dtd">
<html xmlns="http://www.w3.org/1999/xhtml" xml:lang="en" lang="en">
 <head>
  <title>
</title>
<meta http-equiv="Content-Type" content="text/html;charset=utf-8" />
  <meta name='ocr-system' content='tesseract 3.04.00' />
  <meta name='ocr-capabilities' content='ocr_page ocr_carea ocr_par ocr_line ocrx_word'/>
</head>
<body>
  <div class='ocr_page' id='page_1' title='image "./corpusgrammatico03linduoft_0085.png"; bbox 0 0 2264 2830; ppageno 0'>
   <div class='ocr_carea' id='block_1_1' title="bbox 810 63 1284 102">
    <p class='ocr_par' dir='ltr' id='par_1_1' title="bbox 810 63 1284 102">
     <span class='ocr_line' id='line_1_1' title="bbox 810 63 1284 102; baseline 0.008 -4"><span class='ocrx_word' id='word_1_1' title='bbox 810 63 1013 99; x_wconf 82' lang='lat' dir='ltr'><strong>ORIGINU</strong></span> <span class='ocrx_word' id='word_1_2' title='bbox 1017 65 1056 100; x_wconf 88' lang='lat' dir='ltr'><strong>M</strong></span> <span class='ocrx_word' id='word_1_3' title='bbox 1086 66 1231 101; x_wconf 78' lang='lat' dir='ltr'>LIBER</span> <span class='ocrx_word' id='word_1_4' title='bbox 1257 68 1284 102; x_wconf 91' lang='lat'>1.</span> 
     </span>
    </p>
   </div>
   <div class='ocr_carea' id='block_1_2' title="bbox 75 157 1011 246">
    <p class='ocr_par' dir='ltr' id='par_1_2' title="bbox 75 157 1011 246">
     <span class='ocr_line' id='line_1_2' title="bbox 75 157 1011 205; baseline -0.009 -11"><span class='ocrx_word' id='word_1_5' title='bbox 75 161 179 205; x_wconf 83' lang='lat' dir='ltr'><strong>Apud</strong></span> <span class='ocrx_word' id='word_1_6' title='bbox 205 166 332 193; x_wconf 79' lang='lat' dir='ltr'>veteres</span> <span class='ocrx_word' id='word_1_7' title='bbox 359 161 445 192; x_wconf 83' lang='lat' dir='ltr'>enim</span> <span class='ocrx_word' id='word_1_8' title='bbox 472 171 570 192; x_wconf 83' lang='lat' dir='ltr'>nemo</span> <span class='ocrx_word' id='word_1_9' title='bbox 597 157 768 192; x_wconf 75' lang='lat' dir='ltr'>historiam</span> <span class='ocrx_word' id='word_1_10' title='bbox 796 159 1011 193; x_wconf 73' lang='lat' dir='ltr'>conscribeba</span> 
     </span>
     <span class='ocr_line' id='line_1_3' title="bbox 75 208 381 246; baseline -0.007 -1"><span class='ocrx_word' id='word_1_11' title='bbox 75 218 181 246; x_wconf 77' lang='lat' dir='ltr'>essent</span> <span class='ocrx_word' id='word_1_12' title='bbox 191 208 215 229; x_wconf 77' lang='lat'>³⁷</span> <span class='ocrx_word' id='word_1_13' title='bbox 243 212 381 244; x_wconf 77' lang='lat' dir='ltr'>vidisset.</span> 
     </span>
    </p>
   </div>
   <div class='ocr_carea' id='block_1_3' title="bbox 74 271 1293 419">
    <p class='ocr_par' dir='ltr' id='par_1_3' title="bbox 74 271 1293 419">
     <span class='ocr_line' id='line_1_4' title="bbox 241 271 1293 316; baseline 0 -12"><span class='ocrx_word' id='word_1_14' title='bbox 241 272 273 304; x_wconf 84' lang='lat'>2.</span> <span class='ocrx_word' id='word_1_15' title='bbox 329 271 424 312; x_wconf 84' lang='lat' dir='ltr'>Quae</span> <span class='ocrx_word' id='word_1_16' title='bbox 451 271 536 304; x_wconf 88' lang='lat' dir='ltr'>enim</span> <span class='ocrx_word' id='word_1_17' title='bbox 564 271 734 312; x_wconf 83' lang='lat' dir='ltr'>videntur,</span> <span class='ocrx_word' id='word_1_18' title='bbox 770 272 839 303; x_wconf 82' lang='lat' dir='ltr'>sine</span> <span class='ocrx_word' id='word_1_19' title='bbox 866 272 1040 305; x_wconf 89' lang='lat' dir='ltr'>mendacio</span> <span class='ocrx_word' id='word_1_20' title='bbox 1068 273 1293 316; x_wconf 77' lang='lat' dir='ltr'>proferuntur.</span> 
     </span>
     <span class='ocr_line' id='line_1_5' title="bbox 74 319 1278 368; baseline 0.002 -13"><span class='ocrx_word' id='word_1_21' title='bbox 74 323 232 368; x_wconf 77' lang='lat' dir='ltr'><strong>pertinet,</strong></span> <span class='ocrx_word' id='word_1_22' title='bbox 260 323 337 366; x_wconf 86' lang='lat' dir='ltr'>quia</span> <span class='ocrx_word' id='word_1_23' title='bbox 362 322 454 366; x_wconf 86' lang='lat' dir='ltr'>quod</span> <span class='ocrx_word' id='word_1_24' title='bbox 482 319 562 355; x_wconf 78' lang='lat' dir='ltr'>est³⁹</span> <span class='ocrx_word' id='word_1_25' title='bbox 588 323 727 367; x_wconf 84' lang='lat' dir='ltr'>dignum</span> <span class='ocrx_word' id='word_1_26' title='bbox 752 323 931 364; x_wconf 85' lang='lat' dir='ltr'>memoria,</span> <span class='ocrx_word' id='word_1_27' title='bbox 964 324 1067 356; x_wconf 84' lang='lat' dir='ltr'>literis</span> <span class='ocrx_word' id='word_1_28' title='bbox 1094 325 1278 357; x_wconf 90' lang='lat' dir='ltr'>mandatur.</span> 
     </span>
     <span class='ocr_line' id='line_1_6' title="bbox 75 370 1242 419; baseline 0.003 -12"><span class='ocrx_word' id='word_1_29' title='bbox 75 375 246 413; x_wconf 89' lang='lat' dir='ltr'>dicuntur,</span> <span class='ocrx_word' id='word_1_30' title='bbox 275 386 315 407; x_wconf 89' lang='lat' dir='ltr'>eo</span> <span class='ocrx_word' id='word_1_31' title='bbox 341 370 470 418; x_wconf 79' lang='lat' dir='ltr'>qu0d⁴¹</span> <span class='ocrx_word' id='word_1_32' title='bbox 499 375 693 407; x_wconf 75' lang='lat' dir='ltr'>memoriam</span> <span class='ocrx_word' id='word_1_33' title='bbox 720 370 896 408; x_wconf 73' lang='lat' dir='ltr'>tribuant⁴²</span> <span class='ocrx_word' id='word_1_34' title='bbox 922 387 1032 408; x_wconf 89' lang='lat' dir='ltr'>rerum</span> <span class='ocrx_word' id='word_1_35' title='bbox 1060 380 1242 419; x_wconf 81' lang='lat' dir='ltr'>gestarum.</span> 
     </span>
    </p>
   </div>
   <div class='ocr_carea' id='block_1_4' title="bbox 74 422 918 471">
    <p class='ocr_par' dir='ltr' id='par_1_4' title="bbox 74 422 918 471">
     <span class='ocr_line' id='line_1_7' title="bbox 74 422 918 471; baseline 0.004 -13"><span class='ocrx_word' id='word_1_36' title='bbox 74 437 94 458; x_wconf 76' lang='lat' dir='ltr'>a</span> <span class='ocrx_word' id='word_1_37' title='bbox 117 427 208 458; x_wconf 86' lang='lat' dir='ltr'>sertis</span> <span class='ocrx_word' id='word_1_38' title='bbox 235 426 354 458; x_wconf 87' lang='lat' dir='ltr'>llorum</span> <span class='ocrx_word' id='word_1_39' title='bbox 381 424 520 459; x_wconf 76' lang='lat' dir='ltr'>invicem</span> <span class='ocrx_word' id='word_1_40' title='bbox 548 425 868 471; x_wconf 78' lang='lat' dir='ltr'>comprehensorum</span> <span class='ocrx_word' id='word_1_41' title='bbox 883 422 918 461; x_wconf 77' lang='lat'>⁴³.</span> 
     </span>
    </p>
   </div>
   <div class='ocr_carea' id='block_1_5' title="bbox 399 528 689 563">
    <p class='ocr_par' dir='ltr' id='par_1_5' title="bbox 399 528 689 563">
     <span class='ocr_line' id='line_1_8' title="bbox 399 528 689 563; baseline -0.003 -1"><span class='ocrx_word' id='word_1_42' title='bbox 399 528 428 562; x_wconf 92' lang='lat' dir='ltr'>C</span> <span class='ocrx_word' id='word_1_43' title='bbox 455 529 485 561; x_wconf 91' lang='lat' dir='ltr'>A</span> <span class='ocrx_word' id='word_1_44' title='bbox 513 529 549 563; x_wconf 89' lang='lat' dir='ltr'>P.</span> <span class='ocrx_word' id='word_1_45' title='bbox 602 529 689 562; x_wconf 73' lang='lat' dir='ltr'>xm.</span> 
     </span>
    </p>
   </div>
   <div class='ocr_carea' id='block_1_6' title="bbox 516 593 538 613">
    <p class='ocr_par' dir='ltr' id='par_1_6' title="bbox 516 593 538 613">
     <span class='ocr_line' id='line_1_9' title="bbox 516 593 538 613; baseline 0 0"><span class='ocrx_word' id='word_1_46' title='bbox 516 593 538 613; x_wconf 75' lang='lat' dir='ltr'>-ll</span> 
     </span>
    </p>
   </div>
   <div class='ocr_carea' id='block_1_7' title="bbox 240 529 1023 629">
    <p class='ocr_par' dir='ltr' id='par_1_7' title="bbox 240 529 1023 629">
     <span class='ocr_line' id='line_1_10' title="bbox 757 529 1023 573; baseline -0.004 -11"><span class='ocrx_word' id='word_1_47' title='bbox 757 529 822 562; x_wconf 85' lang='lat' dir='ltr'>De</span> <span class='ocrx_word' id='word_1_48' title='bbox 860 529 1023 573; x_wconf 77' lang='lat' dir='ltr'>primis</span> 
     </span>
     <span class='ocr_line' id='line_1_11' title="bbox 240 597 504 629; baseline 0 0"><span class='ocrx_word' id='word_1_49' title='bbox 240 597 270 629; x_wconf 94' lang='lat' dir='ltr'>l.</span> <span class='ocrx_word' id='word_1_50' title='bbox 325 597 504 629; x_wconf 79' lang='lat' dir='ltr'>Historiam</span> 
     </span>
    </p>
   </div>
   <div class='ocr_carea' id='block_1_8' title="bbox 72 648 669 744">
    <p class='ocr_par' dir='ltr' id='par_1_8' title="bbox 72 648 669 744">
     <span class='ocr_line' id='line_1_12' title="bbox 74 648 633 697; baseline -0.007 -12"><span class='ocrx_word' id='word_1_51' title='bbox 74 664 152 685; x_wconf 79' lang='lat' dir='ltr'>vero</span> <span class='ocrx_word' id='word_1_52' title='bbox 182 653 307 697; x_wconf 84' lang='lat' dir='ltr'>primus</span> <span class='ocrx_word' id='word_1_53' title='bbox 336 649 438 681; x_wconf 82' lang='lat' dir='ltr'>Dares</span> <span class='ocrx_word' id='word_1_54' title='bbox 466 648 633 693; x_wconf 74' lang='lat' dir='ltr'>Phrygius</span> 
     </span>
     <span class='ocr_line' id='line_1_13' title="bbox 72 701 669 744; baseline -0.01 -6"><span class='ocrx_word' id='word_1_55' title='bbox 72 705 114 738; x_wconf 90' lang='lat' dir='ltr'>ab</span> <span class='ocrx_word' id='word_1_56' title='bbox 138 715 179 737; x_wconf 88' lang='lat' dir='ltr'>eo</span> <span class='ocrx_word' id='word_1_57' title='bbox 207 701 427 744; x_wconf 86' lang='lat' dir='ltr'>conscriptam</span> <span class='ocrx_word' id='word_1_58' title='bbox 456 712 526 733; x_wconf 79' lang='lat' dir='ltr'>esse</span> <span class='ocrx_word' id='word_1_59' title='bbox 553 702 669 734; x_wconf 84' lang='lat' dir='ltr'>serunt.</span> 
     </span>
    </p>
   </div>
   <div class='ocr_carea' id='block_1_9' title="bbox 644 646 667 666">
    <p class='ocr_par' dir='ltr' id='par_1_9' title="bbox 644 646 667 666">
     <span class='ocr_line' id='line_1_14' title="bbox 644 646 667 666; baseline -0.043 0"><span class='ocrx_word' id='word_1_60' title='bbox 644 646 667 666; x_wconf 74' lang='lat' dir='ltr'>lli</span> 
     </span>
    </p>
   </div>
   <div class='ocr_carea' id='block_1_10' title="bbox 1015 156 1061 192">
    <p class='ocr_par' dir='ltr' id='par_1_10' title="bbox 1015 156 1061 192">
     <span class='ocr_line' id='line_1_15' title="bbox 1015 156 1061 192; baseline 0 -16"><span class='ocrx_word' id='word_1_61' title='bbox 1015 156 1061 192; x_wconf 66' lang='lat' dir='ltr'>t-&#39;lss</span> 
     </span>
    </p>
   </div>
   <div class='ocr_carea' id='block_1_11' title="bbox 574 593 1691 642">
    <p class='ocr_par' dir='ltr' id='par_1_11' title="bbox 574 593 1691 642">
     <span class='ocr_line' id='line_1_16' title="bbox 574 593 1691 642; baseline 0.002 -14"><span class='ocrx_word' id='word_1_62' title='bbox 574 598 698 641; x_wconf 82' lang='lat' dir='ltr'>primus</span> <span class='ocrx_word' id='word_1_63' title='bbox 730 598 821 642; x_wconf 89' lang='lat' dir='ltr'>apud</span> <span class='ocrx_word' id='word_1_64' title='bbox 851 593 944 630; x_wconf 78' lang='lat' dir='ltr'>nos⁴5</span> <span class='ocrx_word' id='word_1_65' title='bbox 971 597 1108 640; x_wconf 79' lang='lat' dir='ltr'>Moyses</span> <span class='ocrx_word' id='word_1_66' title='bbox 1137 597 1181 630; x_wconf 90' lang='lat' dir='ltr'>de</span> <span class='ocrx_word' id='word_1_67' title='bbox 1212 598 1303 630; x_wconf 87' lang='lat' dir='ltr'>initio</span> <span class='ocrx_word' id='word_1_68' title='bbox 1339 597 1453 630; x_wconf 91' lang='lat' dir='ltr'>mundi</span> <span class='ocrx_word' id='word_1_69' title='bbox 1489 598 1691 641; x_wconf 79' lang='lat' dir='ltr'>conscripsit.</span> 
     </span>
    </p>
   </div>
   <div class='ocr_carea' id='block_1_12' title="bbox 1974 74 2023 108">
    <p class='ocr_par' dir='ltr' id='par_1_12' title="bbox 1974 74 2023 108">
     <span class='ocr_line' id='line_1_17' title="bbox 1974 74 2023 108; baseline 0 0"><span class='ocrx_word' id='word_1_70' title='bbox 1974 74 2023 108; x_wconf 70' lang='lat'>67</span> 
     </span>
    </p>
   </div>
   <div class='ocr_carea' id='block_1_13' title="bbox 1069 160 2021 205">
    <p class='ocr_par' dir='ltr' id='par_1_13' title="bbox 1069 160 2021 205">
     <span class='ocr_line' id='line_1_18' title="bbox 1069 160 2021 205; baseline 0.006 -12"><span class='ocrx_word' id='word_1_71' title='bbox 1069 185 1078 202; x_wconf 89' lang='lat'>,</span> <span class='ocrx_word' id='word_1_72' title='bbox 1113 161 1171 193; x_wconf 80' lang='lat' dir='ltr'>nisi</span> <span class='ocrx_word' id='word_1_73' title='bbox 1206 161 1232 194; x_wconf 79' lang='lat' dir='ltr'>is</span> <span class='ocrx_word' id='word_1_74' title='bbox 1258 162 1314 205; x_wconf 87' lang='lat' dir='ltr'>qui</span> <span class='ocrx_word' id='word_1_75' title='bbox 1341 160 1550 201; x_wconf 76' lang='lat' dir='ltr'>interfuisset,</span> <span class='ocrx_word' id='word_1_76' title='bbox 1583 166 1615 193; x_wconf 86' lang='lat' dir='ltr'>et</span> <span class='ocrx_word' id='word_1_77' title='bbox 1641 173 1699 201; x_wconf 85' lang='lat' dir='ltr'>ea,</span> <span class='ocrx_word' id='word_1_78' title='bbox 1734 173 1821 205; x_wconf 84' lang='lat' dir='ltr'>quae</span> <span class='ocrx_word' id='word_1_79' title='bbox 1847 165 2021 201; x_wconf 76' lang='lat' dir='ltr'>scribenda</span> 
     </span>
    </p>
   </div>
   <div class='ocr_carea' id='block_1_14' title="bbox 436 208 2017 261">
    <p class='ocr_par' dir='ltr' id='par_1_14' title="bbox 436 208 2017 261">
     <span class='ocr_line' id='line_1_19' title="bbox 436 208 2017 261; baseline 0.005 -18"><span class='ocrx_word' id='word_1_80' title='bbox 436 211 558 244; x_wconf 85' lang='lat' dir='ltr'>Melius</span> <span class='ocrx_word' id='word_1_81' title='bbox 585 211 672 243; x_wconf 84' lang='lat' dir='ltr'>enim</span> <span class='ocrx_word' id='word_1_82' title='bbox 699 211 804 244; x_wconf 80' lang='lat' dir='ltr'>oculis</span> <span class='ocrx_word' id='word_1_83' title='bbox 830 222 916 254; x_wconf 88' lang='lat' dir='ltr'>quae</span> <span class='ocrx_word' id='word_1_84' title='bbox 938 212 1020 244; x_wconf 84' lang='lat' dir='ltr'>tiunt</span> <span class='ocrx_word' id='word_1_85' title='bbox 1038 211 1343 256; x_wconf 79' lang='lat' dir='ltr'>deprehendimus,</span> <span class='ocrx_word' id='word_1_86' title='bbox 1369 224 1469 255; x_wconf 87' lang='lat' dir='ltr'>quam</span> <span class='ocrx_word' id='word_1_87' title='bbox 1486 208 1606 256; x_wconf 48' lang='lat' dir='ltr'>quaem</span> <span class='ocrx_word' id='word_1_88' title='bbox 1633 212 1802 246; x_wconf 78' lang='lat' dir='ltr'>auditione</span> <span class='ocrx_word' id='word_1_89' title='bbox 1818 216 2017 261; x_wconf 81' lang='lat' dir='ltr'>colligimus.</span> 
     </span>
    </p>
   </div>
   <div class='ocr_carea' id='block_1_15' title="bbox 1295 272 2018 421">
    <p class='ocr_par' dir='ltr' id='par_1_15' title="bbox 1295 272 2018 421">
     <span class='ocr_line' id='line_1_20' title="bbox 1347 272 2017 316; baseline 0.012 -12"><span class='ocrx_word' id='word_1_90' title='bbox 1347 273 1444 305; x_wconf 79' lang='lat' dir='ltr'>Haec</span> <span class='ocrx_word' id='word_1_91' title='bbox 1471 272 1649 316; x_wconf 79' lang='lat' dir='ltr'>disciplina</span> <span class='ocrx_word' id='word_1_92' title='bbox 1678 273 1722 305; x_wconf 87' lang='lat' dir='ltr'>ad</span> <span class='ocrx_word' id='word_1_93' title='bbox 1752 272 2017 312; x_wconf 88' lang='lat' dir='ltr'>Grammaticam</span> 
     </span>
     <span class='ocr_line' id='line_1_21' title="bbox 1333 324 2018 361; baseline 0.009 -6"><span class='ocrx_word' id='word_1_94' title='bbox 1333 324 1499 356; x_wconf 75' lang='lat' dir='ltr'>Historiae</span> <span class='ocrx_word' id='word_1_95' title='bbox 1527 329 1638 357; x_wconf 87' lang='lat' dir='ltr'>autem</span> <span class='ocrx_word' id='word_1_96' title='bbox 1666 325 1743 358; x_wconf 89' lang='lat' dir='ltr'>ideo</span> <span class='ocrx_word' id='word_1_97' title='bbox 1771 327 2018 361; x_wconf 68' lang='lat' dir='ltr'>monumenta⁴⁴¹</span> 
     </span>
     <span class='ocr_line' id='line_1_22' title="bbox 1295 375 2016 421; baseline 0.007 -12"><span class='ocrx_word' id='word_1_98' title='bbox 1295 375 1405 409; x_wconf 81' lang='lat' dir='ltr'>Series</span> <span class='ocrx_word' id='word_1_99' title='bbox 1432 382 1544 409; x_wconf 88' lang='lat' dir='ltr'>autem</span> <span class='ocrx_word' id='word_1_100' title='bbox 1572 376 1660 411; x_wconf 85' lang='lat' dir='ltr'>dicta</span> <span class='ocrx_word' id='word_1_101' title='bbox 1688 388 1750 421; x_wconf 91' lang='lat' dir='ltr'>per</span> <span class='ocrx_word' id='word_1_102' title='bbox 1768 379 2016 414; x_wconf 78' lang='lat' dir='ltr'>translationem</span> 
     </span>
    </p>
   </div>
   <div class='ocr_carea' id='block_1_16' title="bbox 1064 529 1684 563">
    <p class='ocr_par' dir='ltr' id='par_1_16' title="bbox 1064 529 1684 563">
     <span class='ocr_line' id='line_1_23' title="bbox 1064 529 1684 563; baseline 0.003 -2"><span class='ocrx_word' id='word_1_103' title='bbox 1064 529 1330 562; x_wconf 76' lang='lat' dir='ltr'>auctoribus</span> <span class='ocrx_word' id='word_1_104' title='bbox 1373 529 1684 563; x_wconf 74' lang='lat' dir='ltr'>historiarum.</span> 
     </span>
    </p>
   </div>
   <div class='ocr_carea' id='block_1_17' title="bbox 1744 599 2015 645">
    <p class='ocr_par' dir='ltr' id='par_1_17' title="bbox 1744 599 2015 645">
     <span class='ocr_line' id='line_1_24' title="bbox 1744 599 2015 645; baseline 0.011 -14"><span class='ocrx_word' id='word_1_105' title='bbox 1744 599 1846 643; x_wconf 89' lang='lat' dir='ltr'>Apud</span> <span class='ocrx_word' id='word_1_106' title='bbox 1875 601 2015 645; x_wconf 75' lang='lat' dir='ltr'>gentiles</span> 
     </span>
    </p>
   </div>
   <div class='ocr_carea' id='block_1_18' title="bbox 701 648 2014 696">
    <p class='ocr_par' dir='ltr' id='par_1_18' title="bbox 701 648 2014 696">
     <span class='ocr_line' id='line_1_25' title="bbox 701 648 2014 696; baseline 0.002 -14"><span class='ocrx_word' id='word_1_107' title='bbox 701 649 744 682; x_wconf 81' lang='lat' dir='ltr'>(le</span> <span class='ocrx_word' id='word_1_108' title='bbox 772 649 911 682; x_wconf 85' lang='lat' dir='ltr'>Graecis</span> <span class='ocrx_word' id='word_1_109' title='bbox 938 654 971 681; x_wconf 85' lang='lat' dir='ltr'>et</span> <span class='ocrx_word' id='word_1_110' title='bbox 997 649 1150 681; x_wconf 78' lang='lat' dir='ltr'>Troianis</span> <span class='ocrx_word' id='word_1_111' title='bbox 1179 648 1353 682; x_wconf 72' lang='lat' dir='ltr'>historiam</span> <span class='ocrx_word' id='word_1_112' title='bbox 1381 648 1502 689; x_wconf 84' lang='lat' dir='ltr'>edidit,</span> <span class='ocrx_word' id='word_1_113' title='bbox 1530 660 1631 692; x_wconf 88' lang='lat' dir='ltr'>quam</span> <span class='ocrx_word' id='word_1_114' title='bbox 1659 650 1690 682; x_wconf 94' lang='lat' dir='ltr'>in</span> <span class='ocrx_word' id='word_1_115' title='bbox 1716 650 1803 683; x_wconf 74' lang='lat' dir='ltr'>foliis</span> <span class='ocrx_word' id='word_1_116' title='bbox 1827 652 2014 696; x_wconf 86' lang='lat' dir='ltr'>palmarum</span> 
     </span>
    </p>
   </div>
   <div class='ocr_carea' id='block_1_19' title="bbox 237 757 2014 806">
    <p class='ocr_par' dir='ltr' id='par_1_19' title="bbox 237 757 2014 806">
     <span class='ocr_line' id='line_1_26' title="bbox 237 757 2014 806; baseline 0.002 -12"><span class='ocrx_word' id='word_1_117' title='bbox 237 762 269 794; x_wconf 83' lang='lat'>2.</span> <span class='ocrx_word' id='word_1_118' title='bbox 322 761 401 793; x_wconf 77' lang='lat' dir='ltr'>Post</span> <span class='ocrx_word' id='word_1_119' title='bbox 427 760 584 793; x_wconf 80' lang='lat' dir='ltr'>Daretem</span> <span class='ocrx_word' id='word_1_120' title='bbox 622 765 732 793; x_wconf 87' lang='lat' dir='ltr'>autem</span> <span class='ocrx_word' id='word_1_121' title='bbox 776 761 808 792; x_wconf 92' lang='lat' dir='ltr'>in</span> <span class='ocrx_word' id='word_1_122' title='bbox 842 760 985 794; x_wconf 85' lang='lat' dir='ltr'>Graecia</span> <span class='ocrx_word' id='word_1_123' title='bbox 1020 759 1213 792; x_wconf 85' lang='lat' dir='ltr'>Herodotus</span> <span class='ocrx_word' id='word_1_124' title='bbox 1247 760 1372 804; x_wconf 81' lang='lat' dir='ltr'>primus</span> <span class='ocrx_word' id='word_1_125' title='bbox 1403 757 1730 806; x_wconf 72' lang='lat' dir='ltr'>historiographus⁴⁷</span> <span class='ocrx_word' id='word_1_126' title='bbox 1764 761 1897 795; x_wconf 78' lang='lat' dir='ltr'>habitus</span> <span class='ocrx_word' id='word_1_127' title='bbox 1925 759 2014 797; x_wconf 61' lang='lat' dir='ltr'>estffl.</span> 
     </span>
    </p>
   </div>
   <div class='ocr_carea' id='block_1_20' title="bbox 71 811 1544 859">
    <p class='ocr_par' dir='ltr' id='par_1_20' title="bbox 71 811 1544 859">
     <span class='ocr_line' id='line_1_27' title="bbox 71 811 1544 859; baseline -0.003 -11"><span class='ocrx_word' id='word_1_128' title='bbox 71 816 151 849; x_wconf 85' lang='lat' dir='ltr'>Post</span> <span class='ocrx_word' id='word_1_129' title='bbox 176 826 274 859; x_wconf 89' lang='lat' dir='ltr'>quem</span> <span class='ocrx_word' id='word_1_130' title='bbox 304 812 508 846; x_wconf 77' lang='lat' dir='ltr'>l‘herecides</span> <span class='ocrx_word' id='word_1_131' title='bbox 535 812 651 846; x_wconf 85' lang='lat' dir='ltr'>claruit</span> <span class='ocrx_word' id='word_1_132' title='bbox 677 812 713 844; x_wconf 86' lang='lat' dir='ltr'>iis</span> <span class='ocrx_word' id='word_1_133' title='bbox 740 812 966 855; x_wconf 80' lang='lat' dir='ltr'>temporibus,</span> <span class='ocrx_word' id='word_1_134' title='bbox 993 811 1111 855; x_wconf 83' lang='lat' dir='ltr'>quibus</span> <span class='ocrx_word' id='word_1_135' title='bbox 1138 811 1260 844; x_wconf 83' lang='lat' dir='ltr'>Esdras</span> <span class='ocrx_word' id='word_1_136' title='bbox 1287 812 1401 857; x_wconf 84' lang='lat' dir='ltr'>legem</span> <span class='ocrx_word' id='word_1_137' title='bbox 1429 812 1544 857; x_wconf 81' lang='lat' dir='ltr'>scripsi</span> 
     </span>
    </p>
   </div>
   <div class='ocr_carea' id='block_1_21' title="bbox 536 914 843 948">
    <p class='ocr_par' dir='ltr' id='par_1_21' title="bbox 536 914 843 948">
     <span class='ocr_line' id='line_1_28' title="bbox 536 914 843 948; baseline -0.003 0"><span class='ocrx_word' id='word_1_138' title='bbox 536 914 564 948; x_wconf 91' lang='lat' dir='ltr'>C</span> <span class='ocrx_word' id='word_1_139' title='bbox 591 915 621 948; x_wconf 85' lang='lat' dir='ltr'>A</span> <span class='ocrx_word' id='word_1_140' title='bbox 649 916 685 948; x_wconf 91' lang='lat' dir='ltr'>P.</span> <span class='ocrx_word' id='word_1_141' title='bbox 738 915 843 948; x_wconf 87' lang='lat' dir='ltr'>XLll.</span> 
     </span>
    </p>
   </div>
   <div class='ocr_carea' id='block_1_22' title="bbox 235 987 1109 1038">
    <p class='ocr_par' dir='ltr' id='par_1_22' title="bbox 235 987 1109 1038">
     <span class='ocr_line' id='line_1_29' title="bbox 235 987 1109 1038; baseline -0.003 -13"><span class='ocrx_word' id='word_1_142' title='bbox 235 994 401 1026; x_wconf 80' lang='lat' dir='ltr'>Historiae</span> <span class='ocrx_word' id='word_1_143' title='bbox 428 993 578 1037; x_wconf 83' lang='lat' dir='ltr'>gentium</span> <span class='ocrx_word' id='word_1_144' title='bbox 606 1003 672 1025; x_wconf 92' lang='lat' dir='ltr'>non</span> <span class='ocrx_word' id='word_1_145' title='bbox 695 992 881 1036; x_wconf 89' lang='lat' dir='ltr'>impediunt</span> <span class='ocrx_word' id='word_1_146' title='bbox 904 987 1109 1038; x_wconf 73' lang='lat' dir='ltr'>legentibus³</span> 
     </span>
    </p>
   </div>
   <div class='ocr_carea' id='block_1_23' title="bbox 1547 808 1603 847">
    <p class='ocr_par' dir='ltr' id='par_1_23' title="bbox 1547 808 1603 847">
     <span class='ocr_line' id='line_1_30' title="bbox 1547 808 1603 847; baseline -0.018 -19"><span class='ocrx_word' id='word_1_147' title='bbox 1547 817 1558 844; x_wconf 55' lang='lat' dir='ltr'>t</span> <span class='ocrx_word' id='word_1_148' title='bbox 1571 808 1603 847; x_wconf 48' lang='lat'>⁴9·</span> 
     </span>
    </p>
   </div>
   <div class='ocr_carea' id='block_1_24' title="bbox 922 914 1542 948">
    <p class='ocr_par' dir='ltr' id='par_1_24' title="bbox 922 914 1542 948">
     <span class='ocr_line' id='line_1_31' title="bbox 922 914 1542 948; baseline 0 0"><span class='ocrx_word' id='word_1_149' title='bbox 922 914 988 948; x_wconf 80' lang='lat' dir='ltr'>Dc</span> <span class='ocrx_word' id='word_1_150' title='bbox 1035 914 1248 947; x_wconf 77' lang='lat' dir='ltr'>utilitate</span> <span class='ocrx_word' id='word_1_151' title='bbox 1294 914 1542 948; x_wconf 80' lang='lat' dir='ltr'>Historiae.</span> 
     </span>
    </p>
   </div>
   <div class='ocr_carea' id='block_1_25' title="bbox 1111 986 1123 1005">
    <p class='ocr_par' dir='ltr' id='par_1_25' title="bbox 1111 986 1123 1005">
     <span class='ocr_line' id='line_1_32' title="bbox 1111 986 1123 1005; baseline 0 0"><span class='ocrx_word' id='word_1_152' title='bbox 1111 986 1123 1005; x_wconf 91' lang='lat'>0</span> 
     </span>
    </p>
   </div>
   <div class='ocr_carea' id='block_1_26' title="bbox 1150 987 2013 1034">
    <p class='ocr_par' dir='ltr' id='par_1_26' title="bbox 1150 987 2013 1034">
     <span class='ocr_line' id='line_1_33' title="bbox 1150 987 2013 1034; baseline 0.002 -12"><span class='ocrx_word' id='word_1_153' title='bbox 1150 990 1183 1022; x_wconf 93' lang='lat' dir='ltr'>in</span> <span class='ocrx_word' id='word_1_154' title='bbox 1209 991 1262 1032; x_wconf 81' lang='lat' dir='ltr'>lis,</span> <span class='ocrx_word' id='word_1_155' title='bbox 1304 1003 1391 1034; x_wconf 85' lang='lat' dir='ltr'>quae</span> <span class='ocrx_word' id='word_1_156' title='bbox 1418 992 1511 1024; x_wconf 88' lang='lat' dir='ltr'>utilia</span> <span class='ocrx_word' id='word_1_157' title='bbox 1546 991 1708 1023; x_wconf 85' lang='lat' dir='ltr'>dixerunt.</span> <span class='ocrx_word' id='word_1_158' title='bbox 1762 990 1864 1024; x_wconf 89' lang='lat' dir='ltr'>Multi</span> <span class='ocrx_word' id='word_1_159' title='bbox 1877 987 1898 1008; x_wconf 81' lang='lat'>⁵¹</span> <span class='ocrx_word' id='word_1_160' title='bbox 1928 993 2013 1025; x_wconf 83' lang='lat' dir='ltr'>enim</span> 
     </span>
    </p>
   </div>
   <div class='ocr_carea' id='block_1_27' title="bbox 71 1037 2014 1193">
    <p class='ocr_par' dir='ltr' id='par_1_27' title="bbox 71 1037 2014 1193">
     <span class='ocr_line' id='line_1_34' title="bbox 71 1037 2014 1090; baseline 0 -13"><span class='ocrx_word' id='word_1_161' title='bbox 71 1045 234 1090; x_wconf 79' lang='lat' dir='ltr'>sapientes</span> <span class='ocrx_word' id='word_1_162' title='bbox 265 1045 439 1089; x_wconf 79' lang='lat' dir='ltr'>praeterita</span> <span class='ocrx_word' id='word_1_163' title='bbox 466 1044 639 1076; x_wconf 85' lang='lat' dir='ltr'>hominum</span> <span class='ocrx_word' id='word_1_164' title='bbox 667 1049 762 1088; x_wconf 80' lang='lat' dir='ltr'>gesta</span> <span class='ocrx_word' id='word_1_165' title='bbox 789 1044 833 1077; x_wconf 88' lang='lat' dir='ltr'>ad</span> <span class='ocrx_word' id='word_1_166' title='bbox 860 1043 1095 1077; x_wconf 85' lang='lat' dir='ltr'>institutionem</span> <span class='ocrx_word' id='word_1_167' title='bbox 1121 1043 1342 1086; x_wconf 85' lang='lat' dir='ltr'>praesentium</span> <span class='ocrx_word' id='word_1_168' title='bbox 1358 1043 1502 1076; x_wconf 87' lang='lat' dir='ltr'>historiis</span> <span class='ocrx_word' id='word_1_169' title='bbox 1513 1040 1539 1060; x_wconf 77' lang='lat'>⁵²</span> <span class='ocrx_word' id='word_1_170' title='bbox 1561 1041 1769 1076; x_wconf 86' lang='lat' dir='ltr'>tradiderunt</span> <span class='ocrx_word' id='word_1_171' title='bbox 1780 1037 1824 1083; x_wconf 78' lang='lat'>⁵³,</span> <span class='ocrx_word' id='word_1_172' title='bbox 1851 1043 2014 1086; x_wconf 76' lang='lat' dir='ltr'>siquidem</span> 
     </span>
     <span class='ocr_line' id='line_1_35' title="bbox 72 1095 2014 1141; baseline -0.001 -11"><span class='ocrx_word' id='word_1_173' title='bbox 72 1102 104 1130; x_wconf 90' lang='lat' dir='ltr'>et</span> <span class='ocrx_word' id='word_1_174' title='bbox 130 1108 191 1141; x_wconf 88' lang='lat' dir='ltr'>per</span> <span class='ocrx_word' id='word_1_175' title='bbox 210 1096 379 1129; x_wconf 81' lang='lat' dir='ltr'>historiam</span> <span class='ocrx_word' id='word_1_176' title='bbox 407 1108 534 1128; x_wconf 79' lang='lat' dir='ltr'>summa</span> <span class='ocrx_word' id='word_1_177' title='bbox 552 1101 640 1128; x_wconf 83' lang='lat' dir='ltr'>retro</span> <span class='ocrx_word' id='word_1_178' title='bbox 667 1101 856 1140; x_wconf 83' lang='lat' dir='ltr'>temporum</span> <span class='ocrx_word' id='word_1_179' title='bbox 881 1105 1109 1137; x_wconf 86' lang='lat' dir='ltr'>annorumque</span> <span class='ocrx_word' id='word_1_180' title='bbox 1133 1095 1325 1138; x_wconf 86' lang='lat' dir='ltr'>supputatio</span> <span class='ocrx_word' id='word_1_181' title='bbox 1350 1095 1666 1139; x_wconf 77' lang='lat' dir='ltr'>comprehenditur,</span> <span class='ocrx_word' id='word_1_182' title='bbox 1695 1099 1727 1126; x_wconf 90' lang='lat' dir='ltr'>et</span> <span class='ocrx_word' id='word_1_183' title='bbox 1753 1104 1816 1138; x_wconf 87' lang='lat' dir='ltr'>per</span> <span class='ocrx_word' id='word_1_184' title='bbox 1843 1096 2014 1129; x_wconf 89' lang='lat' dir='ltr'>consulum</span> 
     </span>
     <span class='ocr_line' id='line_1_36' title="bbox 71 1148 1088 1193; baseline -0.003 -13"><span class='ocrx_word' id='word_1_185' title='bbox 71 1159 255 1193; x_wconf 82' lang='lat' dir='ltr'>regumque</span> <span class='ocrx_word' id='word_1_186' title='bbox 282 1160 466 1182; x_wconf 74' lang='lat' dir='ltr'>successum</span> <span class='ocrx_word' id='word_1_187' title='bbox 493 1148 598 1181; x_wconf 88' lang='lat' dir='ltr'>multa</span> <span class='ocrx_word' id='word_1_188' title='bbox 625 1148 807 1181; x_wconf 85' lang='lat' dir='ltr'>necessaria</span> <span class='ocrx_word' id='word_1_189' title='bbox 833 1151 1088 1192; x_wconf 77' lang='lat' dir='ltr'>perscrutantur.</span> 
     </span>
    </p>
   </div>
   <div class='ocr_carea' id='block_1_28' title="bbox 518 1250 845 1284">
    <p class='ocr_par' dir='ltr' id='par_1_28' title="bbox 518 1250 845 1284">
     <span class='ocr_line' id='line_1_37' title="bbox 518 1250 845 1284; baseline 0 -1"><span class='ocrx_word' id='word_1_190' title='bbox 518 1250 546 1283; x_wconf 92' lang='lat' dir='ltr'>C</span> <span class='ocrx_word' id='word_1_191' title='bbox 574 1251 604 1282; x_wconf 90' lang='lat' dir='ltr'><strong>A</strong></span> <span class='ocrx_word' id='word_1_192' title='bbox 631 1251 668 1283; x_wconf 88' lang='lat' dir='ltr'>P.</span> <span class='ocrx_word' id='word_1_193' title='bbox 723 1250 845 1284; x_wconf 83' lang='lat' dir='ltr'>LXIII.</span> 
     </span>
    </p>
   </div>
   <div class='ocr_carea' id='block_1_29' title="bbox 71 1326 849 1421">
    <p class='ocr_par' dir='ltr' id='par_1_29' title="bbox 71 1326 849 1421">
     <span class='ocr_line' id='line_1_38' title="bbox 239 1326 849 1369; baseline 0.003 -12"><span class='ocrx_word' id='word_1_194' title='bbox 239 1326 268 1360; x_wconf 86' lang='lat' dir='ltr'>l.</span> <span class='ocrx_word' id='word_1_195' title='bbox 321 1326 434 1357; x_wconf 74' lang='lat' dir='ltr'>Genus</span> <span class='ocrx_word' id='word_1_196' title='bbox 459 1326 616 1359; x_wconf 83' lang='lat' dir='ltr'>historiae</span> <span class='ocrx_word' id='word_1_197' title='bbox 643 1326 765 1369; x_wconf 76' lang='lat' dir='ltr'>triplex</span> <span class='ocrx_word' id='word_1_198' title='bbox 792 1331 849 1360; x_wconf 80' lang='lat' dir='ltr'>est.</span> 
     </span>
     <span class='ocr_line' id='line_1_39' title="bbox 71 1377 602 1421; baseline 0.004 -13"><span class='ocrx_word' id='word_1_199' title='bbox 71 1378 159 1421; x_wconf 82' lang='lat' dir='ltr'>apud</span> <span class='ocrx_word' id='word_1_200' title='bbox 195 1389 253 1409; x_wconf 66' lang='lat' dir='ltr'>nos</span> <span class='ocrx_word' id='word_1_201' title='bbox 282 1377 427 1408; x_wconf 84' lang='lat' dir='ltr'>Diarium</span> <span class='ocrx_word' id='word_1_202' title='bbox 456 1384 602 1411; x_wconf 74' lang='lat' dir='ltr'>vocatur.</span> 
     </span>
    </p>
   </div>
   <div class='ocr_carea' id='block_1_30' title="bbox 924 1245 1566 1292">
    <p class='ocr_par' dir='ltr' id='par_1_30' title="bbox 924 1245 1566 1292">
     <span class='ocr_line' id='line_1_40' title="bbox 924 1245 1566 1292; baseline 0.005 -15"><span class='ocrx_word' id='word_1_203' title='bbox 924 1249 988 1281; x_wconf 79' lang='lat' dir='ltr'>De</span> <span class='ocrx_word' id='word_1_204' title='bbox 1030 1245 1278 1292; x_wconf 77' lang='lat' dir='ltr'>generibus</span> <span class='ocrx_word' id='word_1_205' title='bbox 1319 1246 1566 1280; x_wconf 75' lang='lat' dir='ltr'>Historiae.</span> 
     </span>
    </p>
   </div>
   <div class='ocr_carea' id='block_1_31' title="bbox 661 1319 2013 1419">
    <p class='ocr_par' dir='ltr' id='par_1_31' title="bbox 661 1319 2013 1419">
     <span class='ocr_line' id='line_1_41' title="bbox 904 1319 2013 1369; baseline -0.001 -12"><span class='ocrx_word' id='word_1_206' title='bbox 904 1323 1116 1369; x_wconf 76' lang='lat' dir='ltr'>Ephcmeris</span> <span class='ocrx_word' id='word_1_207' title='bbox 1143 1334 1286 1365; x_wconf 83' lang='lat' dir='ltr'>namque</span> <span class='ocrx_word' id='word_1_208' title='bbox 1313 1323 1504 1366; x_wconf 83' lang='lat' dir='ltr'>appellatur</span> <span class='ocrx_word' id='word_1_209' title='bbox 1531 1322 1623 1354; x_wconf 87' lang='lat' dir='ltr'>unius</span> <span class='ocrx_word' id='word_1_210' title='bbox 1650 1322 1714 1355; x_wconf 87' lang='lat' dir='ltr'>diei</span> <span class='ocrx_word' id='word_1_211' title='bbox 1740 1319 1893 1367; x_wconf 63' lang='lat' dir='ltr'>gestio⁵‘¹‚</span> <span class='ocrx_word' id='word_1_212' title='bbox 1935 1324 2013 1358; x_wconf 87' lang='lat' dir='ltr'>Hoc</span> 
     </span>
     <span class='ocr_line' id='line_1_42' title="bbox 661 1370 1880 1419; baseline -0.002 -10"><span class='ocrx_word' id='word_1_213' title='bbox 661 1379 747 1409; x_wconf 56' lang='lat' dir='ltr'>Bam</span> <span class='ocrx_word' id='word_1_214' title='bbox 774 1377 865 1419; x_wconf 93' lang='lat' dir='ltr'>quod</span> <span class='ocrx_word' id='word_1_215' title='bbox 892 1376 1001 1408; x_wconf 89' lang='lat' dir='ltr'>Latini</span> <span class='ocrx_word' id='word_1_216' title='bbox 1013 1372 1037 1391; x_wconf 73' lang='lat'>⁵⁵</span> <span class='ocrx_word' id='word_1_217' title='bbox 1064 1375 1216 1406; x_wconf 91' lang='lat' dir='ltr'>diurnum</span> <span class='ocrx_word' id='word_1_218' title='bbox 1231 1371 1272 1414; x_wconf 69' lang='lat'>⁵⁰,</span> <span class='ocrx_word' id='word_1_219' title='bbox 1314 1374 1438 1408; x_wconf 85' lang='lat' dir='ltr'>Graeci</span> <span class='ocrx_word' id='word_1_220' title='bbox 1463 1370 1729 1417; x_wconf 74' lang='lat' dir='ltr'>Ephemerida⁵³</span> <span class='ocrx_word' id='word_1_221' title='bbox 1757 1374 1880 1408; x_wconf 85' lang='lat' dir='ltr'>dicunt.</span> 
     </span>
    </p>
   </div>
   <div class='ocr_carea' id='block_1_32' title="bbox 233 1433 1523 1481">
    <p class='ocr_par' dir='ltr' id='par_1_32' title="bbox 233 1433 1523 1481">
     <span class='ocr_line' id='line_1_43' title="bbox 233 1433 1523 1481; baseline -0.004 -12"><span class='ocrx_word' id='word_1_222' title='bbox 233 1437 266 1469; x_wconf 81' lang='grc'>2.</span> <span class='ocrx_word' id='word_1_223' title='bbox 321 1436 547 1469; x_wconf 70' lang='grc' dir='ltr'><strong><em>Κιιίωπίιινία</em></strong></span> <span class='ocrx_word' id='word_1_224' title='bbox 570 1437 799 1481; x_wconf 83' lang='lat' dir='ltr'>appellantur,</span> <span class='ocrx_word' id='word_1_225' title='bbox 827 1447 913 1479; x_wconf 87' lang='lat' dir='ltr'>quae</span> <span class='ocrx_word' id='word_1_226' title='bbox 933 1435 965 1466; x_wconf 93' lang='lat' dir='ltr'>in</span> <span class='ocrx_word' id='word_1_227' title='bbox 989 1446 1114 1466; x_wconf 87' lang='lat' dir='ltr'>menses</span> <span class='ocrx_word' id='word_1_228' title='bbox 1141 1434 1290 1478; x_wconf 80' lang='lat' dir='ltr'>singulos</span> <span class='ocrx_word' id='word_1_229' title='bbox 1317 1433 1523 1478; x_wconf 84' lang='lat' dir='ltr'>digeruntur.</span> 
     </span>
    </p>
   </div>
   <div class='ocr_carea' id='block_1_33' title="bbox 233 1495 1093 1540">
    <p class='ocr_par' dir='ltr' id='par_1_33' title="bbox 233 1495 1093 1540">
     <span class='ocr_line' id='line_1_44' title="bbox 233 1495 1093 1540; baseline 0 -12"><span class='ocrx_word' id='word_1_230' title='bbox 233 1495 265 1530; x_wconf 85' lang='lat'>3.</span> <span class='ocrx_word' id='word_1_231' title='bbox 318 1496 475 1530; x_wconf 72' lang='lat' dir='ltr'>Annales</span> <span class='ocrx_word' id='word_1_232' title='bbox 500 1502 573 1529; x_wconf 82' lang='lat' dir='ltr'>sunt</span> <span class='ocrx_word' id='word_1_233' title='bbox 599 1508 649 1529; x_wconf 84' lang='lat' dir='ltr'>res</span> <span class='ocrx_word' id='word_1_234' title='bbox 683 1495 889 1540; x_wconf 77' lang='lat' dir='ltr'>singulorum</span> <span class='ocrx_word' id='word_1_235' title='bbox 922 1505 1093 1528; x_wconf 86' lang='lat' dir='ltr'>annorum.</span> 
     </span>
    </p>
   </div>
   <div class='ocr_carea' id='block_1_34' title="bbox 1397 1488 1422 1508">
    <p class='ocr_par' dir='ltr' id='par_1_34' title="bbox 1397 1488 1422 1508">
     <span class='ocr_line' id='line_1_45' title="bbox 1397 1488 1422 1508; baseline 0 0"><span class='ocrx_word' id='word_1_236' title='bbox 1397 1488 1422 1508; x_wconf 74' lang='lat'>58</span> 
     </span>
    </p>
   </div>
   <div class='ocr_carea' id='block_1_35' title="bbox 1155 1490 2012 1536">
    <p class='ocr_par' dir='ltr' id='par_1_35' title="bbox 1155 1490 2012 1536">
     <span class='ocr_line' id='line_1_46' title="bbox 1155 1490 2012 1536; baseline 0 -11"><span class='ocrx_word' id='word_1_237' title='bbox 1155 1493 1386 1535; x_wconf 81' lang='lat' dir='ltr'>Quaecunque</span> <span class='ocrx_word' id='word_1_238' title='bbox 1456 1491 1542 1523; x_wconf 90' lang='lat' dir='ltr'>enim</span> <span class='ocrx_word' id='word_1_239' title='bbox 1576 1490 1680 1536; x_wconf 85' lang='lat' dir='ltr'>digna</span> <span class='ocrx_word' id='word_1_240' title='bbox 1713 1491 1895 1525; x_wconf 85' lang='lat' dir='ltr'>memoriae</span> <span class='ocrx_word' id='word_1_241' title='bbox 1921 1491 2012 1525; x_wconf 88' lang='lat' dir='ltr'>domi</span> 
     </span>
    </p>
   </div>
   <div class='ocr_carea' id='block_1_36' title="bbox 69 1542 2013 1592">
    <p class='ocr_par' dir='ltr' id='par_1_36' title="bbox 69 1542 2013 1592">
     <span class='ocr_line' id='line_1_47' title="bbox 69 1542 2013 1592; baseline -0.001 -14"><span class='ocrx_word' id='word_1_242' title='bbox 69 1546 288 1588; x_wconf 78' lang='lat' dir='ltr'>militiaeque.</span> <span class='ocrx_word' id='word_1_243' title='bbox 324 1549 403 1579; x_wconf 89' lang='lat' dir='ltr'>mari</span> <span class='ocrx_word' id='word_1_244' title='bbox 431 1560 471 1582; x_wconf 85' lang='lat' dir='ltr'>ac</span> <span class='ocrx_word' id='word_1_245' title='bbox 497 1554 604 1581; x_wconf 87' lang='lat' dir='ltr'>terrae</span> <span class='ocrx_word' id='word_1_246' title='bbox 631 1559 692 1592; x_wconf 89' lang='lat' dir='ltr'>per</span> <span class='ocrx_word' id='word_1_247' title='bbox 726 1558 827 1579; x_wconf 89' lang='lat' dir='ltr'>annos</span> <span class='ocrx_word' id='word_1_248' title='bbox 854 1547 885 1578; x_wconf 91' lang='lat' dir='ltr'>in</span> <span class='ocrx_word' id='word_1_249' title='bbox 913 1545 1155 1580; x_wconf 82' lang='lat' dir='ltr'>commentariis</span> <span class='ocrx_word' id='word_1_250' title='bbox 1188 1550 1262 1578; x_wconf 85' lang='lat' dir='ltr'>acta</span> <span class='ocrx_word' id='word_1_251' title='bbox 1291 1549 1379 1585; x_wconf 70' lang='lat' dir='ltr'>sunt,</span> <span class='ocrx_word' id='word_1_252' title='bbox 1421 1543 1463 1574; x_wconf 83' lang='lat' dir='ltr'>ab</span> <span class='ocrx_word' id='word_1_253' title='bbox 1499 1542 1722 1576; x_wconf 80' lang='lat' dir='ltr'>anniversariis</span> <span class='ocrx_word' id='word_1_254' title='bbox 1748 1543 1848 1588; x_wconf 84' lang='lat' dir='ltr'>gestis</span> <span class='ocrx_word' id='word_1_255' title='bbox 1881 1544 2013 1577; x_wconf 85' lang='lat' dir='ltr'>annales</span> 
     </span>
    </p>
   </div>
   <div class='ocr_carea' id='block_1_37' title="bbox 68 1595 318 1632">
    <p class='ocr_par' dir='ltr' id='par_1_37' title="bbox 68 1595 318 1632">
     <span class='ocr_line' id='line_1_48' title="bbox 68 1595 318 1632; baseline 0.008 -2"><span class='ocrx_word' id='word_1_256' title='bbox 68 1598 274 1630; x_wconf 85' lang='lat' dir='ltr'>nominantur</span> <span class='ocrx_word' id='word_1_257' title='bbox 284 1595 318 1632; x_wconf 73' lang='lat'>⁵¹³.</span> 
     </span>
    </p>
   </div>
   <div class='ocr_carea' id='block_1_38' title="bbox 231 1649 2012 1748">
    <p class='ocr_par' dir='ltr' id='par_1_38' title="bbox 231 1649 2012 1748">
     <span class='ocr_line' id='line_1_49' title="bbox 231 1649 1879 1700; baseline -0.003 -11"><span class='ocrx_word' id='word_1_258' title='bbox 231 1657 265 1692; x_wconf 71' lang='lat'>4.</span> <span class='ocrx_word' id='word_1_259' title='bbox 318 1658 465 1691; x_wconf 80' lang='lat' dir='ltr'>Historia</span> <span class='ocrx_word' id='word_1_260' title='bbox 492 1664 602 1692; x_wconf 88' lang='lat' dir='ltr'>autem</span> <span class='ocrx_word' id='word_1_261' title='bbox 630 1659 809 1691; x_wconf 89' lang='lat' dir='ltr'>multorum</span> <span class='ocrx_word' id='word_1_262' title='bbox 837 1668 996 1691; x_wconf 86' lang='lat' dir='ltr'>annorum</span> <span class='ocrx_word' id='word_1_263' title='bbox 1024 1658 1079 1690; x_wconf 85' lang='lat' dir='ltr'>vel</span> <span class='ocrx_word' id='word_1_264' title='bbox 1101 1662 1293 1700; x_wconf 86' lang='lat' dir='ltr'>temporum</span> <span class='ocrx_word' id='word_1_265' title='bbox 1321 1660 1385 1696; x_wconf 86' lang='lat' dir='ltr'>est,</span> <span class='ocrx_word' id='word_1_266' title='bbox 1412 1655 1505 1688; x_wconf 84' lang='lat' dir='ltr'>cuius</span> <span class='ocrx_word' id='word_1_267' title='bbox 1528 1649 1736 1698; x_wconf 65' lang='lat' dir='ltr'>diligentia6⁰</span> <span class='ocrx_word' id='word_1_268' title='bbox 1760 1650 1879 1685; x_wconf 74' lang='lat' dir='ltr'>annui⁶</span> 
     </span>
     <span class='ocr_line' id='line_1_50' title="bbox 688 1704 2012 1748; baseline -0.004 -6"><span class='ocrx_word' id='word_1_269' title='bbox 688 1710 777 1742; x_wconf 87' lang='lat' dir='ltr'>luter</span> <span class='ocrx_word' id='word_1_270' title='bbox 812 1709 983 1742; x_wconf 86' lang='lat' dir='ltr'>historiam</span> <span class='ocrx_word' id='word_1_271' title='bbox 1013 1715 1125 1742; x_wconf 85' lang='lat' dir='ltr'>autem</span> <span class='ocrx_word' id='word_1_272' title='bbox 1153 1714 1184 1741; x_wconf 83' lang='lat' dir='ltr'>et</span> <span class='ocrx_word' id='word_1_273' title='bbox 1221 1707 1354 1740; x_wconf 82' lang='lat' dir='ltr'>annales</span> <span class='ocrx_word' id='word_1_274' title='bbox 1388 1706 1456 1740; x_wconf 88' lang='lat' dir='ltr'>hoc</span> <span class='ocrx_word' id='word_1_275' title='bbox 1483 1705 1633 1747; x_wconf 85' lang='lat' dir='ltr'>interest,</span> <span class='ocrx_word' id='word_1_276' title='bbox 1672 1704 1764 1748; x_wconf 85' lang='lat' dir='ltr'>quod</span> <span class='ocrx_word' id='word_1_277' title='bbox 1798 1704 1936 1737; x_wconf 80' lang='lat' dir='ltr'>historia</span> <span class='ocrx_word' id='word_1_278' title='bbox 1966 1710 2012 1738; x_wconf 85' lang='lat' dir='ltr'>est</span> 
     </span>
    </p>
   </div>
   <div class='ocr_carea' id='block_1_39' title="bbox 68 1709 629 1744">
    <p class='ocr_par' dir='ltr' id='par_1_39' title="bbox 68 1709 629 1744">
     <span class='ocr_line' id='line_1_51' title="bbox 68 1709 629 1744; baseline 0.005 -3"><span class='ocrx_word' id='word_1_279' title='bbox 68 1709 216 1742; x_wconf 79' lang='lat' dir='ltr'>mentarii</span> <span class='ocrx_word' id='word_1_280' title='bbox 244 1710 276 1742; x_wconf 88' lang='lat' dir='ltr'>in</span> <span class='ocrx_word' id='word_1_281' title='bbox 303 1710 393 1743; x_wconf 78' lang='lat' dir='ltr'>libris·</span> <span class='ocrx_word' id='word_1_282' title='bbox 420 1710 522 1744; x_wconf 82' lang='lat' dir='ltr'>delati</span> <span class='ocrx_word' id='word_1_283' title='bbox 548 1715 629 1744; x_wconf 86' lang='lat' dir='ltr'>sunt.</span> 
     </span>
    </p>
   </div>
   <div class='ocr_carea' id='block_1_40' title="bbox 67 1825 1019 2378">
    <p class='ocr_par' dir='ltr' id='par_1_40' title="bbox 67 1825 1019 2378">
     <span class='ocr_line' id='line_1_52' title="bbox 74 1825 1018 1866; baseline 0 -13"><span class='ocrx_word' id='word_1_284' title='bbox 74 1826 278 1854; x_wconf 72' lang='lat' dir='ltr'>conscribebat</span> <span class='ocrx_word' id='word_1_285' title='bbox 293 1828 450 1857; x_wconf 70' lang='lat' dir='ltr'>historiam</span> <span class='ocrx_word' id='word_1_286' title='bbox 467 1829 545 1866; x_wconf 65' lang='lat' dir='ltr'>vulg.</span> <span class='ocrx_word' id='word_1_287' title='bbox 566 1844 601 1847; x_wconf 85' lang='lat'>——</span> <span class='ocrx_word' id='word_1_288' title='bbox 623 1828 669 1866; x_wconf 80' lang='lat'>37)</span> <span class='ocrx_word' id='word_1_289' title='bbox 694 1825 909 1856; x_wconf 70' lang='lat' dir='ltr'>conscribenda</span> <span class='ocrx_word' id='word_1_290' title='bbox 925 1832 1018 1854; x_wconf 72' lang='lat' dir='ltr'>essent</span> 
     </span>
     <span class='ocr_line' id='line_1_53' title="bbox 71 1869 1019 1909; baseline 0 -13"><span class='ocrx_word' id='word_1_291' title='bbox 71 1869 127 1897; x_wconf 89' lang='lat' dir='ltr'>Gu.</span> <span class='ocrx_word' id='word_1_292' title='bbox 145 1870 172 1899; x_wconf 80' lang='lat'>2-</span> <span class='ocrx_word' id='word_1_293' title='bbox 187 1879 233 1897; x_wconf 79' lang='lat' dir='ltr'>va.</span> <span class='ocrx_word' id='word_1_294' title='bbox 249 1870 298 1897; x_wconf 80' lang='lat' dir='ltr'>Ar.</span> <span class='ocrx_word' id='word_1_295' title='bbox 317 1887 357 1892; x_wconf 98' lang='lat'><strong>—</strong></span> <span class='ocrx_word' id='word_1_296' title='bbox 375 1876 457 1899; x_wconf 63' lang='lat' dir='ltr'>erant</span> <span class='ocrx_word' id='word_1_297' title='bbox 476 1871 511 1900; x_wconf 83' lang='lat' dir='ltr'>al.</span> <span class='ocrx_word' id='word_1_298' title='bbox 526 1887 568 1892; x_wconf 89' lang='lat'>——</span> <span class='ocrx_word' id='word_1_299' title='bbox 590 1870 636 1909; x_wconf 77' lang='lat'>38)</span> <span class='ocrx_word' id='word_1_300' title='bbox 661 1871 742 1909; x_wconf 61' lang='lat' dir='ltr'>xulg.</span> <span class='ocrx_word' id='word_1_301' title='bbox 759 1881 852 1909; x_wconf 77' lang='lat' dir='ltr'>quam</span> <span class='ocrx_word' id='word_1_302' title='bbox 869 1880 912 1903; x_wconf 73' lang='lat' dir='ltr'>ea,</span> <span class='ocrx_word' id='word_1_303' title='bbox 933 1880 1019 1907; x_wconf 76' lang='lat' dir='ltr'>qnae,</span> 
     </span>
     <span class='ocr_line' id='line_1_54' title="bbox 71 1911 1019 1951; baseline 0.001 -13"><span class='ocrx_word' id='word_1_304' title='bbox 71 1911 125 1940; x_wconf 85' lang='lat' dir='ltr'>sed</span> <span class='ocrx_word' id='word_1_305' title='bbox 143 1922 177 1938; x_wconf 74' lang='lat' dir='ltr'>cn</span> <span class='ocrx_word' id='word_1_306' title='bbox 196 1922 251 1939; x_wconf 84' lang='lat' dir='ltr'>om.</span> <span class='ocrx_word' id='word_1_307' title='bbox 271 1913 325 1941; x_wconf 91' lang='lat' dir='ltr'>Gu.</span> <span class='ocrx_word' id='word_1_308' title='bbox 346 1915 370 1943; x_wconf 83' lang='lat'>1.</span> <span class='ocrx_word' id='word_1_309' title='bbox 394 1929 435 1935; x_wconf 93' lang='lat'>—</span> <span class='ocrx_word' id='word_1_310' title='bbox 467 1916 512 1951; x_wconf 77' lang='lat'>39)</span> <span class='ocrx_word' id='word_1_311' title='bbox 535 1914 584 1942; x_wconf 85' lang='lat' dir='ltr'>Sic</span> <span class='ocrx_word' id='word_1_312' title='bbox 608 1914 664 1943; x_wconf 91' lang='lat' dir='ltr'>Gu.</span> <span class='ocrx_word' id='word_1_313' title='bbox 683 1917 708 1944; x_wconf 92' lang='lat'>1.</span> <span class='ocrx_word' id='word_1_314' title='bbox 735 1929 775 1935; x_wconf 92' lang='lat'>—</span> <span class='ocrx_word' id='word_1_315' title='bbox 801 1911 949 1951; x_wconf 76' lang='lat' dir='ltr'>quic-qnid</span> <span class='ocrx_word' id='word_1_316' title='bbox 969 1911 1019 1939; x_wconf 68' lang='lat' dir='ltr'><em>‹li-</em></span> 
     </span>
     <span class='ocr_line' id='line_1_55' title="bbox 67 1954 1018 1994; baseline 0.002 -14"><span class='ocrx_word' id='word_1_317' title='bbox 67 1964 166 1992; x_wconf 80' lang='lat' dir='ltr'>gnnm</span> <span class='ocrx_word' id='word_1_318' title='bbox 188 1954 268 1991; x_wconf 84' lang='lat' dir='ltr'>vulg.</span> <span class='ocrx_word' id='word_1_319' title='bbox 283 1971 323 1976; x_wconf 97' lang='lat'><strong>—</strong></span> <span class='ocrx_word' id='word_1_320' title='bbox 346 1956 392 1994; x_wconf 67' lang='lat' dir='ltr'>llo)</span> <span class='ocrx_word' id='word_1_321' title='bbox 416 1956 463 1984; x_wconf 88' lang='lat' dir='ltr'>Sic</span> <span class='ocrx_word' id='word_1_322' title='bbox 482 1957 538 1986; x_wconf 87' lang='lat' dir='ltr'>Gu.</span> <span class='ocrx_word' id='word_1_323' title='bbox 555 1959 581 1987; x_wconf 77' lang='lat'>2.</span> <span class='ocrx_word' id='word_1_324' title='bbox 601 1957 649 1984; x_wconf 87' lang='lat' dir='ltr'>Ar.</span> <span class='ocrx_word' id='word_1_325' title='bbox 671 1972 713 1977; x_wconf 92' lang='lat'><em>-</em></span> <span class='ocrx_word' id='word_1_326' title='bbox 735 1956 916 1983; x_wconf 76' lang='lat' dir='ltr'>monimenta</span> <span class='ocrx_word' id='word_1_327' title='bbox 938 1955 1018 1993; x_wconf 68' lang='lat' dir='ltr'>vulg.</span> 
     </span>
     <span class='ocr_line' id='line_1_56' title="bbox 68 1996 1019 2037; baseline 0.002 -14"><span class='ocrx_word' id='word_1_328' title='bbox 68 2011 110 2017; x_wconf 92' lang='lat'>—·</span> <span class='ocrx_word' id='word_1_329' title='bbox 127 1997 175 2033; x_wconf 69' lang='lat'>41)</span> <span class='ocrx_word' id='word_1_330' title='bbox 190 2008 220 2023; x_wconf 68' lang='lat' dir='ltr'>co</span> <span class='ocrx_word' id='word_1_331' title='bbox 237 1996 337 2025; x_wconf 73' lang='lat' dir='ltr'>addidi</span> <span class='ocrx_word' id='word_1_332' title='bbox 355 2008 369 2026; x_wconf 89' lang='lat' dir='ltr'>e</span> <span class='ocrx_word' id='word_1_333' title='bbox 387 1998 441 2026; x_wconf 84' lang='lat' dir='ltr'>Gu.</span> <span class='ocrx_word' id='word_1_334' title='bbox 453 2000 478 2029; x_wconf 87' lang='lat'>1.</span> <span class='ocrx_word' id='word_1_335' title='bbox 495 2003 522 2030; x_wconf 81' lang='lat'>2.</span> <span class='ocrx_word' id='word_1_336' title='bbox 534 2009 579 2027; x_wconf 78' lang='lat' dir='ltr'>va.</span> <span class='ocrx_word' id='word_1_337' title='bbox 595 2014 635 2020; x_wconf 90' lang='lat'>—</span> <span class='ocrx_word' id='word_1_338' title='bbox 658 1997 703 2037; x_wconf 65' lang='grc'>49)</span> <span class='ocrx_word' id='word_1_339' title='bbox 715 1999 763 2026; x_wconf 86' lang='lat' dir='ltr'>Slc</span> <span class='ocrx_word' id='word_1_340' title='bbox 783 1998 839 2026; x_wconf 86' lang='lat' dir='ltr'>Gu.</span> <span class='ocrx_word' id='word_1_341' title='bbox 852 1999 914 2028; x_wconf 74' lang='lat'>1.2-</span> <span class='ocrx_word' id='word_1_342' title='bbox 933 1997 1019 2025; x_wconf 84' lang='lat' dir='ltr'>al.—</span> 
     </span>
     <span class='ocr_line' id='line_1_57' title="bbox 75 2038 1014 2080; baseline 0.002 -15"><span class='ocrx_word' id='word_1_343' title='bbox 75 2038 211 2066; x_wconf 75' lang='lat' dir='ltr'>trilmunl</span> <span class='ocrx_word' id='word_1_344' title='bbox 235 2040 316 2077; x_wconf 77' lang='lat' dir='ltr'>vulg.</span> <span class='ocrx_word' id='word_1_345' title='bbox 337 2056 378 2061; x_wconf 90' lang='lat'>—-</span> <span class='ocrx_word' id='word_1_346' title='bbox 400 2041 446 2078; x_wconf 57' lang='lat'>43)</span> <span class='ocrx_word' id='word_1_347' title='bbox 471 2041 749 2080; x_wconf 61' lang='lat' dir='ltr'>wmprchm-mrum</span> <span class='ocrx_word' id='word_1_348' title='bbox 769 2041 826 2069; x_wconf 89' lang='lat' dir='ltr'>Gu.</span> <span class='ocrx_word' id='word_1_349' title='bbox 848 2043 876 2071; x_wconf 77' lang='lat'>2.</span> <span class='ocrx_word' id='word_1_350' title='bbox 899 2057 940 2060; x_wconf 89' lang='lat'>—</span> <span class='ocrx_word' id='word_1_351' title='bbox 971 2042 1014 2076; x_wconf 67' lang='lat'>44)</span> 
     </span>
     <span class='ocr_line' id='line_1_58' title="bbox 70 2080 1015 2120; baseline 0 -12"><span class='ocrx_word' id='word_1_352' title='bbox 70 2080 156 2118; x_wconf 80' lang='lat' dir='ltr'>Vulg.</span> <span class='ocrx_word' id='word_1_353' title='bbox 180 2082 355 2109; x_wconf 55' lang='lat' dir='ltr'>III-sturiam</span> <span class='ocrx_word' id='word_1_354' title='bbox 376 2089 492 2120; x_wconf 61' lang='lat' dir='ltr'>antem,</span> <span class='ocrx_word' id='word_1_355' title='bbox 521 2084 572 2113; x_wconf 88' lang='lat' dir='ltr'>sed</span> <span class='ocrx_word' id='word_1_356' title='bbox 589 2089 687 2111; x_wconf 67' lang='lat' dir='ltr'>autem</span> <span class='ocrx_word' id='word_1_357' title='bbox 708 2094 765 2113; x_wconf 82' lang='lat' dir='ltr'>om.</span> <span class='ocrx_word' id='word_1_358' title='bbox 783 2084 837 2111; x_wconf 85' lang='lat' dir='ltr'>Gu.</span> <span class='ocrx_word' id='word_1_359' title='bbox 856 2085 882 2112; x_wconf 90' lang='lat'>1.</span> <span class='ocrx_word' id='word_1_360' title='bbox 907 2098 948 2103; x_wconf 97' lang='lat'>—</span> <span class='ocrx_word' id='word_1_361' title='bbox 970 2081 1015 2120; x_wconf 78' lang='lat'>45)</span> 
     </span>
     <span class='ocr_line' id='line_1_59' title="bbox 70 2122 1016 2164; baseline 0.004 -14"><span class='ocrx_word' id='word_1_362' title='bbox 70 2122 158 2161; x_wconf 80' lang='lat' dir='ltr'>apud</span> <span class='ocrx_word' id='word_1_363' title='bbox 172 2126 354 2163; x_wconf 64' lang='lat' dir='ltr'>&#39;imprimas</span> <span class='ocrx_word' id='word_1_364' title='bbox 373 2126 427 2153; x_wconf 89' lang='lat' dir='ltr'>Gu.</span> <span class='ocrx_word' id='word_1_365' title='bbox 446 2129 473 2157; x_wconf 78' lang='lat'>2.</span> <span class='ocrx_word' id='word_1_366' title='bbox 495 2143 528 2147; x_wconf 94' lang='lat'><strong>—</strong></span> <span class='ocrx_word' id='word_1_367' title='bbox 550 2128 595 2164; x_wconf 65' lang='lat'>46)</span> <span class='ocrx_word' id='word_1_368' title='bbox 614 2128 751 2164; x_wconf 72' lang='lat' dir='ltr'>frigium</span> <span class='ocrx_word' id='word_1_369' title='bbox 771 2125 840 2154; x_wconf 82' lang='lat' dir='ltr'>add.</span> <span class='ocrx_word' id='word_1_370' title='bbox 860 2135 904 2163; x_wconf 79' lang='lat' dir='ltr'>pr.</span> <span class='ocrx_word' id='word_1_371' title='bbox 917 2140 953 2146; x_wconf 88' lang='lat'>--</span> <span class='ocrx_word' id='word_1_372' title='bbox 971 2126 1016 2161; x_wconf 77' lang='lat'>47)</span> 
     </span>
     <span class='ocr_line' id='line_1_60' title="bbox 70 2165 1017 2207; baseline 0 -14"><span class='ocrx_word' id='word_1_373' title='bbox 70 2165 230 2194; x_wconf 71' lang='lat' dir='ltr'>historiam</span> <span class='ocrx_word' id='word_1_374' title='bbox 246 2169 382 2205; x_wconf 71' lang='lat' dir='ltr'>primum</span> <span class='ocrx_word' id='word_1_375' title='bbox 406 2168 463 2196; x_wconf 52' lang='lat' dir='ltr'>Cu,</span> <span class='ocrx_word' id='word_1_376' title='bbox 477 2170 505 2199; x_wconf 79' lang='lat'>2.</span> <span class='ocrx_word' id='word_1_377' title='bbox 530 2184 566 2190; x_wconf 87' lang='lat'>-·</span> <span class='ocrx_word' id='word_1_378' title='bbox 594 2171 716 2207; x_wconf 68' lang='lat' dir='ltr'>primus</span> <span class='ocrx_word' id='word_1_379' title='bbox 731 2169 894 2196; x_wconf 70' lang='lat' dir='ltr'>historiam</span> <span class='ocrx_word' id='word_1_380' title='bbox 914 2177 959 2194; x_wconf 85' lang='lat' dir='ltr'>va.</span> <span class='ocrx_word' id='word_1_381' title='bbox 975 2182 1017 2188; x_wconf 90' lang='lat'>—-</span> 
     </span>
     <span class='ocr_line' id='line_1_61' title="bbox 70 2207 1017 2249; baseline 0.001 -14"><span class='ocrx_word' id='word_1_382' title='bbox 70 2207 234 2237; x_wconf 65' lang='lat' dir='ltr'>historicus</span> <span class='ocrx_word' id='word_1_383' title='bbox 252 2212 375 2249; x_wconf 74' lang='lat' dir='ltr'>primu-5</span> <span class='ocrx_word' id='word_1_384' title='bbox 398 2210 448 2238; x_wconf 79' lang='lat' dir='ltr'>Ar.</span> <span class='ocrx_word' id='word_1_385' title='bbox 470 2226 511 2231; x_wconf 97' lang='lat'><strong>—</strong></span> <span class='ocrx_word' id='word_1_386' title='bbox 532 2213 652 2249; x_wconf 71' lang='lat' dir='ltr'>primns</span> <span class='ocrx_word' id='word_1_387' title='bbox 675 2213 705 2239; x_wconf 83' lang='lat' dir='ltr'>in</span> <span class='ocrx_word' id='word_1_388' title='bbox 727 2211 858 2238; x_wconf 66' lang='lat' dir='ltr'>lli-storia</span> <span class='ocrx_word' id='word_1_389' title='bbox 875 2209 940 2237; x_wconf 85' lang='lat' dir='ltr'>cod.</span> <span class='ocrx_word' id='word_1_390' title='bbox 958 2209 1017 2237; x_wconf 79' lang='lat' dir='ltr'>Ro-</span> 
     </span>
     <span class='ocr_line' id='line_1_62' title="bbox 69 2252 1016 2291; baseline 0.001 -13"><span class='ocrx_word' id='word_1_391' title='bbox 69 2261 147 2280; x_wconf 85' lang='lat' dir='ltr'>man.</span> <span class='ocrx_word' id='word_1_392' title='bbox 166 2252 256 2281; x_wconf 84' lang='lat' dir='ltr'>Grial.</span> <span class='ocrx_word' id='word_1_393' title='bbox 279 2269 319 2274; x_wconf 94' lang='lat'><strong>—</strong></span> <span class='ocrx_word' id='word_1_394' title='bbox 341 2253 501 2280; x_wconf 57' lang='lat' dir='ltr'>luzum-iam</span> <span class='ocrx_word' id='word_1_395' title='bbox 516 2259 548 2281; x_wconf 89' lang='lat' dir='ltr'>ut</span> <span class='ocrx_word' id='word_1_396' title='bbox 564 2254 618 2281; x_wconf 91' lang='lat' dir='ltr'>Gu.</span> <span class='ocrx_word' id='word_1_397' title='bbox 636 2257 664 2285; x_wconf 83' lang='lat'>2.</span> <span class='ocrx_word' id='word_1_398' title='bbox 688 2254 828 2282; x_wconf 80' lang='lat' dir='ltr'>mendose</span> <span class='ocrx_word' id='word_1_399' title='bbox 841 2252 960 2291; x_wconf 80' lang='lat' dir='ltr'>gothici.</span> <span class='ocrx_word' id='word_1_400' title='bbox 975 2267 1016 2273; x_wconf 93' lang='lat'>—</span> 
     </span>
     <span class='ocr_line' id='line_1_63' title="bbox 69 2293 1015 2335; baseline 0.001 -15"><span class='ocrx_word' id='word_1_401' title='bbox 69 2293 116 2330; x_wconf 82' lang='lat'>48)</span> <span class='ocrx_word' id='word_1_402' title='bbox 141 2300 181 2321; x_wconf 65' lang='lat' dir='ltr'>est</span> <span class='ocrx_word' id='word_1_403' title='bbox 199 2306 255 2323; x_wconf 89' lang='lat' dir='ltr'>om.</span> <span class='ocrx_word' id='word_1_404' title='bbox 274 2295 321 2323; x_wconf 81' lang='lat' dir='ltr'>Ar.</span> <span class='ocrx_word' id='word_1_405' title='bbox 345 2312 385 2316; x_wconf 93' lang='lat'><em>-</em></span> <span class='ocrx_word' id='word_1_406' title='bbox 416 2293 465 2335; x_wconf 70' lang='lat'>49)</span> <span class='ocrx_word' id='word_1_407' title='bbox 490 2295 536 2323; x_wconf 89' lang='lat' dir='ltr'>Sic</span> <span class='ocrx_word' id='word_1_408' title='bbox 561 2297 615 2325; x_wconf 90' lang='lat' dir='ltr'>Gu.</span> <span class='ocrx_word' id='word_1_409' title='bbox 638 2299 663 2326; x_wconf 86' lang='grc'>1.</span> <span class='ocrx_word' id='word_1_410' title='bbox 679 2299 706 2328; x_wconf 75' lang='lat'>2.</span> <span class='ocrx_word' id='word_1_411' title='bbox 726 2298 775 2325; x_wconf 83' lang='lat' dir='ltr'>Ar.</span> <span class='ocrx_word' id='word_1_412' title='bbox 800 2312 841 2317; x_wconf 96' lang='lat'>—-</span> <span class='ocrx_word' id='word_1_413' title='bbox 865 2296 1015 2332; x_wconf 74' lang='lat' dir='ltr'>conscrip-</span> 
     </span>
     <span class='ocr_line' id='line_1_64' title="bbox 71 2335 1015 2378; baseline 0.002 -16"><span class='ocrx_word' id='word_1_414' title='bbox 71 2335 107 2362; x_wconf 75' lang='lat' dir='ltr'>sit</span> <span class='ocrx_word' id='word_1_415' title='bbox 130 2337 208 2374; x_wconf 76' lang='lat' dir='ltr'>vulg.</span> <span class='ocrx_word' id='word_1_416' title='bbox 240 2355 273 2358; x_wconf 81' lang='lat'><em>-</em></span> <span class='ocrx_word' id='word_1_417' title='bbox 311 2339 357 2373; x_wconf 83' lang='lat'>50)</span> <span class='ocrx_word' id='word_1_418' title='bbox 383 2340 430 2366; x_wconf 65' lang='lat' dir='ltr'>Sic</span> <span class='ocrx_word' id='word_1_419' title='bbox 456 2338 512 2365; x_wconf 90' lang='lat' dir='ltr'>Gu.</span> <span class='ocrx_word' id='word_1_420' title='bbox 533 2341 557 2369; x_wconf 90' lang='lat'>1.</span> <span class='ocrx_word' id='word_1_421' title='bbox 579 2349 623 2366; x_wconf 86' lang='lat' dir='ltr'>va.</span> <span class='ocrx_word' id='word_1_422' title='bbox 648 2339 684 2367; x_wconf 80' lang='lat' dir='ltr'>al.</span> <span class='ocrx_word' id='word_1_423' title='bbox 715 2358 750 2362; x_wconf 80' lang='lat'>—</span> <span class='ocrx_word' id='word_1_424' title='bbox 783 2339 909 2378; x_wconf 66' lang='lat' dir='ltr'>legente-5</span> <span class='ocrx_word' id='word_1_425' title='bbox 936 2337 1015 2374; x_wconf 82' lang='lat' dir='ltr'>vulg.</span> 
     </span>
    </p>
   </div>
   <div class='ocr_carea' id='block_1_41' title="bbox 1882 1649 2011 1686">
    <p class='ocr_par' dir='ltr' id='par_1_41' title="bbox 1882 1649 2011 1686">
     <span class='ocr_line' id='line_1_65' title="bbox 1882 1649 2011 1686; baseline -0.008 0"><span class='ocrx_word' id='word_1_426' title='bbox 1882 1649 1890 1669; x_wconf 72' lang='grc' dir='ltr'>ι</span> <span class='ocrx_word' id='word_1_427' title='bbox 1918 1665 2011 1686; x_wconf 87' lang='lat' dir='ltr'>com-</span> 
     </span>
    </p>
   </div>
   <div class='ocr_carea' id='block_1_42' title="bbox 1058 1822 2010 2204">
    <p class='ocr_par' dir='ltr' id='par_1_42' title="bbox 1058 1822 2010 2204">
     <span class='ocr_line' id='line_1_66' title="bbox 1061 1822 2008 1864; baseline -0.004 -10"><span class='ocrx_word' id='word_1_428' title='bbox 1061 1826 1213 1864; x_wconf 85' lang='lat' dir='ltr'>Nusquam</span> <span class='ocrx_word' id='word_1_429' title='bbox 1230 1824 1300 1853; x_wconf 85' lang='lat' dir='ltr'>alibi</span> <span class='ocrx_word' id='word_1_430' title='bbox 1320 1824 1397 1852; x_wconf 87' lang='lat' dir='ltr'>hanc</span> <span class='ocrx_word' id='word_1_431' title='bbox 1426 1822 1682 1851; x_wconf 82' lang='lat' dir='ltr'>constructionem</span> <span class='ocrx_word' id='word_1_432' title='bbox 1704 1822 1836 1861; x_wconf 82' lang='lat' dir='ltr'>reperies</span> <span class='ocrx_word' id='word_1_433' title='bbox 1868 1831 1903 1849; x_wconf 85' lang='lat' dir='ltr'>ne</span> <span class='ocrx_word' id='word_1_434' title='bbox 1925 1822 2008 1860; x_wconf 84' lang='lat' dir='ltr'>apud</span> 
     </span>
     <span class='ocr_line' id='line_1_67' title="bbox 1062 1864 2007 1906; baseline -0.006 -9"><span class='ocrx_word' id='word_1_435' title='bbox 1062 1869 1181 1897; x_wconf 79' lang='lat' dir='ltr'>ultimos</span> <span class='ocrx_word' id='word_1_436' title='bbox 1201 1867 1319 1906; x_wconf 83' lang='lat' dir='ltr'>quidem</span> <span class='ocrx_word' id='word_1_437' title='bbox 1342 1866 1513 1905; x_wconf 86' lang='lat' dir='ltr'>scriptores.</span> <span class='ocrx_word' id='word_1_438' title='bbox 1538 1865 1589 1893; x_wconf 81' lang='lat' dir='ltr'>Est</span> <span class='ocrx_word' id='word_1_439' title='bbox 1609 1865 1630 1894; x_wconf 80' lang='lat' dir='ltr'>i.</span> <span class='ocrx_word' id='word_1_440' title='bbox 1655 1875 1683 1903; x_wconf 91' lang='lat' dir='ltr'>q.</span> <span class='ocrx_word' id='word_1_441' title='bbox 1705 1864 1918 1903; x_wconf 73' lang='lat' dir='ltr'>impedimento</span> <span class='ocrx_word' id='word_1_442' title='bbox 1939 1875 2007 1901; x_wconf 68' lang='lat' dir='ltr'>esse,</span> 
     </span>
     <span class='ocr_line' id='line_1_68' title="bbox 1061 1905 2010 1945; baseline -0.004 -5"><span class='ocrx_word' id='word_1_443' title='bbox 1061 1912 1140 1940; x_wconf 88' lang='lat' dir='ltr'>unde</span> <span class='ocrx_word' id='word_1_444' title='bbox 1163 1912 1260 1939; x_wconf 86' lang='lat' dir='ltr'>oritur</span> <span class='ocrx_word' id='word_1_445' title='bbox 1282 1910 1406 1939; x_wconf 85' lang='lat' dir='ltr'>dativus.</span> <span class='ocrx_word' id='word_1_446' title='bbox 1430 1908 1492 1936; x_wconf 81' lang='lat' dir='ltr'>Csr.</span> <span class='ocrx_word' id='word_1_447' title='bbox 1512 1907 1549 1936; x_wconf 84' lang='lat' dir='ltr'>de</span> <span class='ocrx_word' id='word_1_448' title='bbox 1569 1917 1600 1936; x_wconf 87' lang='lat' dir='ltr'>re</span> <span class='ocrx_word' id='word_1_449' title='bbox 1620 1907 1774 1945; x_wconf 80' lang='lat' dir='ltr'>Augustin.</span> <span class='ocrx_word' id='word_1_450' title='bbox 1799 1907 1835 1936; x_wconf 91' lang='lat' dir='ltr'>II.</span> <span class='ocrx_word' id='word_1_451' title='bbox 1856 1906 1892 1935; x_wconf 89' lang='lat' dir='ltr'>de</span> <span class='ocrx_word' id='word_1_452' title='bbox 1915 1905 2010 1936; x_wconf 85' lang='lat' dir='ltr'>doctr.</span> 
     </span>
     <span class='ocr_line' id='line_1_69' title="bbox 1062 1949 2010 1990; baseline -0.005 -8"><span class='ocrx_word' id='word_1_453' title='bbox 1062 1954 1130 1985; x_wconf 89' lang='lat' dir='ltr'>Chr.</span> <span class='ocrx_word' id='word_1_454' title='bbox 1149 1964 1173 1984; x_wconf 89' lang='lat' dir='ltr'>e.</span> <span class='ocrx_word' id='word_1_455' title='bbox 1192 1955 1241 1985; x_wconf 73' lang='lat'>28.</span> <span class='ocrx_word' id='word_1_456' title='bbox 1266 1971 1304 1974; x_wconf 97' lang='lat'><strong>—</strong></span> <span class='ocrx_word' id='word_1_457' title='bbox 1336 1950 1385 1990; x_wconf 81' lang='lat'>51)</span> <span class='ocrx_word' id='word_1_458' title='bbox 1408 1952 1544 1979; x_wconf 75' lang='lat' dir='ltr'>Multum</span> <span class='ocrx_word' id='word_1_459' title='bbox 1558 1949 1613 1980; x_wconf 89' lang='lat' dir='ltr'>Gu.</span> <span class='ocrx_word' id='word_1_460' title='bbox 1633 1952 1663 1980; x_wconf 83' lang='lat'>2.</span> <span class='ocrx_word' id='word_1_461' title='bbox 1682 1967 1721 1972; x_wconf 91' lang='lat'>-—-</span> <span class='ocrx_word' id='word_1_462' title='bbox 1749 1952 1796 1987; x_wconf 73' lang='lat'>52)</span> <span class='ocrx_word' id='word_1_463' title='bbox 1818 1951 1849 1977; x_wconf 82' lang='lat' dir='ltr'>in</span> <span class='ocrx_word' id='word_1_464' title='bbox 1872 1949 2010 1978; x_wconf 64' lang='lat' dir='ltr'>historiis</span> 
     </span>
     <span class='ocr_line' id='line_1_70' title="bbox 1062 1991 2007 2033; baseline -0.006 -8"><span class='ocrx_word' id='word_1_465' title='bbox 1062 1997 1098 2026; x_wconf 80' lang='lat' dir='ltr'>al.</span> <span class='ocrx_word' id='word_1_466' title='bbox 1109 2012 1150 2018; x_wconf 92' lang='lat'>—</span> <span class='ocrx_word' id='word_1_467' title='bbox 1166 1999 1210 2033; x_wconf 79' lang='grc'>53)</span> <span class='ocrx_word' id='word_1_468' title='bbox 1232 1996 1288 2023; x_wconf 86' lang='lat' dir='ltr'>Gu.</span> <span class='ocrx_word' id='word_1_469' title='bbox 1300 1996 1324 2025; x_wconf 87' lang='lat'>1.</span> <span class='ocrx_word' id='word_1_470' title='bbox 1342 2004 1398 2022; x_wconf 90' lang='lat' dir='ltr'>om.</span> <span class='ocrx_word' id='word_1_471' title='bbox 1412 1993 1503 2022; x_wconf 82' lang='lat' dir='ltr'>verba</span> <span class='ocrx_word' id='word_1_472' title='bbox 1518 2003 1533 2021; x_wconf 92' lang='lat' dir='ltr'>a</span> <span class='ocrx_word' id='word_1_473' title='bbox 1549 1991 1746 2020; x_wconf 73' lang='lat' dir='ltr'>tradiderant</span> <span class='ocrx_word' id='word_1_474' title='bbox 1760 2001 1855 2031; x_wconf 86' lang='lat' dir='ltr'>usque</span> <span class='ocrx_word' id='word_1_475' title='bbox 1868 1992 1906 2020; x_wconf 85' lang='lat' dir='ltr'>ad</span> <span class='ocrx_word' id='word_1_476' title='bbox 1922 1998 2007 2022; x_wconf 71' lang='lat' dir='ltr'>retro,</span> 
     </span>
     <span class='ocr_line' id='line_1_71' title="bbox 1060 2034 2009 2077; baseline -0.004 -10"><span class='ocrx_word' id='word_1_477' title='bbox 1060 2039 1187 2068; x_wconf 82' lang='lat' dir='ltr'>Pessime</span> <span class='ocrx_word' id='word_1_478' title='bbox 1212 2048 1268 2077; x_wconf 83' lang='lat' dir='ltr'>pro</span> <span class='ocrx_word' id='word_1_479' title='bbox 1283 2035 1476 2064; x_wconf 77' lang='lat' dir='ltr'>tradiderunt</span> <span class='ocrx_word' id='word_1_480' title='bbox 1497 2036 1553 2064; x_wconf 88' lang='lat' dir='ltr'>Gu.</span> <span class='ocrx_word' id='word_1_481' title='bbox 1570 2037 1597 2066; x_wconf 78' lang='grc'>2.</span> <span class='ocrx_word' id='word_1_482' title='bbox 1614 2036 1665 2064; x_wconf 83' lang='lat' dir='ltr'>Ar.</span> <span class='ocrx_word' id='word_1_483' title='bbox 1682 2045 1728 2074; x_wconf 86' lang='lat' dir='ltr'>pr.</span> <span class='ocrx_word' id='word_1_484' title='bbox 1747 2045 1793 2063; x_wconf 78' lang='lat' dir='ltr'>va.</span> <span class='ocrx_word' id='word_1_485' title='bbox 1821 2034 2009 2064; x_wconf 64' lang='lat' dir='ltr'>indiderunt.</span> 
     </span>
     <span class='ocr_line' id='line_1_72' title="bbox 1058 2076 2008 2120; baseline -0.004 -11"><span class='ocrx_word' id='word_1_486' title='bbox 1058 2099 1100 2105; x_wconf 96' lang='lat'>—</span> <span class='ocrx_word' id='word_1_487' title='bbox 1124 2081 1221 2120; x_wconf 75' lang='lat' dir='ltr'>quein</span> <span class='ocrx_word' id='word_1_488' title='bbox 1242 2089 1309 2109; x_wconf 85' lang='lat' dir='ltr'>voc.</span> <span class='ocrx_word' id='word_1_489' title='bbox 1333 2089 1541 2116; x_wconf 76' lang='lat' dir='ltr'>annorumque</span> <span class='ocrx_word' id='word_1_490' title='bbox 1555 2088 1611 2106; x_wconf 87' lang='lat' dir='ltr'>om.</span> <span class='ocrx_word' id='word_1_491' title='bbox 1627 2078 1681 2106; x_wconf 91' lang='lat' dir='ltr'>Gu.</span> <span class='ocrx_word' id='word_1_492' title='bbox 1704 2080 1732 2109; x_wconf 85' lang='lat'>1.</span> <span class='ocrx_word' id='word_1_493' title='bbox 1748 2093 1789 2098; x_wconf 91' lang='lat'>—</span> <span class='ocrx_word' id='word_1_494' title='bbox 1812 2076 1862 2116; x_wconf 73' lang='lat'>54)</span> <span class='ocrx_word' id='word_1_495' title='bbox 1886 2078 1936 2106; x_wconf 85' lang='lat' dir='ltr'>Sic</span> <span class='ocrx_word' id='word_1_496' title='bbox 1954 2078 2008 2106; x_wconf 88' lang='lat' dir='ltr'>Gu.</span> 
     </span>
     <span class='ocr_line' id='line_1_73' title="bbox 1062 2119 2009 2160; baseline -0.006 -7"><span class='ocrx_word' id='word_1_497' title='bbox 1062 2127 1087 2155; x_wconf 88' lang='lat'>1.</span> <span class='ocrx_word' id='word_1_498' title='bbox 1105 2127 1132 2155; x_wconf 78' lang='lat'>2.</span> <span class='ocrx_word' id='word_1_499' title='bbox 1157 2125 1205 2152; x_wconf 87' lang='lat' dir='ltr'>Ar.</span> <span class='ocrx_word' id='word_1_500' title='bbox 1225 2139 1267 2144; x_wconf 92' lang='lat'>—</span> <span class='ocrx_word' id='word_1_501' title='bbox 1289 2121 1418 2160; x_wconf 71' lang='lat' dir='ltr'>digestio</span> <span class='ocrx_word' id='word_1_502' title='bbox 1439 2122 1520 2158; x_wconf 79' lang='lat' dir='ltr'>vulg.</span> <span class='ocrx_word' id='word_1_503' title='bbox 1545 2120 1586 2148; x_wconf 80' lang='lat' dir='ltr'>De</span> <span class='ocrx_word' id='word_1_504' title='bbox 1606 2130 1638 2149; x_wconf 85' lang='lat' dir='ltr'>re</span> <span class='ocrx_word' id='word_1_505' title='bbox 1660 2120 1731 2149; x_wconf 82' lang='lat' dir='ltr'>vide</span> <span class='ocrx_word' id='word_1_506' title='bbox 1747 2119 1822 2149; x_wconf 81' lang='lat' dir='ltr'>Gell.</span> <span class='ocrx_word' id='word_1_507' title='bbox 1840 2119 1880 2156; x_wconf 89' lang='lat' dir='ltr'>V,</span> <span class='ocrx_word' id='word_1_508' title='bbox 1897 2122 1944 2151; x_wconf 82' lang='lat'>18.</span> <span class='ocrx_word' id='word_1_509' title='bbox 1968 2130 2009 2142; x_wconf 60' lang='lat' dir='ltr'>-h</span> 
     </span>
     <span class='ocr_line' id='line_1_74' title="bbox 1059 2161 2006 2204; baseline -0.005 -10"><span class='ocrx_word' id='word_1_510' title='bbox 1059 2169 1104 2204; x_wconf 53' lang='lat'>55)</span> <span class='ocrx_word' id='word_1_511' title='bbox 1127 2168 1279 2194; x_wconf 71' lang='lat' dir='ltr'>Latinum</span> <span class='ocrx_word' id='word_1_512' title='bbox 1294 2166 1347 2192; x_wconf 86' lang='lat' dir='ltr'>Gu.</span> <span class='ocrx_word' id='word_1_513' title='bbox 1368 2168 1392 2196; x_wconf 75' lang='grc'>1,</span> <span class='ocrx_word' id='word_1_514' title='bbox 1405 2180 1446 2186; x_wconf 88' lang='grc'>-</span> <span class='ocrx_word' id='word_1_515' title='bbox 1462 2163 1507 2203; x_wconf 75' lang='grc'>56)</span> <span class='ocrx_word' id='word_1_516' title='bbox 1529 2162 1667 2191; x_wconf 71' lang='lat' dir='ltr'>diarium</span> <span class='ocrx_word' id='word_1_517' title='bbox 1683 2164 1772 2191; x_wconf 84' lang='lat' dir='ltr'>Arev.</span> <span class='ocrx_word' id='word_1_518' title='bbox 1791 2180 1828 2185; x_wconf 93' lang='lat'>—</span> <span class='ocrx_word' id='word_1_519' title='bbox 1847 2165 1892 2199; x_wconf 85' lang='lat'>57)</span> <span class='ocrx_word' id='word_1_520' title='bbox 1907 2161 2006 2201; x_wconf 77' lang='lat' dir='ltr'>Ephe-</span> 
     </span>
    </p>
   </div>
   <div class='ocr_carea' id='block_1_43' title="bbox 1060 2205 2007 2369">
    <p class='ocr_par' dir='ltr' id='par_1_43' title="bbox 1060 2205 2007 2369">
     <span class='ocr_line' id='line_1_75' title="bbox 1060 2205 2007 2245; baseline -0.006 -8"><span class='ocrx_word' id='word_1_521' title='bbox 1060 2209 1189 2237; x_wconf 69' lang='lat' dir='ltr'>meridia</span> <span class='ocrx_word' id='word_1_522' title='bbox 1209 2210 1263 2236; x_wconf 84' lang='lat' dir='ltr'>Gu.</span> <span class='ocrx_word' id='word_1_523' title='bbox 1287 2212 1311 2238; x_wconf 82' lang='lat' dir='ltr'>l.</span> <span class='ocrx_word' id='word_1_524' title='bbox 1337 2223 1372 2228; x_wconf 85' lang='lat'>--</span> <span class='ocrx_word' id='word_1_525' title='bbox 1406 2207 1573 2245; x_wconf 76' lang='lat' dir='ltr'>eplzemeria</span> <span class='ocrx_word' id='word_1_526' title='bbox 1592 2215 1636 2234; x_wconf 83' lang='lat' dir='ltr'>va.</span> <span class='ocrx_word' id='word_1_527' title='bbox 1664 2221 1701 2227; x_wconf 90' lang='grc'><strong>-</strong></span> <span class='ocrx_word' id='word_1_528' title='bbox 1730 2205 1780 2243; x_wconf 86' lang='grc'>58)</span> <span class='ocrx_word' id='word_1_529' title='bbox 1805 2205 1908 2242; x_wconf 78' lang='lat' dir='ltr'>Neque</span> <span class='ocrx_word' id='word_1_530' title='bbox 1932 2205 2007 2232; x_wconf 81' lang='lat' dir='ltr'>enim</span> 
     </span>
     <span class='ocr_line' id='line_1_76' title="bbox 1062 2247 2004 2289; baseline -0.005 -10"><span class='ocrx_word' id='word_1_531' title='bbox 1062 2252 1117 2282; x_wconf 90' lang='lat' dir='ltr'>Gn.</span> <span class='ocrx_word' id='word_1_532' title='bbox 1140 2255 1165 2283; x_wconf 87' lang='lat'>1.</span> <span class='ocrx_word' id='word_1_533' title='bbox 1190 2268 1228 2274; x_wconf 83' lang='lat'>-</span> <span class='ocrx_word' id='word_1_534' title='bbox 1253 2260 1389 2289; x_wconf 75' lang='lat' dir='ltr'>quaeque</span> <span class='ocrx_word' id='word_1_535' title='bbox 1411 2251 1489 2277; x_wconf 71' lang='lat' dir='ltr'>enim</span> <span class='ocrx_word' id='word_1_536' title='bbox 1505 2250 1559 2276; x_wconf 88' lang='lat' dir='ltr'>Gu.</span> <span class='ocrx_word' id='word_1_537' title='bbox 1576 2250 1605 2279; x_wconf 81' lang='grc'>2.</span> <span class='ocrx_word' id='word_1_538' title='bbox 1620 2259 1665 2287; x_wconf 86' lang='lat' dir='ltr'>pr.</span> <span class='ocrx_word' id='word_1_539' title='bbox 1697 2265 1734 2269; x_wconf 90' lang='lat'>———</span> <span class='ocrx_word' id='word_1_540' title='bbox 1764 2248 1813 2284; x_wconf 85' lang='lat'>59)</span> <span class='ocrx_word' id='word_1_541' title='bbox 1838 2247 1885 2275; x_wconf 84' lang='lat' dir='ltr'>Sic</span> <span class='ocrx_word' id='word_1_542' title='bbox 1904 2247 1961 2275; x_wconf 92' lang='lat' dir='ltr'>Gu.</span> <span class='ocrx_word' id='word_1_543' title='bbox 1979 2249 2004 2276; x_wconf 87' lang='lat'>1.</span> 
     </span>
     <span class='ocr_line' id='line_1_77' title="bbox 1061 2288 2005 2332; baseline -0.008 -10"><span class='ocrx_word' id='word_1_544' title='bbox 1061 2304 1106 2332; x_wconf 85' lang='lat' dir='ltr'>pr.</span> <span class='ocrx_word' id='word_1_545' title='bbox 1126 2304 1170 2322; x_wconf 85' lang='lat' dir='ltr'>va.</span> <span class='ocrx_word' id='word_1_546' title='bbox 1196 2310 1236 2315; x_wconf 90' lang='lat'>—</span> <span class='ocrx_word' id='word_1_547' title='bbox 1261 2294 1491 2320; x_wconf 69' lang='lat' dir='ltr'>nominaverunt</span> <span class='ocrx_word' id='word_1_548' title='bbox 1514 2291 1595 2329; x_wconf 76' lang='lat' dir='ltr'>vulg.</span> <span class='ocrx_word' id='word_1_549' title='bbox 1618 2308 1656 2312; x_wconf 94' lang='lat'>—</span> <span class='ocrx_word' id='word_1_550' title='bbox 1691 2293 1739 2330; x_wconf 82' lang='lat'>60)</span> <span class='ocrx_word' id='word_1_551' title='bbox 1768 2288 1942 2327; x_wconf 72' lang='lat' dir='ltr'>diligentiae</span> <span class='ocrx_word' id='word_1_552' title='bbox 1964 2293 2005 2314; x_wconf 73' lang='lat' dir='ltr'>est</span> 
     </span>
     <span class='ocr_line' id='line_1_78' title="bbox 1061 2335 1516 2369; baseline -0.007 -5"><span class='ocrx_word' id='word_1_553' title='bbox 1061 2337 1117 2364; x_wconf 90' lang='lat' dir='ltr'>Gu.</span> <span class='ocrx_word' id='word_1_554' title='bbox 1138 2340 1166 2368; x_wconf 78' lang='lat'>2.</span> <span class='ocrx_word' id='word_1_555' title='bbox 1192 2355 1228 2358; x_wconf 97' lang='lat'><strong>—</strong></span> <span class='ocrx_word' id='word_1_556' title='bbox 1253 2339 1298 2369; x_wconf 73' lang='lat'>61)</span> <span class='ocrx_word' id='word_1_557' title='bbox 1323 2335 1397 2363; x_wconf 83' lang='lat' dir='ltr'>anni</span> <span class='ocrx_word' id='word_1_558' title='bbox 1413 2335 1469 2363; x_wconf 87' lang='lat' dir='ltr'>Gu.</span> <span class='ocrx_word' id='word_1_559' title='bbox 1487 2336 1516 2365; x_wconf 80' lang='lat'>2.</span> 
     </span>
    </p>
   </div>
   <div class='ocr_carea' id='block_1_44' title="bbox 1532 2376 1590 2408">
    <p class='ocr_par' dir='ltr' id='par_1_44' title="bbox 1532 2376 1590 2408">
     <span class='ocr_line' id='line_1_79' title="bbox 1532 2376 1590 2408; baseline 0 -9"><span class='ocrx_word' id='word_1_560' title='bbox 1532 2376 1590 2408; x_wconf 66' lang='grc' dir='ltr'>Ι*</span> 
     </span>
    </p>
   </div>
  </div>
 </body>
</html>
