2203 2829
169 124 218 157 46
860 111 1038 146 ISIDORI
1063 112 1243 148 HISPAL.
1270 113 1415 149 EPISC.

173 216 306 262 cognita
332 213 464 258 planior
498 215 556 244 est.
615 208 692 242 Non
721 211 832 240 autem
868 207 980 240 omnia
1012 208 1146 241 nomina
1180 220 1200 241 a
1232 209 1398 242 veteribus
1434 206 1616 241 secundum
1657 211 1807 240 naturam
1841 208 1996 254 imposita
2031 216 2113 250 sunt,

173 270 232 303 sed
267 265 434 311 quaedam
475 257 677 297 secundum¹
721 259 907 304 placitum,
961 259 1044 292 sicut
1072 265 1105 293 et
1138 271 1197 293 nos
1231 261 1329 294 servis
1363 265 1395 293 et
1428 259 1690 304 possessionibus
1729 260 1894 293 interdum
1931 262 2115 296 secundum

175 320 269 366 quod
294 319 405 364 placet
431 321 561 348 nostrae
586 312 747 345 voluntati
773 311 904 344 nomina
928 310 1054 344 damus.

338 377 371 411 3,
424 375 513 408 Hinc
540 378 603 414 est,
631 371 723 415 quod
750 371 895 403 omnium
923 373 1094 404 nominum
1122 371 1349 415 etymologiae
1376 380 1442 402 non
1475 369 1701 413 reperiuntur,
1742 371 1819 413 quia
1856 372 2023 414 quaedam
2049 383 2116 405 non

175 430 357 466 secundum
384 427 593 470 qualitatem,
621 435 687 467 qua
713 423 824 467 genita
851 419 961 463 sunt2,
989 423 1046 456 sed
1074 419 1185 455 iuxta³
1213 422 1382 455 arbitrium
1409 421 1576 454 humanae
1603 421 1778 455 voluntatis
1802 421 1991 456 vocabula*
2018 435 2117 457 acee-

176 486 307 530 petunt.
368 479 452 512 Sunt
478 472 610 510 autem⁵
631 475 856 519 etymologiae
883 474 1052 508 nominum
1080 479 1136 508 aut
1163 485 1202 506 ex
1229 485 1327 507 causa
1354 473 1470 513 datae,
1498 477 1533 505 ut
1547 469 1633 505 '‘ex“
1661 485 1679 504 a
1700 478 1791 506 recte
1813 474 1967 518 agendo,
1995 481 2051 507 aut
2078 487 2118 508 ex

176 536 322 579 origine,
350 536 385 564 ut
412 531 531 573 homo,
567 527 645 571 quia
672 527 712 559 sit
739 523 801 559 ex³
829 525 951 566 humo,
995 531 1051 559 aut
1078 538 1117 559 ex
1151 522 1362 563 contrariis⁸‚
1397 530 1432 557 ut
1459 536 1478 556 a
1505 523 1649 556 lavando
1683 522 1833 565 lotum⁹‚
1869 526 1950 559 dum
1978 522 2119 559 lutum¹⁰

176 598 241 620 non
263 581 503 621 sumundum,
531 585 563 613 et
586 580 700 619 lucus,
727 574 854 621 quod¹¹
881 578 999 611 umbra
1027 589 1153 622 opacus
1181 589 1300 622 parum
1327 577 1446 610 luceat.

338 642 371 675 4.
426 639 602 682 Quaedam
629 635 695 672 et¹²
721 638 811 671 facta
832 642 905 670 sunt
931 649 970 671 ex
997 638 1167 671 nominum
1196 638 1411 677 derivatione,
1439 640 1475 668 ut
1498 634 1722 680 aprudenlia
1745 635 1926 679 prudcns‚·
1952 637 2120 680 quaedam

178 698 277 731 etiam
305 706 344 727 ex
372 693 526 735 vocibus,
554 696 590 724 ut
617 703 635 723 a
661 690 880 734 garrulitate
900 691 1093 733 garrulus,-
1118 690 1284 733 quaedam
1313 700 1351 722 ex
1386 689 1519 721 Graeca
1553 687 1760 731 etymologia
1795 692 1866 719 orta
1894 693 1926 720 et
1953 688 2121 721 declinata

177 754 250 782 sunt
275 748 307 779 in
333 745 489 779 Latinum
502 740 542 784 ¹³,
569 747 606 776 ut
631 743 749 786 sylva,
776 738 944 774 domna-¹⁴.

341 797 374 830 5.
427 797 502 830 Alia
529 805 664 838 quoque
692 804 731 826 ex
749 793 934 825 nominibus
961 792 1113 827 locorum
1141 792 1271 825 urbium
1298 791 1351 823 vel
1369 786 1392 807 ¹⁵
1415 790 1589 822 fluminum
1616 792 1784 821 traxerunt
1807 790 1982 823 vocabula.
2010 790 2122 824 Multa

179 853 278 886 etiam
311 861 350 882 ex
379 847 581 880 diversarum
608 845 757 890 gentium
771 841 795 861 ¹⁶

837 855 988 877 sermone
1022 849 1192 877 vocantur.

1255 842 1354 876 Unde
1390 847 1422 874 et
1456 841 1553 887 origo
1589 852 1705 874 eorum
1742 841 1796 874 vix
1832 842 1984 875 cernitur.
2037 842 2122 875 Sunt

179 904 265 938 enim
295 902 457 946 pleraque
484 899 626 932 barbara
652 897 805 936 nomina,
833 897 1001 941 incognita
1016 892 1038 912 ¹⁷
1066 896 1189 928 Latinis
1216 900 1248 928 et
1275 894 1422 928 Graecis.

760 1007 909 1041 CAP.
962 1007 1081 1040 XXlX.
1154 1006 1225 1039 De
1275 999 1542 1051 glossis-¹⁸.

346 1088 379 1119 1.
438 1081 599 1119 Glossa¹⁰
628 1085 760 1117 Graeca
787 1084 1058 1128 interpretatione
1092 1079 1261 1127 linguae²⁰
1294 1083 1427 1115 sortitur
1459 1092 1591 1114 nomen.

1650 1081 1749 1112 Hanc
1776 1079 1975 1124 philosophi
2004 1081 2124 1113 adver-

180 1142 271 1174 bium
284 1138 308 1161 ²²
337 1139 468 1175 dicunt,
496 1137 573 1180 quia
601 1148 717 1169 vocem
746 1136 856 1176 illam,
885 1136 928 1167 de
953 1135 1043 1168 cuius
1061 1135 1219 1177 qualitate
1249 1129 1475 1178 requiritur22,
1503 1144 1569 1165 uno
1598 1137 1629 1164 et
1656 1132 1813 1176 singulari
1836 1133 1938 1165 verbo
1963 1132 2125 1178 designat.

182 1191 275 1233 Quid
300 1191 385 1224 enim
407 1188 493 1221 illud
520 1189 561 1220 sit
581 1187 613 1220 in
639 1198 706 1220 uno
735 1188 836 1219 verbo
865 1187 1014 1220 declarat
1040 1187 1185 1230 positum
1198 1182 1232 1226 ²³,
1260 1191 1312 1218 ut:
1341 1184 1578 1219 Conticescerc
1606 1189 1653 1216 est
1674 1189 1794 1217 tacere.

343 1240 376 1272 2.
431 1240 534 1271 Item:

388 1299 498 1330 Latus
524 1297 644 1329 haurit
671 1292 885 1340 aperturum.-

182 1360 320 1398 lmurit,
348 1356 500 1402 percutit.

554 1355 637 1388 Item
667 1366 742 1388 cum
769 1355 946 1387 terminum
975 1353 1115 1386 dicimus
1142 1354 1261 1393 tinem,
1296 1359 1352 1386 aut
1385 1355 1566 1399 populatas
1599 1355 1852 1398 interpretamur
1880 1365 1949 1386 esse
1979 1360 2127 1393 vastatas.

183 1418 216 1445 et
242 1411 377 1443 omnino
405 1418 480 1440 cum
508 1406 602 1438 unius
629 1407 721 1439 verbi
749 1417 820 1438 rem
848 1417 913 1438 uno
943 1406 1046 1437 verbo
1074 1406 1335 1439 manifestamus,

722 1515 750 1549 C
778 1516 808 1548 A
835 1516 871 1548 P.
925 1515 1029 1548 XXX.
1083 1516 1156 1549 De

1208 1515 1590 1562 differentiis,

352 1592 567 1640 Djfferentia
593 1597 642 1627 est
669 1593 796 1637 specie&
824 1592 1039 1634 definitionis,
1067 1604 1169 1636 quam
1196 1593 1373 1637 scriptores
1399 1591 1518 1624 artium
1545 1590 1588 1622 de
1616 1589 1736 1622 eodem
1764 1595 1797 1621 et
1820 1590 1862 1621 ‹le
1889 1590 1994 1622 altero
2023 1592 2130 1624 nomi—

189 1653 274 1681 nant.

328 1647 423 1679 Haec
451 1647 538 1678 enim
566 1645 635 1677 duo
666 1645 749 1676 inter
783 1641 852 1676 se²⁵
887 1644 1033 1687 quadam
1070 1645 1304 1678 communione
1339 1643 1493 1681 confusa,
1528 1642 1678 1675 coniecta
1715 1640 1902 1673 differentia
1938 1642 2131 1675 discernun-

188 1695 292 1741 tur²“‚
320 1709 380 1742 per
406 1709 507 1740 quam
533 1696 615 1740 quid
642 1696 681 1728 sit
708 1701 885 1739 utrumque
898 1692 921 1712 ²²
951 1698 1181 1740 cognoscitur,
1217 1702 1252 1728 ut
1287 1707 1362 1728 cum
1390 1695 1574 1738 quaeritur,
1615 1693 1697 1736 quid
1733 1694 1816 1725 inter
1851 1704 1966 1736 regem
1999 1691 2076 1726 sitm
2101 1700 2133 1727 et

189 1758 378 1795 tyrannum„
410 1750 541 1783 adiecta
568 1748 775 1789 differentia,
801 1747 881 1791 quid
910 1753 1047 1791 uterque
1070 1748 1109 1780 sit
1137 1748 1308 1788 delinitur,
1336 1753 1371 1780 ut
1388 1747 1463 1779 Rex
1490 1744 1657 1778 modestus
1675 1750 1707 1777 et
1734 1750 1935 1787 temperatus
1948 1742 1990 1783 ²¹³,
2018 1751 2131 1789 tyran-

256 1844 283 1879 1)
295 1842 371 1879 vulg.
381 1848 405 1869 et
414 1841 645 1878 secundum,sed
659 1848 683 1869 et
694 1852 751 1869 om.
763 1841 820 1868 Gu.
835 1844 859 1871 1.
874 1858 911 1863 ——
922 1843 949 1877 2)
960 1842 1141 1877 suntgenita

192 1888 316 1921 νει-3)
326 1884 491 1912 secundam
501 1895 545 1923 pr.
553 1896 610 1918 va„
619 1885 733 1922 quaein
742 1883 912 1923 parenthesi
925 1882 1044 1911 exhibet
1054 1884 1142 1910 aliter

193 1932 288 1956 iuxta.
320 1943 361 1949 -—
383 1931 414 1962 4)
436 1928 583 1956 vocabula
607 1928 721 1954 miliat
748 1937 794 1955 va.
826 1943 864 1947 —
896 1925 925 1966 5)
956 1932 1057 1953 autem
1084 1937 1140 1954 om.

195 1972 250 1999 Gu.
269 1972 299 2000 2.
323 1986 363 1991 —
387 1969 415 2008 6)
439 1971 486 1998 Sic
505 1970 559 1998 Gu.
579 1973 604 2000 1.
626 1986 669 1991 —-
696 1981 778 2008 reges
793 1969 873 2006 vulg.
897 1985 939 1990 -—
962 1980 1045 2007 reges
1061 1980 1081 1996 α
1097 1980 1141 1996 re-

193 2011 291 2054 gendo
317 2018 342 2040 et
366 2019 441 2040 recle
463 2012 578 2051 agendo
595 2013 632 2041 al.
658 2030 692 2034 -α
728 2014 756 2049 7)
780 2012 819 2040 ab
843 2012 935 2039 Immo
958 2022 1001 2050 pr.
1030 2022 1076 2040 va.
1100 2028 1141 2033 —

196 2060 222 2093 8)
246 2066 265 2082 α
288 2061 415 2084 contrar.
440 2065 486 2083 va.
509 2071 551 2076 -
572 2058 602 2091 9)
626 2055 673 2083 Sic
698 2057 753 2084 Gu.
772 2058 799 2086 1.
823 2070 864 2075 —
887 2055 968 2082 lotus
983 2055 1039 2083 Gu.
1058 2057 1087 2085 2.
1105 2054 1141 2082 al.

196 2115 237 2120 —
259 2099 358 2126 lutum
373 2098 450 2136 vulg.
474 2114 515 2120 —-
541 2099 584 2133 10)
608 2098 704 2125 lotum
720 2099 776 2127 Gu.
796 2100 823 2128 2.
844 2113 885 2117 —
911 2102 952 2129 11)
976 2097 1024 2126 Sic:
1042 2099 1099 2125 Gu.
1117 2099 1143 2127 1.

199 2142 271 2180 quia
288 2141 369 2178 vulg.
391 2157 432 2162 ——
449 2139 494 2180 12)
520 2140 569 2167 Sic
587 2141 642 2168 Gu.
662 2144 685 2171 1.
706 2158 740 2161 —
760 2142 849 2167 elium
864 2140 942 2177 vulg.
960 2157 1000 2161 ——
1025 2142 1068 2175 13)
1087 2141 1143 2166 Λιι-

199 2186 261 2212 tino
285 2184 322 2212 al.
345 2199 386 2206 —-
411 2185 453 2221 1-4)
476 2183 554 2220 vulg.
579 2183 699 2211 additur
724 2183 835 2211 Graece
852 2180 924 2220 ὕλη,
949 2184 1050 2221 δῶμα,
1071 2191 1146 2220 quae

200 2237 257 2255 om.
284 2227 341 2256 Gu.
362 2228 387 2255 1.
406 2228 433 2256 2.
458 2235 501 2264 pr.
523 2235 568 2253 va.
601 2243 636 2246 —
668 2229 712 2260 15)
744 2226 790 2253 rel
812 2236 868 2254 om.
893 2227 948 2254 Gu.
972 2227 1000 2256 2.
1031 2241 1072 2247 -
1104 2226 1147 2260 16)

202 2275 228 2296 εἰ
244 2267 280 2296 de
294 2268 484 2296 diversarum
503 2269 640 2307 graiium
663 2278 707 2306 pr.
727 2283 767 2289 —-
793 2268 890 2296 mulla
914 2270 1005 2295 etiam
1028 2266 1063 2295 {le
1086 2265 1149 2295 div.

200 2317 280 2347 gent.
305 2322 350 2341 va,
382 2327 420 2331 —
452 2313 498 2347 17)
521 2317 547 2338 cc
578 2313 683 2349 ignota
707 2310 762 2338 Gu.
778 2313 806 2341 2.
839 2327 878 2333 -
908 2310 954 2350 18)
978 2310 1040 2339 Hoc
1062 2314 1151 2348 caput

204 2355 232 2381 in
267 2354 323 2382 Gu.
352 2357 380 2386 2.
418 2354 554 2392 sequitur
588 2358 655 2392 post
695 2364 758 2391 cap.
786 2355 835 2384 33.
872 2354 919 2380 sic
950 2364 996 2381 va.
1025 2369 1066 2374 -
1106 2353 1151 2387 19)

208 2397 303 2424 (llas-a
327 2396 382 2426 Gu.
403 2398 430 2426 2.
464 2406 507 2434 pr.
541 2412 576 2418 -
605 2395 652 2433 90)
677 2396 802 2432 linguae
830 2406 876 2423 om
909 2396 1008 2426 Gu.2.
1041 2413 1077 2416 —
1107 2398 1151 2428 5³1)

1184 1839 1228 1867 ml
1250 1839 1371 1867 verbum
1394 1838 1442 1868 Ar.
1467 1855 1504 1860 -
1536 1835 1582 1876 02)
1607 1836 1642 1864 de
1665 1837 1752 1865 cuius
1775 1839 1942 1876 requiritur
1966 1838 2021 1865 Gu.
2041 1841 2071 1869 2.
2095 1838 2131 1866 al.

1183 1882 1284 1910 -dc
1316 1883 1404 1910 cuins
1437 1892 1468 1909 re
1490 1882 1646 1919 quaeritur
1668 1880 1705 1909 al.
1730 1896 1770 1901 —
1806 1879 1841 1908 de
1873 1891 1934 1918 qim
1965 1881 2133 1918 requiritur

1185 1927 1233 1954 Ar.
1260 1943 1297 1948 —-
1324 1928 1368 1955 23)
1391 1924 1439 1952 Sic
1463 1924 1518 1952 Gu.
1536 1926 1564 1954 1.
1597 1941 1634 1945 —
1660 1924 1797 1961 positum
1820 1922 1956 1951 declarat
1987 1923 2068 1961 vulg,
2091 1939 2133 1944 —

1183 1970 1228 2001 24)
1254 1969 1327 1996 Item
1352 1967 1505 2005 Virgilius
1521 1967 1623 1993 Latus
1645 1966 1749 1993 haurit
1774 1976 1821 2004 ap.
1845 1966 1881 1994 al.
1907 1966 2002 1994 Locus
2024 1970 2070 1994 est
2085 1975 2132 2004 ap.

1185 2011 1266 2048 Virg.
1290 2011 1363 2039 Aen.
1385 2011 1423 2046 X,
1447 2008 1566 2039 314—
1588 2007 1633 2046 25)
1657 2009 1704 2036 Sic
1729 2008 1785 2035 Gu.
1801 2011 1825 2039 1.
1845 2026 1881 2029 —-
1906 2007 2041 2047 quadam
2056 2009 2134 2035 inter

1186 2065 1215 2081 ,52¹
1239 2053 1318 2090 vulg.
1344 2069 1382 2074 —-
1413 2052 1462 2089 26)
1486 2051 1534 2078 Sic
1559 2051 1614 2079 Gu.
1635 2054 1662 2082 1.
1687 2067 1727 2072 —
1755 2057 1951 2078 umrnuntttr
1973 2050 2053 2088 vulg.
2074 2050 2133 2078 Csr.

1189 2096 1224 2124 de
1239 2106 1271 2124 re
1288 2094 1548 2124 Alcuin.G1-amm.
1574 2104 1601 2132 p.
1625 2095 1716 2124 2086.
1742 2093 1772 2121 Ρ.
1798 2099 1825 2121 et
1848 2093 1950 2122 Boeth.
1973 2092 2022 2122 lib.
2048 2092 2070 2120 1.
2095 2093 2132 2121 de

1189 2138 1308 2167 diffinit.
1333 2148 1357 2165 c.
1381 2139 1430 2169 28.
1455 2137 1642 2175 Repetuntur
1667 2135 1766 2164 eadem
1790 2137 1808 2165 l.
1832 2136 1868 2165 Il.
1893 2146 1916 2164 c.
1938 2137 1989 2166 30.
2014 2151 2056 2156 -
2084 2132 2133 2174 27)

1193 2191 1294 2209 verum
1317 2180 1372 2208 Gu.
1392 2181 1420 2209 2.
1443 2196 1486 2201 -
1507 2177 1553 2217 28)
1578 2177 1656 2216 quid
1677 2180 1753 2205 inter
1775 2189 1871 2217 regem
1892 2178 2009 2205 intersit
2034 2178 2071 2207 al.
2094 2194 2133 2198 —

1192 2223 1239 2259 29)
1262 2223 1309 2251 Sic
1334 2223 1388 2250 Gu.
1411 2225 1436 2252 1.
1459 2229 1501 2242 4-
1523 2227 1690 2259 tcmperans
1713 2221 1793 2258 vulg.
1818 2238 1855 2242 -—
1886 2219 1931 2258 50)
1955 2220 2003 2247 Sic
2028 2221 2083 2249 Gu.
2108 2222 2134 2250 1.

1193 2273 1352 2304 utrzmqute
1373 2264 1452 2302 vulg.
1474 2279 1516 2285 —-
1539 2263 1616 2302 quid
1636 2265 1674 2290 sil
1700 2265 1776 2291 inter
1799 2268 1959 2300 utrumque
1981 2263 2066 2290 al.-—
2087 2261 2134 2301 3¹)

1194 2311 1238 2337 sic
1261 2314 1287 2335 et
1309 2313 1403 2335 cetera
1425 2317 1481 2335 om.
1503 2306 1540 2336 al.
1568 2323 1600 2327 --
1631 2305 1679 2345 32)
1704 2311 1877 2344 corruptum
1904 2307 1957 2332 (1¹11.
1975 2308 2002 2336 2.
2027 2322 2064 2326 —
2088 2306 2135 2343 33)

1194 2352 1240 2379 νε]
1266 2360 1387 2378 numero
1416 2349 1452 2377 al.
1476 2365 1517 2372 -—
1540 2349 1718 2387 34)stun=.11
1749 2350 1802 2376 Gu.
1827 2349 1854 2378 2.
1885 2358 1927 2374 va.
1954 2363 1992 2368 —
2018 2347 2065 2385 35)
2087 2346 2136 2374 Sic

1197 2395 1252 2422 Gu.
1271 2398 1297 2424 1.
1317 2410 1358 2415 —
1377 2393 1479 2430 prima
1495 2402 1522 2429 s)
1531 2391 1615 2419 Halm
1633 2392 1712 2429 vulg.
1727 2408 1764 2413 -
1786 2389 1885 2418 media
1900 2390 2019 2427 ,syllaba
2032 2391 2136 2428 prima

1512 2441 1526 2459 κ,
