2255 2819
216 79 291 114 460
918 77 1096 112 ISIDORI
1133 78 1314 116 HISPAL.
1351 80 1493 115 EPlSC.

815 227 1565 274 LIBERXV.

749 346 897 381 CAP.
952 349 976 383 1.
1061 349 1145 382 De

381 424 411 455 l.
465 422 517 454 De
546 419 757 456 auctoribus¹
786 425 995 458 conditarum
1024 426 1153 459 urbium
1175 426 1375 470 plerumque
1403 427 1558 460 dissensio
1586 428 1786 473 invenitur²‚
1821 431 1908 464 adeo
1936 436 1972 464 ut
1998 427 2082 466 nec³
2112 443 2166 465 ur-

213 478 263 510 bis
290 475 426 519 quidem
453 474 585 506 Romae
607 475 706 519 origo
729 477 834 520 possit
862 477 1040 522 diligenter
1067 479 1204 523 agnosci
1216 475 1237 514 ⁴.
1292 480 1376 511 Nam
1405 479 1563 512 Salustius
1595 479 1714 514 dicit5:

1203 350 1626 385 civitatibus.

424 533 555 567 Urbem
583 533 824 578 Romanc1m⁶‚
859 539 959 571 sicuti
993 550 1061 583 ego
1086 539 1224 584 (tempi,
1259 537 1471 572 condidere⁷
1506 544 1611 585 atque
1633 538 1901 576 inhabitaveress
1928 539 2049 577 ἰηὶἰὶο9
2079 543 2166 578 Tro-

425 586 516 627 iani,
546 590 578 619 et
607 598 685 619 cam
713 585 802 621 Ιιίειο
828 587 1086 635 Aborigines-¹¹.

211 647 279 680 Alii
308 646 424 681 dicunt
451 647 494 679 ab
522 647 702 689 Evandro,
726 649 908 682 secundum
937 651 1028 693 quod
1057 651 1217 695 Virgilius
1244 647 1377 684 dicitff:

425 706 521 739 Tunc
548 718 613 740 rex
640 705 868 742 Evandrus-¹³
897 709 1086 744 Romanae
1113 711 1272 744 conditor
1300 711 1404 744 arcis.

210 767 278 800 Alii
305 779 324 800 a
351 767 518 808 Romulo,
545 773 596 800 ut:

417 827 475 860 En
503 827 621 868 huius,
649 826 783 872 nmen,
812 832 980 876 auspiciis
1007 832 1071 865 illa
1098 832 1219 865 inclita
1246 832 1375 866 Roma.

377 885 410 919 2.
465 887 501 920 Si
529 888 631 932 igitur
658 894 768 922 tantae
795 891 935 925 civitatis
965 897 1054 925 certa
1082 893 1165 924 ratio
1194 904 1259 925 non
1288 898 1446 936 apparet,
1475 903 1541 924 non
1569 893 1710 933 mirum,
1738 894 1763 925 si
1791 893 1823 925 in
1844 893 1982 925 aliarum
2007 893 2164 938 opinione

210 937 391 973 dubitatur.
446 939 547 972 Unde
574 952 636 974 nec
664 941 858 983 historicos,
893 955 955 977 nee
984 949 1263 978 commentatores
1290 944 1379 976 varia
1413 943 1558 976 (licentes
1590 940 1779 988 imperite‘5
1813 945 2037 978 condemnare
2052 941 2075 961 ¹⁰
2103 945 2162 978 de-

209 989 345 1030 bemus,
374 990 452 1033 quia
480 992 656 1035 antiquitas
684 993 754 1037 ipsa
783 992 944 1027 creavit¹⁷
973 1008 1129 1028 errorem.
1191 996 1279 1029 Sane
1307 995 1485 1039 quasdam,
1522 995 1565 1027 de
1592 997 1710 1038 quibus
1738 1001 1795 1028 aut
1824 1002 1956 1031 sanctae
1973 994 1995 1013 ¹³
2022 997 2165 1042 scriptu-

210 1051 282 1082 rae,
312 1046 368 1073 aut
397 1041 553 1075 historiae
580 1045 729 1088 gentium
753 1051 878 1078 certam
890 1044 913 1063 ¹⁰
937 1048 1101 1092 originem
1125 1048 1289 1089 referunt,
1318 1047 1432 1092 paucis
1455 1047 1639 1079 admodum
1668 1049 1776 1080 verbis
1802 1054 1951 1081 retexere
1979 1054 2122 1093 oportet.

374 1091 408 1124 3.
464 1095 593 1127 Primus
618 1100 693 1128 ante
721 1096 882 1130 diluvium
910 1099 992 1131 Cain
1021 1100 1187 1132 civitatem
1199 1096 1224 1116 ²⁰
1250 1099 1371 1132 Enoch
1382 1095 1405 1115 ²¹
1431 1110 1471 1132 ex
1499 1099 1632 1132 nomine
1659 1099 1719 1131 filii
1746 1100 1796 1132 sui
1823 1101 1856 1132 in
1884 1101 1971 1133 Naid
1984 1097 2009 1117 ²²
2045 1100 2161 1134 condi-

209 1142 273 1184 dit,
300 1155 401 1187 quam
425 1146 542 1178 urbem
571 1147 641 1179 sola
667 1148 877 1182 multitudine
903 1151 1104 1194 posteritatis
1132 1162 1210 1183 suae
1223 1148 1247 1167 ²³
1275 1150 1436 1194 implevit,

372 1195 407 1230 4.
460 1197 591 1230 Primus
604 1195 629 1214 ²¹
653 1205 731 1242 post
757 1200 917 1233 diluvium
946 1202 1136 1234 Nembroth
1151 1199 1175 1219 ²⁵
1202 1201 1299 1246 gigas
1326 1202 1539 1245 Babylonem
1566 1201 1683 1233 urbem
1705 1200 1976 1246 Mesopotamiae
2003 1203 2165 1237 fundavit.

208 1246 307 1279 Hanc
335 1247 526 1280 Semiramis
564 1251 681 1294 regina
716 1252 928 1295 Assyriorum
966 1254 1156 1298 ampliavit,
1206 1265 1404 1297 murumque
1439 1253 1527 1286 urbis
1562 1253 1721 1285 bitumine
1755 1259 1787 1285 et
1815 1259 1912 1287 cocto
1944 1254 2047 1287 latere
2075 1255 2163 1288 fecit.

209 1298 421 1331 Vocabulum
450 1306 559 1333 autem
588 1303 726 1346 sumpsit
762 1315 782 1335 a
809 1305 1022 1347 confusione,
1061 1317 1102 1338 eo
1135 1305 1228 1349 quod
1266 1306 1311 1339 ibi
1347 1305 1506 1339 confusae
1541 1309 1640 1348 atque
1668 1305 1869 1338 commixtae
1895 1302 2003 1337 ειιιηῖὓ
2031 1306 2164 1350 linguae

207 1350 453 1384 aedificantium
480 1357 603 1386 turrem
615 1350 648 1386 ²⁷.

371 1401 405 1435 5.
461 1404 576 1437 Iudaei
607 1412 753 1438 asserunt
781 1407 860 1439 Sem
887 1408 991 1440 filium
1020 1409 1111 1450 Noe,
1143 1420 1245 1452 quem
1273 1409 1386 1442 dicunt
1414 1406 1694 1447 Melchisedech,
1728 1408 1874 1452 primum
1900 1412 1978 1452 post
2004 1407 2164 1441 diluvium

207 1451 240 1484 in
268 1452 364 1496 Syria
391 1456 581 1489 condidisse
616 1458 733 1490 urbem
768 1459 899 1498 Salem,
943 1460 975 1492 in
1011 1472 1077 1503 qua
1110 1472 1252 1505 regnum
1280 1461 1341 1493 fuit
1369 1460 1516 1493 eiusdem
1552 1456 1855 1494 Melchisedech‘ffi.
1915 1460 2014 1494 Hanc
2047 1464 2164 1504 postea

207 1508 383 1538 tenuerunt
410 1507 580 1550 lebusaei,
617 1521 655 1541 ex
685 1508 838 1553 (μιὶΙωε29
873 1511 986 1543 sortita
1020 1517 1067 1545 est
1094 1513 1296 1545 vocabulum
1332 1512 1445 1551 lebus,
1480 1512 1592 1554 sicque
1621 1511 1752 1544 duobus
1786 1511 1971 1544 nominibus
1999 1511 2165 1556 copulatis

207 1555 306 1588 Iebus
343 1562 375 1590 et
407 1558 520 1591 Salem
555 1566 674 1594 vocata
703 1567 751 1594 est
787 1563 1018 1605 Hierusalem,
1060 1575 1146 1607 quae
1180 1568 1296 1608 postea
1330 1576 1349 1596 a
1382 1564 1563 1595 Salomone
1596 1563 1833 1606 Hierosolyma
1867 1564 1959 1606 quasi
1993 1563 2164 1596 lerosolo-

207 1605 353 1640 monia³⁰
381 1609 470 1643 dicta
499 1616 555 1643 est.

209 1658 305 1691 Aelia
332 1658 509 1696 vocitata³²
535 1667 592 1696 est.

202 1777 350 1813 serantur
373 1781 410 1808 al.
434 1792 479 1819 pr.
499 1798 540 1803 —
566 1787 591 1816 1)
613 1785 850 1813 auctoritatibus
875 1786 931 1816 Gu.
962 1789 984 1816 l.
1009 1803 1049 1808 —
1076 1785 1108 1826 2)
1125 1793 1165 1815 esc

210 1819 241 1848 Z.
268 1836 309 1840 —
337 1820 369 1860 3)
392 1834 426 1850 ne
449 1825 480 1853 Z.
509 1841 550 1847 —
580 1830 607 1857 4)
634 1828 683 1855 Sic
708 1828 737 1858 Z.
762 1828 817 1856 Gu.
842 1832 866 1860 1.
886 1832 913 1860 2.
940 1847 977 1851 —
1002 1829 1056 1857 dil.
1086 1841 1166 1867 ρυεε.

211 1872 281 1900 agn.
316 1864 394 1901 vulg.
417 1882 456 1887 —
487 1869 517 1903 5)
542 1869 598 1896 Sal.
623 1870 707 1898 Catil.
732 1881 758 1900 c.
781 1874 809 1901 6.
833 1871 896 1899 init.
923 1888 965 1893 —
995 1877 1022 1906 (u)
1048 1872 1166 1900 lfoma-

210 1915 283 1931 nam
307 1905 363 1935 Gu.
389 1910 414 1938 1.
460 1910 524 1938 Om.
550 1921 596 1941 va.
622 1928 663 1934 ·—
697 1914 830 1941 Romam
853 1914 933 1951 vulg.
963 1930 1004 1935 —
1040 1917 1067 1950 7)
1094 1927 1167 1943 cotz-

211 1946 278 1974 dere
301 1948 358 1975 Gu.
378 1952 405 1980 2-
429 1961 474 1988 pr.
502 1969 535 1972 —
562 1956 591 1989 8)
616 1956 664 1982 Sic
692 1957 748 1984 Gu.
768 1960 794 1987 1.
818 1973 860 1978 -—
888 1957 1063 1984 habitavere
1085 1959 1167 1996 vulg.

210 2006 251 2010 —
266 1989 406 2018 habitare*
424 1994 569 2023 Gu.2.—-
592 1997 722 2026 lmlmcre
739 1999 787 2027 Ar.
802 2016 842 2020 —
864 2000 894 2037 9)
917 2000 996 2037 vulg.
1017 2001 1049 2027 ιἰι
1066 2002 1166 2037 inilia,

212 2031 264 2060 sed
289 2034 319 2060 in
345 2044 400 2061 om.
424 2035 454 2063 Z.
479 2036 534 2064 Gu.
556 2040 581 2067 1.
603 2042 631 2069 2.
657 2042 707 2070 Ar.
736 2058 769 2062 ——
798 2044 844 2078 lo)
867 2043 914 2070 Sic
931 2043 962 2071 Z.
992 2044 1050 2072 (ἆυ.
1069 2047 1095 2074 1.
1120 2055 1164 2072 va.

212 2091 251 2095 -
276 2086 346 2103 cum
368 2077 407 2103 iis
431 2078 512 2115 vulg.
534 2097 574 2100 —
600 2085 644 2118 11)
667 2083 810 2111 habuisse
833 2086 967 2122 origines
992 2086 1050 2114 Gu.
1077 2089 1103 2117 1.
1127 2103 1164 2108 —-

213 2116 381 2155 Aborigine
404 2120 434 2147 Z.
468 2121 524 2151 Gu.
550 2124 579 2152 2.
605 2133 648 2160 pr.
672 2142 712 2146 —-
746 2126 788 2163 12)
814 2126 891 2154 dicit
917 2138 972 2156 om.
996 2129 1025 2157 Z.
1059 2129 1115 2157 Gu.
1136 2132 1164 2160 2.

213 2169 259 2197 pr.
281 2169 329 2188 va.
350 2161 399 2188 Ar.
444 2163 540 2191 Locus
565 2164 667 2202 Virgil.
689 2172 732 2196 est
756 2169 824 2196 Aen.
850 2170 928 2204 vlll,
951 2172 1021 2202 313.
1045 2187 1086 2191 --
1119 2173 1165 2209 13)

214 2201 363 2230 Euander
384 2203 416 2233 Z.
440 2221 481 2226 ——
507 2205 550 2245 14)
569 2207 618 2235 Sic
643 2210 697 2236 Cu.
720 2213 745 2240 1.
765 2221 809 2248 pr.
833 2213 881 2239 Ar.
905 2228 946 2233 —-
969 2218 1039 2239 nale
1063 2214 1118 2241 Gu.
1136 2217 1165 2245 2.

217 2262 252 2265 —
278 2245 387 2272 liuius
408 2252 484 2274 nata
514 2248 545 2275 Z.
589 2250 654 2279 Om.
687 2262 774 2289 pron.
800 2254 856 2282 Gu.
882 2257 909 2284 2.
942 2264 989 2282 va.
1013 2271 1053 2276 —
1079 2256 1166 2293 vulg.

216 2293 249 2314 ut
273 2289 411 2315 Ennius:
442 2290 503 2316 His
532 2295 617 2320 nata.
665 2293 758 2321 Locus
790 2301 834 2323 est
865 2307 878 2324 e
910 2297 990 2333 virg.
1022 2297 1094 2328 Aen.
1119 2299 1167 2336 Vl,

215 2332 286 2362 781.
310 2347 347 2352 —-
382 2330 426 2370 15)
449 2333 618 2370 imperitiae
639 2344 684 2372 pr.
700 2344 747 2364 va.
773 2351 809 2357 —
836 2340 881 2375 16)
905 2345 1085 2369 contemnere
1109 2342 1168 2372 Gu.

608 1613 705 1646 Haec
734 1619 765 1646 et
792 1620 949 1659 corrupte
976 1611 1117 1659 apoetis
1144 1615 1273 1648 Solima
1300 1620 1490 1659 nuncupata
1517 1619 1582 1654 est,
1611 1620 1644 1647 et
1669 1611 1818 1658 postea³¹
1842 1614 1885 1647 ab
1901 1615 1998 1647 Aelio
2013 1615 2163 1647 Adriano

647 1662 769 1697 111de³³
796 1667 869 1710 ipsa
898 1673 945 1699 est
971 1672 1005 1700 et
1031 1668 1130 1709 Sion,
1165 1680 1250 1712 quae
1278 1667 1445 1701 Ilebraice
1472 1666 1655 1712 speculatio
1680 1662 1964 1711 interpretatur³³‚
2000 1677 2041 1699 eo
2069 1667 2162 1710 quod

1212 1790 1240 1818 1.
1266 1804 1303 1808 ———
1338 1787 1383 1823 17)
1407 1791 1487 1813 creat
1511 1785 1547 1814 al.
1572 1801 1611 1806 —
1640 1783 1686 1825 18)
1709 1795 1815 1812 sacrae
1837 1785 1867 1812 Z.
1890 1800 1931 1805 —
1953 1790 2079 1813 sanctae
2106 1791 2162 1813 aut

1209 1831 1314 1868 script.
1332 1835 1388 1857 ant
1409 1828 1481 1857 lzist.
1506 1838 1550 1866 pr.
1575 1846 1611 1850 ——
1642 1830 1685 1863 19)
1703 1834 1815 1855 certam
1832 1837 1889 1855 om.
1903 1827 1934 1857 Z.
1955 1844 1998 1850 —
2019 1826 2067 1868 20)
2084 1828 2163 1856 Cain

1209 1874 1265 1901 cir.
1291 1883 1349 1901 om.
1367 1873 1397 1901 Z.
1418 1888 1459 1893 —
1481 1870 1528 1910 91)
1544 1872 1626 1898 Enos
1642 1870 1671 1899 Z.
1687 1887 1728 1891 —-
1749 1869 1796 1910 29)
1807 1870 1856 1898 Sic
1873 1870 1959 1900 Arev.
1983 1881 1998 1899 e
2021 1871 2162 1910 Septuag-

1210 1916 1334 1954 interpr.
1359 1916 1462 1943 Genes.
1485 1913 1514 1949 4,
1542 1916 1588 1943 17.
1612 1913 1721 1950 ἐξῆλθε
1743 1912 1794 1942 καὶ
1819 1914 1900 1942 Καῒν
1929 1910 1988 1944 cinti
2014 1915 2068 1943 τοῦ
2090 1925 2162 1953 προ-

1211 1956 1314 1988 σώπου
1342 1960 1396 1988 τοῦ
1428 1958 1520 1989 θεοῦ.
1556 1956 1606 1985 καὶ
1631 1954 1753 1996 ᾤκησαν
1779 1955 1811 1986 ἔν
1833 1958 1872 1997 γῇ
1899 1954 1979 1986 Νᾶϊδ
2006 1955 2161 1986 κατέναντι

1210 2003 1264 2031 τοῦ
1287 1998 1378 2030 Έὸἑν.
1395 2015 1435 2021 —-
1451 1998 1544 2027 Jndm
1561 1999 1639 2036 vulg.
1665 2016 1702 2020 -—
1726 1997 1773 2036 ⁶23)
1792 1998 1840 2026 Sic
1859 1999 1888 2026 Z.
1902 1999 1960 2028 Gu.
1978 2002 2004 2030 1.
2028 2016 2062 2020 —
2086 2009 2162 2026 ,ςιιαε

1206 2050 1286 2082 pust.
1316 2043 1396 2081 vulg.
1429 2058 1462 2063 ——
1504 2044 1550 2078 Ἡ)
1578 2047 1680 2069 autem
1709 2041 1777 2070 add.
1798 2051 1843 2070 va.
1876 2057 1913 2062 —
1953 2044 1997 2077 ⁹25)
2031 2040 2164 2069 Nemrod

1210 2087 1297 2115 Arev.
1329 2102 1370 2107 ——
1404 2086 1449 2120 26)
1480 2084 1529 2112 Sic
1559 2084 1615 2114 Cu.
1641 2088 1665 2114 l.
1691 2100 1727 2105 —
1758 2085 1841 2121 cons.
1870 2085 1933 2111 sint
1955 2089 2046 2123 atque
2062 2095 2160 2122 pet-m.

1209 2129 1289 2166 vulg,
1323 2147 1360 2151 -
1401 2126 1446 2165 27)
1477 2127 1526 2155 Sic
1561 2128 1618 2155 Gu.
1650 2130 1676 2158 1.
1700 2143 1741 2148 -—-
1771 2128 1883 2154 turrim
1915 2127 1997 2164 vulg.
2035 2143 2074 2149 —
2114 2130 2160 2163 28)

1211 2169 1427 2199 Melchisedech
1454 2180 1510 2197 oni.
1541 2170 1597 2198 Gu.
1621 2173 1655 2205 2,ι
1680 2186 1721 2190 -
1758 2167 1806 2209 29)
1829 2175 1855 2197 et
1878 2169 1945 2198 add.
1969 2169 2049 2208 vulg.
2094 2169 2160 2197 Om.

1211 2215 1267 2242 Gu.
1290 2217 1314 2244 1.
1346 2232 1383 2235 —-
1415 2224 1428 2240 e
1452 2212 1564 2250 quibus
1591 2211 1650 2240 (ἆυ.
1666 2214 1694 2243 2.
1718 2229 1753 2233 ——
1786 2218 1858 2240 sort.
1893 2223 1954 2242 voc.
1984 2218 2026 2240 est
2053 2212 2107 2240 Gu.
2130 2214 2159 2243 2.

1209 2272 1251 2278 -
1280 2254 1326 2294 30)
1367 2255 1605 2284 lerusolmnonia
1643 2255 1698 2282 Gu.
1729 2257 1755 2285 1.
1783 2264 1829 2282 va.
1858 2272 1899 2277 -
1942 2254 2160 2283 Hierosolvma

1210 2299 1266 2327 Gu⁴
1284 2301 1313 2330 2.
1339 2314 1379 2320 —
1402 2299 1449 2334 31)
1467 2297 1664 2336 postmodum
1688 2297 1717 2325 Z.
1742 2297 1798 2327 Gu.
1815 2300 1844 2328 2.
1869 2316 1906 2321 —-
1934 2298 1980 2334 32)
2001 2302 2110 2324 t’ocata
2128 2298 2156 2325 Z.

1210 2342 1265 2370 Gu.
1281 2343 1310 2372 2.
1332 2357 1373 2363 -
1398 2339 1445 2381 33)
1472 2340 1545 2370 Inde
1567 2351 1624 2370 om.
1649 2341 1698 2369 Ar.
1727 2357 1768 2361 —
1800 2340 1832 2368 In
1856 2341 1912 2368 Gu.
1935 2341 1964 2370 2.
1986 2349 2034 2368 va.
2061 2340 2096 2370 al.
2114 2354 2156 2360 -·
