2203 2829
187 105 261 140 302

779 185 809 220 C
835 187 866 220 A
893 187 933 222 P.
985 186 1042 219 IV.

888 92 1066 128 ISIDORI
1091 91 1273 126 HISPAL.
1299 91 1444 127 EPISC.

1115 185 1200 220 De
1251 186 1542 221 civibus.

354 263 389 297 1,
442 260 494 293 De
524 256 670 301 imperiis
703 254 907 299 militiaeque
939 254 1114 289 vocabulis
1148 266 1188 288 ex
1213 260 1308 300 parte
1342 254 1468 289 dictum
1503 261 1569 299 est,
1610 254 1754 290 deinde¹
1792 257 1913 292 civium
1945 260 2132 293 summatim

191 312 344 355 nomina²
369 313 605 354 subiunganius
615 304 637 340 ³.

355 366 388 401 2,
443 363 537 396 Cives
561 358 680 399 vocati,
707 356 801 401 quod
822 357 855 390 in
877 368 979 390 unum
1002 361 1159 391 coeuntes
1182 357 1292 390 vivant
1302 353 1324 399 ⁴,
1352 361 1389 390 ut
1409 358 1476 391 vita
1492 359 1675 393 communis
1690 363 1723 393 et
1742 360 1889 393 ornatior
1902 361 1959 394 fiat
1974 365 2006 394 et
2022 361 2131 395 tutior.

355 416 389 452 3,
440 414 569 446 Domus
601 411 695 445 unius
721 409 866 443 familiae
890 406 1163 450 habitaculum⁵‚
1196 410 1278 442 sicut
1304 409 1382 441 urbs
1410 411 1503 444 unius
1530 412 1667 456 populi,
1701 412 1783 446 sicut
1809 412 1899 445 orbis
1926 412 2133 447 domicilium

190 473 289 507 totius
312 466 444 514 generis
471 463 618 498 humani.
669 462 731 496 Est
763 466 873 494 autem
901 461 1019 495 domus
1045 460 1191 494 familiae
1217 461 1311 494 unius
1337 458 1485 504 genus⁶,
1524 464 1591 496 sive
1626 464 1814 497 coniunctio
1847 464 1908 497 viri
1934 470 1967 497 et
1993 465 2100 498 uxoris
2111 461 2134 499 ¹¹.

190 523 311 567 Incipit
342 524 451 552 autem
479 529 498 548 a
525 515 673 556 duobus,
711 517 743 545 et
779 517 827 545 est
853 524 973 546 nomen
1001 513 1170 546 Graecum

1181 509 1194 529 8

1196 538 1203 545 .
1256 508 1365 546 Na1n⁹
1392 510 1541 559 δώματα
1569 515 1693 549 Graeci
1719 521 1807 549 tecta
1833 521 1963 551 vocant.
2018 516 2134 550 Fami-

191 577 235 608 lia
249 571 272 591 ¹⁰
299 577 347 607 est
373 569 469 604 liberi
495 578 535 601 ex
560 567 673 600 liberis
700 564 833 609 legibus
861 565 1020 610 suscepti,
1049 577 1068 597 a
1095 565 1233 599 femore.

353 621 387 656 4.
440 616 589 655 Genus¹¹
612 630 632 651 a
653 615 825 662 gignendo
848 621 878 649 et
900 616 1159 661 progenerando
1185 615 1321 654 dictum,
1350 620 1406 649 aut
1426 628 1445 648 a
1472 616 1670 652 diffinitione
1690 624 1857 653 certorum
1878 623 2133 665 prognatorum,

190 683 226 712 ut
251 676 414 717 nationes,
447 682 534 716 quae
561 669 707 716 propriis
730 667 983 712 cognationibus
1010 669 1203 700 terminatae
1229 672 1345 711 gentes
1373 668 1595 712 appellantur.

353 725 386 759 5.
439 723 590 768 Populus
617 727 664 755 est
675 716 699 737 ¹²
724 719 890 752 humanae
917 719 1151 763 multitudinis,

1185 719 1263 751 iuris
1287 730 1448 752 consensu
1472 724 1504 752 et
1526 720 1689 754 concordi
1723 721 1957 755 communione
1983 722 2132 755 sociatus.

188 779 340 824 Populus
367 780 477 810 autem
505 785 546 807 eo
558 770 583 790 ¹³
609 773 708 806 distat
734 783 753 804 a
779 771 953 816 plebibus,
987 771 1078 814 quod
1106 770 1253 815 populus
1281 771 1423 804 universi
1450 772 1538 805 cives
1565 776 1656 813 sunt,
1684 774 1926 806 connumeratis
1952 774 2134 806 senioribus

189 831 336 866 civitatis.

389 827 490 862 Plebs
516 829 627 858 autem
653 824 820 866 reliquum
848 823 967 867 vulgus
995 824 1063 855 sine
1090 822 1273 855 senioribus
1288 818 1320 856 ¹⁴.

353 879 387 912 6.
439 877 589 923 Populus
622 887 704 921 ergo
731 879 801 907 tota
830 874 942 907 civitas
971 880 1019 907 est
1030 871 1070 913 ¹5,
1098 873 1218 918 vulgus
1245 885 1324 905 vero
1352 874 1449 918 plebs
1477 879 1533 907 est.

1587 874 1688 908 Plebs
1716 879 1826 907 autem
1854 875 1945 909 dicta
1972 887 1990 908 a
2017 875 2134 920 plura-

189 934 290 966 litate.
333 931 446 964 Maior
473 933 521 962 est
548 928 634 961 enim
662 937 815 960 numerus
842 926 1017 967 minorum,
1041 936 1141 968 quam
1168 925 1334 957 seniorum
1347 923 1379 957 ¹⁶.
1429 926 1580 970 Populus
1607 937 1686 959 vero
1715 924 1735 961 ὁ
1758 923 1884 970 συχνός
1912 926 2022 973 δῆμος
2049 926 2134 960 dici-

188 990 252 1025 tur,
279 983 314 1016 id
342 987 391 1016 est
418 981 520 1025 ὄχλος
547 976 652 1018 πολύς
667 976 699 1011 ¹⁷.

190 1035 366 1080 lapidibus.

752 976 855 1010 Unde
883 982 914 1009 et
941 977 1088 1021 populus
1124 976 1231 1010 (lictus

420 1033 551 1076 Vulgus
578 1035 628 1064 est
654 1029 776 1074 passim
804 1028 992 1061 inhabitans
1019 1028 1214 1070 multitudo,
1242 1029 1335 1071 quasi
1362 1029 1501 1072 quisque
1528 1040 1596 1072 quo
1609 1026 1634 1046 ²⁰

1243 973 1276 1010 ¹⁹.
1324 976 1455 1010 Graece
1490 983 1600 1010 autem
1635 978 1782 1022 populus
1815 975 1899 1017 λαός
1935 974 2088 1011 dicitur¹⁹
2115 990 2134 1010 a

1662 1030 1741 1062 vult.

354 1085 387 1118 7.
440 1084 564 1117 Tribus
592 1082 746 1116 dicuntur
772 1086 930 1123 tanquam
958 1082 1068 1114 curiae
1097 1085 1128 1112 et
1155 1080 1435 1124 congregationes
1472 1081 1645 1114 distinctae
1672 1081 1898 1125 populorum,
1933 1085 1966 1114 et
1996 1085 2135 1113 vocatae

189 1139 294 1171 tribus
326 1137 368 1169 ab
400 1146 458 1175 eo,
503 1133 595 1177 quod
631 1134 663 1165 in
696 1132 863 1176 principio
899 1132 1042 1164 Romani
1069 1132 1192 1164 trifarie
1225 1132 1356 1163 fuerunt
1384 1144 1402 1163 a
1429 1132 1578 1164 Romulo
1607 1129 1823 1176 dispertium,
1858 1132 1890 1164 in
1922 1132 2135 1175 senatoribus,

190 1189 350 1223 militibus
377 1192 410 1219 et
437 1186 601 1230 plebibus.

189 1291 284 1335 quod
310 1289 372 1334 ipsi
399 1287 524 1333 agendi
549 1286 697 1319 habeant
724 1285 917 1319 facultatem
928 1281 962 1318 ²⁸.

655 1184 752 1225 Quae
775 1188 885 1214 tamen
913 1183 1017 1217 tribus
1043 1194 1130 1216 nunc
1155 1183 1394 1226 multiplicatae
1420 1195 1542 1216 nomeu
1569 1184 1742 1227 pristinum
1769 1183 1909 1216 retinent
1921 1180 1954 1215 ²².

354 1236 388 1270 8.
441 1236 578 1270 Senatui
612 1246 734 1267 nomen
761 1239 850 1266 aetas
877 1233 986 1274 (ledit,
1019 1234 1111 1276 quod
1148 1234 1293 1267 seniores
1316 1239 1431 1268 essent.

1482 1235 1551 1267 Alii
1579 1247 1598 1267 a
1624 1235 1760 1268 sinendo
1788 1231 1936 1268 dicunt²³
1959 1238 2135 1274 senatores,

354 1339 388 1373 9.
441 1337 751 1373 senatusconsultus
778 1349 797 1369 a
823 1335 1030 1370 consulendo
1067 1340 1099 1368 et
1133 1336 1307 1369 tractando
1344 1341 1391 1369 est
1418 1336 1544 1377 dictus,
1578 1336 1671 1380 quod
1698 1337 1744 1370 sic
1771 1337 1823 1378 fit,
1859 1342 1893 1369 ut
1929 1337 2078 1370 consulat
2104 1342 2136 1369 et

189 1404 310 1428 nocere
332 1403 398 1425 non
424 1391 537 1436 possit.

356 1443 414 1475 10.

358 1545 416 1577 ll.

467 1443 581 1475 Patres
610 1445 741 1481 autem,
769 1445 804 1472 ut
836 1438 997 1472 Salustius
1028 1434 1158 1478 dieit²⁵‚
1192 1450 1210 1470 a
1244 1434 1377 1472 curae²¹⁵
1404 1438 1620 1472 similitudine
1657 1439 1766 1472 vocati
1797 1444 1879 1472 sunt.

192 1500 305 1540 patres
332 1494 419 1526 filios
446 1504 537 1533 suos,
565 1492 609 1524 ita
635 1492 684 1523 illi
710 1491 953 1535 rempublicam
982 1489 1115 1521 alebant
1128 1486 1162 1522 ²⁷.

467 1545 581 1578 Patres
608 1543 807 1587 conscripti,
848 1542 925 1584 quia
958 1541 1040 1573 dum
1074 1541 1237 1573 Romulus
1271 1539 1391 1573 decem
1426 1542 1532 1573 curias
1566 1546 1754 1573 senatorum
1790 1540 1962 1584 elegisset,
2004 1541 2135 1574 nomina

1939 1438 2025 1472 Nam
2054 1439 2136 1472 sicut

191 1609 306 1631 eorum
333 1592 543 1641 praesente²8
570 1594 701 1640 populo
728 1595 760 1626 in
787 1593 917 1626 tabulas
943 1604 1058 1624 aureas
1079 1592 1235 1631 contulit,
1263 1596 1362 1634 atque
1390 1591 1467 1624 inde
1493 1597 1606 1636 patres
1633 1592 1812 1636 conscripti
1840 1592 1958 1626 vocati.

260 1700 287 1731 1)
310 1697 357 1724 Sic
378 1694 669 1732 Gu.1.—1leincq›s
692 1694 772 1731 vulg.
795 1709 837 1716 —
857 1693 888 1731 ⁴2¹)
913 1692 960 1720 Sic
980 1692 1074 1723 Gu.1.
1098 1708 1140 1714 —-

194 1738 281 1776 Vulg.
304 1741 428 1767 nomina
450 1739 682 1766 -wcmmatirm—
700 1736 728 1776 3)
748 1738 796 1765 Sic
813 1737 868 1764 Gu.
882 1739 954 1766 1.—-
970 1735 1141 1773 Subiungi-

193 1791 261 1809 mus
283 1782 414 1819 vulg.—-
430 1780 461 1817 4)
487 1783 590 1809 vivunt
613 1780 650 1809 al.
666 1795 707 1801 ——
729 1781 760 1816 5)
783 1779 870 1817 Vulg.
894 1784 934 1806 est
959 1778 1037 1814 add„
1061 1777 1142 1816 quod

195 1834 253 1852 om.
279 1824 336 1853 Gu.
354 1826 380 1855 1.
411 1823 493 1853 Idem
517 1828 585 1863 post
607 1822 737 1850 humani
760 1832 817 1851 oni.
844 1822 901 1850 Gu.
926 1824 950 1850 1.
976 1821 1026 1849 Ar.
1049 1837 1090 1841 —
1113 1818 1142 1861 6)

195 1867 243 1893 Sic
263 1866 318 1893 Gu.
336 1869 361 1896 1.
380 1885 416 1888 --
435 1866 521 1904 Vulg.
542 1876 640 1904 genus
653 1865 812 1902 smniliae.
835 1881 877 1887 —
901 1864 949 1892 Ar.
970 1874 1067 1902 grim-<-
1086 1864 1143 1899 fa-

195 1908 299 1944 milia,
330 1912 363 1936 ut
389 1909 425 1936 al.
453 1918 500 1946 ap.
524 1908 664 1944 vulcam,
697 1908 747 1945 qui
777 1907 807 1935 id
831 1906 953 1945 probat,
982 1906 1063 1944 quod
1089 1906 1144 1934 do-

196 1960 261 1978 mus
291 1954 320 1978 et
347 1960 403 1988 pro
433 1960 539 1987 genere
571 1955 600 1978 et
630 1960 685 1988 pro
716 1950 826 1978 familia
858 1949 1032 1988 accipiatur.
1055 1964 1095 1969 —
1118 1951 1146 1981 7)

196 1993 335 2022 mulieris
358 1993 394 2022 al.
423 2006 466 2013 —-
496 1991 525 2028 S)
551 1993 699 2020 Graecum
726 2003 831 2020 nomen
854 2002 900 2020 va.
927 2007 969 2013 —
1004 1989 1033 2030 9)
1065 1992 1147 2018 ,Ναιη

227 2057 236 2065 .
259 2058 266 2064 .
288 2040 397 2063 vocant
420 2044 476 2063 oin.
500 2035 556 2062 (ἆυ.
573 2037 601 2065 2.
625 2035 661 2064 al.
686 2042 732 2062 va.
755 2051 796 2056 —
818 2034 863 2063 Al.
887 2033 994 2061 dicunt
1016 2044 1072 2072 pro
1096 2045 1145 2060 rso-

197 2084 277 2107 cant.
294 2092 335 2100 -
358 2075 406 2117 10)
427 2076 514 2114 Vulg.
538 2076 618 2104 Nam
633 2077 782 2114 familia,
805 2075 857 2105 sed
881 2076 1061 2115 particulam
1086 2086 1141 2106 orn.

199 2121 256 2152 Gu.
276 2123 301 2151 1.
318 2136 353 2141 —
372 2118 417 2157 11)
435 2118 522 2157 Vulg.
545 2118 612 2147 add.
636 2125 746 2156 autem,
769 2118 849 2158 quod
873 2129 930 2148 om.
955 2119 1011 2148 Gu.
1024 2120 1087 2148 1.2.
1102 2134 1142 2140 —-

199 2163 247 2194 Al,
270 2168 334 2191 aut.
364 2179 405 2183 ——
443 2160 490 2201 12)
513 2167 613 2189 coetus
643 2160 710 2192 add.
735 2162 783 2190 Ar.
813 2172 850 2190 ex
879 2161 1034 2199 Augustin.
1059 2161 1141 2189 Xix.

201 2205 238 2236 de
260 2205 324 2235 civ.
346 2214 372 2235 e.
386 2205 436 2236 21.
456 2208 485 2234 et
507 2203 573 2241 24„
596 2204 647 2240 qui
669 2203 743 2232 haec
770 2202 922 2232 Ciceronis
945 2203 1017 2232 dicit
1041 2202 1143 2232 libror.

201 2248 239 2277 de
260 2248 333 2286 Rep.
355 2263 395 2268 —
419 2244 463 2285 13)
487 2245 553 2274 ideo
576 2246 632 2274 Gu.
650 2248 680 2276 2.
702 2262 743 2267 —
766 2245 812 2283 14)
835 2246 922 2283 Vulg.
944 2245 1012 2274 add.
1036 2248 1144 2275 cirita-

202 2293 254 2326 tis,
280 2288 360 2328 quod
382 2299 438 2318 om.
463 2289 518 2317 Gu.
535 2292 561 2320 1.
583 2288 620 2316 al.
643 2304 685 2309 -—
708 2287 752 2326 15)
776 2293 817 2316 est
841 2288 942 2316 addidi
966 2298 980 2316 e
1005 2288 1141 2320 Gu.1‚2‚

203 2343 247 2372 pr.
267 2342 316 2361 va.
340 2346 378 2353 —
410 2329 456 2371 16)
478 2332 629 2359 maiorum
651 2339 695 2358 va.
726 2346 768 2351 —
799 2333 841 2363 17)
864 2331 912 2358 Sic
934 2330 1040 2368 scripsi
1062 2330 1143 2359 hunc

202 2377 302 2405 locum
324 2384 338 2404 e
361 2373 531 2403 coniectura
543 2373 606 2403 Viri
621 2372 662 2401 Cl.
678 2371 840 2401 Godosredi
862 2372 1032 2410 Hermanni,
1057 2384 1143 2411 quem

1183 1691 1277 1721 literis
1300 1691 1356 1719 hac
1380 1691 1415 1720 de
1438 1702 1470 1720 re
1494 1691 1639 1722 consului.
1656 1709 1689 1713 —
1717 1691 1804 1729 Vulg.
1829 1696 1885 1719 est:
1910 1692 2051 1729 Populus
2068 1702 2134 1719 uero

1184 1746 1203 1762 ιι
1227 1736 1341 1762 Graeco
1365 1734 1498 1769 dicitur,
1530 1736 1622 1773 quasi
1643 1736 1815 1764 πολιτῶν
1839 1731 2079 1772 α’θροισμός,
2102 1733 2137 1762 id

1184 1783 1226 1805 est
1250 1779 1362 1805 civium
1385 1784 1494 1808 eveza-9.
1539 1778 1591 1807 Est
1612 1777 1685 1805 haec
1707 1777 1878 1806 coniectura
1902 1776 2024 1804 Vulcan.
2047 1777 2134 1806 Arev.

1186 1820 1324 1860 scripsit,
1357 1820 1461 1849 Grialii
1497 1820 1699 1849 coniecturam
1730 1824 1863 1848 secutus:
1899 1816 2044 1857 συχνός
2072 1819 2135 1858 6⁷}-

1189 1875 1257 1902 μος
1287 1862 1417 1899 ιίίοίίιιν,
1461 1861 1496 1890 id
1523 1868 1565 1890 ex!
1603 1859 1737 1897 κοιτός
1773 1857 1904 1897 πολύς.
1938 1862 1995 1889 Gu.
2016 1863 2044 1892 1.
2079 1861 2134 1889 ita:

1190 1916 1352 1944 coyxnxoc
1374 1905 1404 1933 id
1427 1910 1470 1934 est
1493 1905 1664 1934 crlorlotsrc.
1681 1905 1737 1932 Gu.
1752 1907 1780 1936 ΕΖ.
1805 1913 1998 1942 coyxnnioic
2012 1903 2134 1938 dicitur,

1188 1948 1219 1975 id
1237 1953 1281 1976 est
1304 1948 1362 1976 cilo
1385 1950 1517 1977 επολτιο.
1541 1949 1597 1977 Gu.
1614 1950 1643 1978 3.
1670 1947 1863 1985 coylslanorc
1886 1946 2012 1983 dicitur,
2035 1946 2067 1975 id
2090 1951 2134 1974 est

1190 1991 1259 2019 ello.
1288 2000 1411 2020 cnoncrc
1444 1991 1499 2018 Gu.
1522 1991 1551 2022 4.
1583 2000 1657 2028 coya
1685 1998 1809 2028 mamoyc
1832 1989 1967 2023 dicitur„
1996 1988 2016 2018 i.
2041 1993 2133 2017 cetus.

1186 2043 1317 2063 cnoacic.
1341 2032 1419 2062 Edit.
1433 2042 1479 2061 va.
1503 2032 1700 2071 coyxnamoic
1723 2032 1842 2068 dicitur,
1864 2031 1897 2060 id
1917 2035 1960 2059 est
1983 2031 2133 2059 citocuoa-

1185 2076 1237 2106 tic.
1271 2075 1348 2104 Edit.
1376 2085 1422 2114 pr.
1454 2085 1511 2104 om.
1541 2076 1671 2111 Graeca,
1701 2074 1823 2103 exhibet
1850 2078 1948 2102 tamen
1976 2072 2066 2102 haec:
2099 2072 2135 2102 id

1185 2124 1226 2146 eat
1249 2120 1307 2146 cito
1332 2117 1404 2147 eod.
1430 2118 1537 2147 Zittav.
1560 2123 1657 2146 totum
1689 2127 1753 2156 cap.
1780 2116 1901 2146 omittit.
1931 2115 2052 2155 Optime
2074 2126 2133 2144 au-

1184 2166 1242 2190 tem
1261 2164 1362 2189 nostra
1383 2161 1529 2198 quadrant
1552 2161 1590 2189 ad
1611 2170 1656 2189 vr.
1680 2159 1708 2199 §.
1724 2160 1752 2191 5.
1783 2159 1924 2197 Populus
1954 2164 1995 2187 est
2017 2159 2132 2186 liuma-

1186 2214 1244 2232 ncze
1264 2202 1485 2233 multitudinis.
1516 2204 1609 2233 Grial.
1640 2202 1718 2232 eslici
1745 2201 1858 2240 aliquid
1892 2211 1979 2240 posse
2009 2201 2132 2239 putabat

1187 2246 1306 2274 Graecis
1324 2255 1370 2284 ap.
1387 2245 1497 2274 Hieron
1517 2246 1546 2274 in
1564 2245 1680 2275 Nahum
1697 2248 1736 2280 3.,
1753 2244 1805 2273 ubi
1821 2244 1859 2273 ad
1873 2243 1965 2272 illud:
1987 2243 2131 2272 Bruclms

1186 2298 1337 2326 expansus
1358 2294 1418 2324 ext,
1441 2289 1560 2328 scripsit
1583 2287 1677 2323 πολύς
1699 2285 1869 2326 σύμμικτος.
1899 2286 2008 2315 Eodem
2030 2286 2131 2322 modo,

1186 2335 1219 2359 ut
1241 2330 1299 2359 hoc
1321 2331 1406 2367 loco,
1440 2332 1553 2361 Graeca
1577 2330 1696 2360 Graecis
1718 2331 1933 2368 interpretatur
1953 2328 2059 2357 Isidor.
2078 2328 2128 2357 lib.

1186 2373 1263 2403 XVI.
1287 2384 1352 2412 cap.
1376 2376 1421 2407 18,
1444 2376 1475 2406 3.
1507 2390 1550 2396 —
1586 2373 1631 2412 18)
1655 2373 1740 2411 Vulg.
1769 2378 1812 2401 est
1843 2371 1931 2409 add„
1967 2371 2047 2410 quod
2073 2381 2128 2400 om.
