2203 2829
187 129 236 163 72

584 217 613 252 C
639 219 669 252 A
695 218 732 251 P.
788 217 859 252 Vll.

876 122 1054 159 ISIDORI
1081 122 1264 158 HISPAL.
1291 122 1434 158 EPISC.

920 218 987 252 De
1021 221 1217 263 quatuor
1249 217 1460 263 partibus
1492 219 1726 252 orationis.

355 297 387 329 l.
441 295 572 328 Partes
598 293 764 327 orationis
790 294 822 327 in
849 294 1035 329 Rhetorica
1062 298 1131 327 arte
1157 298 1299 337 quatuor
1326 299 1416 337 sunt,
1452 293 1662 337 exordium¹,
1690 296 1849 337 narratio,
1877 295 2132 340 argumentatio,

192 349 371 385 conclusio.

426 347 554 379 Harum
589 348 698 390 prima
725 346 882 379 auditoris
909 347 1053 379 animum
1081 352 1260 390 provocat,
1300 346 1445 379 secunda
1472 358 1523 379 res
1557 353 1667 392 gestas
1705 348 1868 391 explicat,
1903 348 2000 380 tertia
2027 346 2130 380 fidem

191 402 271 436 facit
297 395 522 437 assertionis²,
550 403 665 440 quarta
692 397 792 430 finem
819 399 917 431 totius
945 398 1100 431 orationis
1127 398 1372 441 complectitur.

357 451 389 484 2.
444 449 674 482 Inchoandum
704 453 750 482 est
777 450 887 493 itaque
914 451 1042 489 taliter,
1075 454 1111 482 ut
1138 450 1326 481 benivolum
1338 446 1366 489 ²⁵,
1395 447 1584 491 ‹locilem⁴‚
1612 450 1663 482 vel
1691 454 1850 482 attentum
1879 449 2064 482 auditorem
2080 449 2132 482 fa-

193 505 332 539 ciamus:
359 502 549 534 benivolum
577 498 809 545 praecan‹lo⁵,
838 499 1044 535 docibilem⁰
1070 501 1277 541 instruendn,
1313 505 1471 533 attentum
1500 501 1684 534 excitando.

1738 501 1948 534 Narrandum
1981 506 2028 534 est
2053 501 2097 532 ita
2109 497 2133 541 ⁷,

193 561 229 589 ut
253 553 395 587 breviter
422 558 520 596 atque
545 557 661 596 aperte
688 553 881 596 loquamur3
908 553 1207 598 argumentandum
1237 557 1284 585 est
1310 549 1394 591 itass,
1424 558 1458 584 ut
1484 553 1629 596 primum
1657 558 1767 585 nostra
1795 554 1982 593 firmemus,
2010 551 2134 585 dehinc

192 608 329 640 adversa
355 604 622 649 confringamus3
655 605 923 638 concludendum
955 602 1024 638 est⁹
1050 605 1114 645 ita,
1149 610 1183 636 ut
1211 604 1413 637 concitemus
1441 604 1568 636 animos

1580 600 1604 620 ¹⁰
1636 604 1819 647 audientis,
1851 604 2010 648 implere,
2047 615 2133 648 quae

973 732 1036 765 De
1071 733 1261 778 quinque
1296 733 1438 765 modis
1472 743 1720 765 causarum.

358 809 390 841 l.
447 807 590 852 Species
616 820 806 842 causarum
840 810 987 852 quinque
1014 805 1138 849 simtu,
1174 809 1207 841 id
1237 805 1316 841 est¹²
1350 808 1545 849 honestum,
1580 808 1798 848 admirabile,
1826 807 1969 847 humile,
1999 817 2134 851 anceps,

190 658 337 693 dicimus.

605 731 634 764 C
661 732 692 765 A
719 733 755 765 P.
810 733 900 765 Vlll.

192 863 380 895 obscurum.

191 914 243 947 ris.
296 911 503 945 Admirabile
527 916 574 943 est
601 923 652 951 eo,
676 912 767 956 quod
784 910 807 929 ¹⁵
833 917 973 945 attentus
998 912 1035 944 fit
1061 912 1186 944 animus

191 963 374 1010 negligitur
400 963 442 994 al)
470 962 622 996 auditore
635 960 669 998 ¹⁷.

434 860 619 892 Honestum
647 858 853 894 causarum¹³
880 858 1039 905 genusn,
1078 861 1130 893 cui
1158 861 1266 893 statim
1293 862 1362 893 sine
1397 862 1546 893 oratione
1580 866 1694 893 nostra
1721 860 1810 892 favet
1842 859 1970 891 animus
2004 858 2134 891 audito-

1199 909 1220 928 16

1248 923 1380 953 eorum,
1408 913 1464 956 qui
1487 912 1629 945 audituri
1653 916 1733 945 sunt.
1788 911 1926 944 Humile
1954 915 2014 951 est,
2041 909 2134 953 quod

355 1014 388 1048 2.
441 1014 576 1058 Anceps
603 1019 668 1055 est,
694 1015 726 1046 in
753 1024 820 1057 quo
848 1019 903 1046 aut
929 1014 1086 1048 iudicatio
1113 1015 1214 1047 dubia
1243 1020 1305 1054 est,
1342 1019 1397 1046 aut
1424 1025 1522 1048 causa
1549 1014 1732 1047 honestatis
1759 1019 1791 1046 et
1817 1012 2029 1057 turpitudinis
2056 1023 2135 1056 par-

192 1067 313 1110 ticeps,
348 1070 383 1098 ut
410 1070 442 1097 et
469 1066 723 1098 benivolentiam
737 1062 759 1082 ¹⁸
792 1066 899 1109 pariat
926 1062 993 1098 et¹‘J

740 1218 769 1251 C
797 1219 826 1251 A
857 1220 891 1251 Ρ.
946 1219 1003 1251 ΙΧ.

360 1293 391 1326 l.
445 1293 681 1338 Syllogismus
705 1294 855 1335 Graece,
883 1290 1035 1327 Latine²⁶

192 1396 470 1440 praesumptionis
482 1392 506 1412 ²¹³

195 1453 250 1479 aut
277 1459 316 1480 ex
347 1447 469 1480 fiducia
496 1448 754 1490 comprobantis.

360 1497 392 1531 2.
446 1497 583 1530 Constat
609 1495 756 1530 autem³⁰
790 1498 892 1530 tribus
920 1499 1086 1542 partibus,
1123 1500 1369 1542 propositione,
1412 1496 1688 1543 ass11111ptione³¹‚
1725 1499 1948 1533 conclusione.

195 1549 326 1589 sitione,
354 1554 390 1581 ut
416 1553 515 1593 puta,
542 1549 634 1591 quod
662 1550 786 1581 bonum
809 1554 874 1590 est,
910 1555 1040 1593 turpem
1073 1562 1165 1582 usum
1194 1550 1320 1582 habere
1349 1562 1414 1582 non
1442 1556 1552 1594 potest
1563 1547 1596 1583 ³².

196 1597 367 1645 sumpsit³⁴
393 1600 466 1633 ille:
494 1601 640 1633 Pecunia
666 1606 799 1645 turpem
828 1612 922 1633 usum
950 1601 1063 1635 habet.

284 1719 312 1755 1)
337 1717 371 1745 id
396 1725 438 1746 cst
461 1718 616 1747 exordium
640 1720 675 1748 al.
700 1719 760 1748 Csr.
785 1730 851 1748 cum
876 1719 933 1747 hoc
963 1722 1060 1758 capite
1087 1720 1147 1748 Cic.

198 1761 234 1789 de
254 1761 315 1789 InV.
335 1761 363 1797 I,
393 1761 445 1796 14,
472 1765 517 1794 19.
542 1772 623 1800 seqq.
654 1779 694 1782 —
730 1763 760 1800 ff)
784 1763 831 1790 Sic
857 1764 912 1790 (ἆυ.
939 1767 965 1794 1.
988 1779 1027 1783 ——
1048 1762 1144 1800 ‘fldem

198 1803 414 1831 assettionibus
431 1805 513 1840 flacit
538 1806 594 1832 Gu.
614 1808 639 1835 1.
661 1820 702 1826 —
733 1803 763 1845 3)
788 1805 835 1833 sic
859 1806 913 1834 Gn.
939 1808 964 1835 1.
987 1808 1014 1836 2.
1038 1806 1076 1834 al.
1099 1816 1143 1844 pr.

197 1856 244 1874 va.
267 1845 325 1873 hoc
349 1846 415 1874 loco
440 1852 467 1874 et
491 1857 580 1883 mox3
602 1847 682 1884 vulg.
699 1847 879 1883 benevolum,
908 1857 995 1885 quam
1016 1848 1144 1885 scriptu-

199 1899 262 1917 ram
286 1888 347 1927 ipse
371 1888 477 1919 Isidor.
502 1890 620 1917 danmat
643 1889 719 1917 libro
736 1890 779 1925 X,
804 1893 906 1922 26-
931 1889 962 1929 4)
986 1889 1145 1917 docibile-m

200 1931 256 1960 Gu.
275 1933 303 1962 2.
332 1947 373 1952 —
402 1929 430 1968 5)
455 1932 503 1960 Sic
525 1932 581 1959 Gu.
602 1935 628 1964 1.
644 1935 671 1963 2.
693 1932 727 1960 al.
750 1942 795 1960 va.
818 1949 858 1954 ·-—
886 1932 1041 1971 precando
1065 1933 1144 1970 vulg.

199 1989 238 1996 —
263 1974 293 2009 6)
316 1973 364 2000 Sic
379 1973 426 2000 Gu
445 1976 469 2003 1.
487 1976 515 2005 2.
534 1991 568 1995 -
597 1974 722 2002 docilem
739 1976 817 2012 vulg.
841 1992 881 1996 —
910 1977 937 2010 7)
964 1981 995 2002 ul
1015 1986 1072 2004 om.
1090 1977 1145 2003 Gu.

200 2020 227 2048 1,
254 2032 288 2036 —
316 2014 400 2053 quod
420 2015 456 2043 al.
481 2033 521 2038 —
552 2019 578 2054 8)
601 2023 642 2044 est
665 2017 765 2046 addidi
782 2027 795 2045 e
812 2017 867 2045 Gu.
886 2020 909 2047 1.
928 2020 955 2048 2.
979 2017 1015 2047 al.
1039 2028 1084 2045 va.
1105 2033 1148 2039 --

199 2061 227 2096 9)
250 2064 291 2086 est
315 2069 370 2086 om.
397 2058 452 2085 Gu.
471 2062 499 2091 2.
524 2060 572 2086 Ar.
589 2076 630 2081 —
656 2064 701 2095 w)
725 2060 773 2087 Sic
789 2060 844 2090 Gu.
865 2063 890 2090 1.
908 2062 935 2089 2.
960 2061 995 2089 al.
1010 2077 1051 2081 -
1075 2062 1146 2087 ani-

203 2111 287 2128 mum
310 2101 389 2137 vulg.
416 2118 450 2121 —
487 2101 530 2141 11)
555 2102 603 2129 Sic
625 2102 680 2130 Gu.
702 2106 728 2133 1.
750 2118 787 2123 —
813 2108 885 2129 sant
909 2104 1039 2141 quinque
1065 2103 1145 2139 vulg.

202 2160 241 2164 ——-
266 2143 312 2180 12)
336 2142 371 2170 id
393 2149 435 2170 est
456 2154 513 2172 om.
535 2154 580 2172 va.
607 2144 657 2173 Ar.
685 2145 779 2172 Locus
803 2150 844 2172 est
870 2155 884 2173 e
909 2145 969 2173 Cic.
993 2146 1028 2173 de
1050 2145 1105 2173 Inv
1125 2145 1146 2180 1,

205 2185 261 2220 15,
285 2188 334 2217 20.
359 2202 397 2206 -
425 2188 467 2218 13)
492 2187 539 2214 Sic
555 2187 611 2216 Gu.
630 2190 653 2217 1.
671 2203 711 2208 --
735 2197 847 2214 (πω-(ιε
862 2187 941 2224 vulg.
966 2204 1003 2209 —-
1034 2186 1079 2226 14)
1104 2193 1145 2214 est

204 2228 272 2256 add.
288 2228 379 2267 vulg.,
403 2228 453 2256 sed
473 2239 528 2257 om.
554 2230 609 2258 Gn.
624 2232 648 2259 1.
665 2232 693 2261 2.
710 2245 745 2250 —-
776 2233 818 2262 15)
840 2230 888 2257 Sic
905 2231 958 2257 Gn.
979 2233 1005 2261 1.
1021 2246 1060 2251 —
1085 2241 1144 2267 qao

205 2270 284 2308 vulg.
298 2286 339 2292 -
363 2269 409 2310 16)
433 2282 451 2298 tl
474 2282 533 2310 quo
557 2277 597 2299 est
620 2272 772 2299 alienatas·
794 2274 916 2299 ‹mima-5
940 2274 995 2300 (lu.
1014 2275 1042 2302 2.
1068 2274 1115 2301 Ar.
1132 2283 1145 2300 e

204 2313 298 2342 Cicer.
322 2313 340 2343 l.
364 2323 388 2341 c.
420 2331 454 2335 —
488 2316 549 2341 sint
579 2315 665 2344 Arev.
696 2330 737 2334 —
771 2325 828 2351 quo
860 2320 901 2341 est
932 2316 1078 2341 attentius
1105 2315 1148 2341 ml

207 2356 360 2383 alienatus
374 2357 495 2383 animus
511 2367 608 2385 va.—
633 2357 679 2391 17)
696 2356 734 2383 ab
749 2356 942 2383 amiam-ihus
957 2357 991 2386 al,
1004 2373 1043 2377 —
1060 2357 1146 2394 Wulg.

208 2398 303 2426 addit:
319 2403 345 2425 et
358 2409 414 2426 non
432 2409 609 2437 magnopere
622 2398 833 2427 attemlcnclam
845 2398 972 2435 vidam,
991 2409 1064 2437 quae
1081 2405 1148 2428 sunt

1028 1066 1189 1098 offensam
1202 1063 1236 1099 ²⁰.

193 1124 281 1159 sunt,
308 1122 363 1150 aut
390 1117 630 1149 difficilioribus
640 1114 665 1134 ²³
690 1117 732 1149 ad
762 1117 1033 1162 cognoscendum
1047 1114 1071 1134 ²¹
1099 1118 1247 1161 negociis

1087 1219 1154 1251 Dc

1062 1296 1305 1339 argumentatio
1318 1292 1343 1311 ²⁷
1370 1295 1567 1338 appellatur.

194 1343 293 1388 est²⁸‚
335 1345 427 1388 quasi
454 1350 592 1389 argutae
618 1345 734 1378 mentis
770 1347 892 1385 oratio,
934 1358 998 1389 qua
1025 1345 1192 1378 inventum
1219 1346 1395 1390 probabile
1426 1347 1643 1389 exsequimur.

1298 1066 1487 1099 Obscurum
1500 1063 1541 1106 ²¹,
1578 1067 1610 1098 in
1638 1077 1705 1109 quo
1718 1063 1742 1082 ²²
1775 1070 1830 1097 aut
1856 1065 1942 1097 tardi
1969 1064 2135 1097 auditores

1258 1114 1283 1134 ²³
1310 1129 1408 1152 causa
1437 1118 1580 1150 cernitur
1613 1118 1791 1162 implicata.

1207 1219 1580 1264 Syllogismis.

1622 1295 1875 1339 Argumentatio
1905 1299 2014 1327 autem
2048 1293 2135 1325 dicta

1705 1346 1927 1389 syllogismus
1961 1345 2062 1389 igitur
2090 1350 2137 1377 est

542 1400 575 1428 et
607 1397 835 1440 assumptionis
869 1398 1194 1440 confirmationisque
1227 1403 1374 1431 extrema
1408 1398 1577 1431 conclusio
1611 1403 1667 1430 aut
1697 1408 1736 1430 ex
1770 1397 1968 1442 ambigentis
2001 1397 2137 1437 incerto,

2004 1500 2137 1542 Propo-

1657 1548 1865 1583 Consentit³³
1897 1550 2051 1593 audiens,
2085 1562 2137 1582 as-

1118 1601 1356 1635 Concluditur:
1382 1603 1477 1646 Ergo
1506 1602 1648 1645 pecunia
1676 1602 1800 1634 bonum
1828 1613 1894 1634 non
1921 1598 2015 1635 est³5.

1193 1721 1354 1756 Ciceronis,
1375 1720 1427 1749 sed
1444 1720 1528 1749 omisi
1546 1730 1560 1749 e
1577 1722 1633 1748 (ἆυ.
1651 1724 1677 1751 1.
1693 1723 1721 1752 2,
1746 1721 1831 1749 Arev.
1847 1736 1888 1741 -—
1909 1720 1952 1756 18)
1969 1721 2139 1748 benevolam

1194 1765 1240 1791 wel
1261 1764 1494 1791 bam-olentium
1516 1764 1625 1801 pariat
1658 1764 1713 1791 Gu.
1740 1767 1765 1794 1,
1797 1762 1994 1791 Scribenduzn
2025 1768 2068 1790 est
2094 1764 2138 1791 be-

1192 1808 1407 1839 asmantiam,
1429 1811 1461 1834 ut
1485 1816 1574 1843 supra
1594 1816 1618 1833 c.
1637 1808 1673 1841 7,
1700 1809 1727 1837 2,
1753 1822 1791 1827 -
1815 1806 2015 1832 lmzimlentm
2039 1806 2095 1834 Gu.
2110 1809 2138 1837 2.

1192 1849 1230 1877 ul.
1250 1860 1294 1879 va.
1314 1865 1354 1870 —
1379 1848 1422 1887 19)
1445 1854 1471 1876 et
1495 1859 1551 1876 om.
1576 1848 1633 1876 Gu.
1655 1851 1679 1878 1.
1696 1864 1737 1868 ——
1760 1849 1804 1886 ΞΟ)
1829 1848 2019 1886 olli-nasonem
2036 1849 2082 1883 al,
2106 1853 2139 1877 ut

1192 1896 1235 1919 est
1253 1903 1296 1930 ap.
1315 1891 1374 1919 Cic.
1397 1907 1437 1912 —-
1460 1893 1505 1927 91)
1529 1890 1607 1927 vulg.
1632 1889 1701 1920 add.
1727 1896 1787 1924 (πεί,
1813 1890 1894 1928 quod
1914 1901 1971 1919 om.
1996 1891 2052 1918 Gu.
2071 1893 2138 1922 1.2.

1191 1944 1235 1972 pr.
1261 1945 1305 1962 va.
1328 1950 1369 1954 ———
1392 1931 1437 1971 22)
1462 1938 1515 1960 aut
1538 1934 1571 1960 in
1593 1943 1650 1970 quo
1674 1932 1709 1961 al.
1724 1949 1765 1954 —
1788 1936 1831 1969 23)
1856 1933 2084 1971 quaestionibus
2102 1933 2138 1961 al.

1190 1976 1255 2004 add.
1282 1992 1322 1997 —
1344 1976 1392 2011 24)
1416 1974 1639 2013 agnoscendum
1657 1975 1712 2004 Gu.
1731 1979 1760 2007 2.
1783 1993 1816 1996 -
1843 1977 1890 2012 25)
1912 1977 2066 2014 negoliam
2082 1975 2137 2005 Gu.

1193 2023 1218 2049 1.
1237 2023 1264 2050 2,
1290 2019 1326 2046 al.
1357 2035 1392 2038 —
1424 2017 1471 2055 26)
1494 2019 1606 2045 Latine
1623 2028 1678 2045 om.
1704 2018 1759 2045 Gu.
1781 2020 1803 2047 1.
1830 2036 1866 2038 —
1896 2018 1941 2057 27)
1965 2019 2139 2056 argumenti

1190 2063 1268 2089 lulio
1292 2060 1358 2089 add.
1382 2060 1416 2088 al.
1441 2076 1482 2081 -—
1506 2062 1555 2097 23)
1579 2066 1620 2087 est
1644 2070 1699 2088 oin.
1725 2061 1778 2087 Gu-
1796 2064 1823 2091 2.
1840 2077 1881 2082 —
1903 2064 1950 2095 29)
1974 2060 2020 2088 Sic
2035 2060 2090 2090 Gu.
2110 2063 2138 2091 1.

1192 2122 1225 2124 —
1250 2104 1469 2143 propositionis
1495 2103 1572 2140 vulg.
1585 2119 1624 2124 —
1645 2100 1691 2141 So)
1715 2102 1763 2130 Sic
1788 2103 1844 2132 Gu.
1864 2107 1888 2134 1.
1905 2119 1946 2123 —
1962 2104 2041 2130 enim
2057 2102 2136 2140 vulg.

1188 2163 1228 2168 —
1252 2144 1297 2186 31)
1326 2146 1547 2182 ass-amplione,
1567 2146 1775 2183 propensione·
1799 2146 1854 2173 Gn.
1869 2149 1896 2177 2.
1917 2161 1950 2175 ,-
1977 2147 2022 2180 32)
2050 2155 2139 2173 usum

1187 2200 1244 2217 nou
1269 2188 1356 2215 lmln!
1381 2197 1443 2215 var.
1467 2188 1536 2217 lect.
1562 2198 1606 2225 up.
1632 2186 1722 2216 Goth.
1740 2204 1781 2209 ——
1804 2188 1851 2224 33)
1873 2190 2021 2215 consensit
2043 2198 2139 2215 va.—

1188 2235 1235 2267 34)
1259 2231 1388 2258 assumit
1414 2230 1463 2258 Ar.
1500 2245 1540 2252 —
1572 2233 1617 2263 35)
1641 2229 1687 2258 Sic
1713 2230 1768 2258 Gu.
1788 2233 1812 2260 1.
1829 2233 1855 2261 2.
1878 2231 1927 2258 Ar.
1957 2246 1997 2251 —
2027 2229 2139 2257 honum

1190 2285 1249 2301 non
1271 2279 1312 2300 est
1334 2273 1414 2309 vulg.
1440 2288 1476 2293 —
1504 2271 1552 2309 36)
1576 2273 1608 2309 S)
1617 2272 1774 2310 slogia-mos
1791 2271 1912 2309 gothici.
1936 2288 1977 2293 ·—
1998 2270 2046 2310 37)
2069 2283 2138 2311 ergo

1192 2316 1250 2344 Gu.
1267 2319 1293 2346 1.
1318 2332 1358 2337 —
1383 2325 1442 2343 om.
1468 2314 1527 2342 Gu.
1545 2317 1572 2345 2.
1598 2332 1634 2336 —
1660 2318 1703 2346 33)
1730 2315 1776 2342 Sic
1804 2315 1857 2342 Gu.
1880 2317 1906 2345 1.
1930 2330 1963 2335 —
1986 2313 2139 2341 dialectici

1191 2363 1319 2385 aluntur
1343 2357 1399 2385 Gu.
1421 2359 1447 2387 1.
1477 2373 1518 2378 —
1549 2355 1598 2397 39)
1623 2358 1781 2395 confirmat
1806 2358 1862 2386 (ἆυ.
1884 2359 1907 2386 1.
1941 2372 1978 2376 -
2009 2357 2056 2393 40)
2089 2357 2138 2384 Sic

1193 2401 1249 2429 Gu.
1274 2404 1299 2431 1.
1318 2415 1356 2421 —-
1381 2405 1473 2437 atque
1496 2399 1575 2436 vulg.
1601 2417 1637 2420 -—
1662 2401 1709 2436 41)
1734 2400 1781 2427 Sic
1797 2400 1852 2427 (ἆυ.
1873 2401 1941 2430 1.2.
1962 2398 1998 2429 al.
2025 2399 2073 2427 Ar.
2097 2414 2138 2420 —-
