2264 2830
766 102 1010 137 ORIGINUM
1044 105 1189 138 LIBER
1219 106 1291 138 ΧΙΙ.
1937 108 2012 142 395

238 198 293 230 18.
348 199 488 243 Proprie
522 202 632 231 autem
667 197 784 229 vermis
812 198 845 230 in
879 209 978 232 carne
1012 200 1145 243 putrida
1160 197 1184 216 ⁴⁰
1219 200 1376 232 nascitur:
1412 199 1498 232 tinea
1534 200 1564 231 in
1593 199 1808 233 vestimentis:
1853 214 1951 237 eruca
1979 205 2012 237 in

72 249 181 282 olere:
210 251 325 283 teredo
352 251 383 282 in
410 251 521 294 ligno:
550 254 670 281 tarmus
697 249 728 280 in
751 249 858 282 lardo.

242 301 295 334 19.
350 302 476 334 Vermis
502 312 567 333 non
599 306 633 332 ut
660 312 794 344 serpens
821 302 944 345 apertis
969 303 1137 346 passibus,
1164 302 1215 334 vel
1243 313 1453 345 squamarum
1482 302 1603 334 nisibus
1630 303 1731 347 repit,
1769 304 1846 347 quia
1873 315 1939 338 non
1967 313 2013 339 eat

70 351 119 384 illi
142 352 255 396 spinae
282 354 390 398 rigor,
419 358 454 386 ut
481 352 620 386 colubro
634 348 676 392 ⁴¹,
708 353 767 385 sed
795 353 827 385 in
855 353 1018 387 directum
1044 354 1234 398 corpusculi
1261 353 1309 385 sui
1337 350 1481 396 partes⁴²
1508 353 1673 398 gradatim
1702 356 1909 401 porrigendo
1930 368 2012 391 con—

74 409 210 442 tractas,
239 404 470 438 contrahendo
498 400 704 448 porrecta&⁸³
732 410 858 437 motum
872 401 896 421 ⁴*
924 406 1085 450 explicat,
1119 405 1233 448 sicque
1255 405 1399 448 agitatus
1428 405 1624 448 perlabitur.

631 506 892 541 CARVI.
972 506 1443 552 Depe'scibns.

241 592 267 626 l.
320 591 430 624 Pisces
457 592 554 633 dicti,
582 592 670 624 unde
699 597 730 624 et
757 604 880 636 pecus,
909 605 927 625 a
954 593 1124 638 pascendo
1151 593 1283 626 scilicet.

233 651 266 683 2.
322 651 468 696 Reptilia
495 653 571 686 idco
599 653 753 686 dicuntur
780 652 884 693 liaeo,
908 664 993 695 quae
1018 657 1146 695 natant,
1174 663 1214 684 eo
1246 652 1339 695 quod
1368 651 1519 696 reptandi
1543 652 1689 685 habeant
1714 654 1860 697 speciem
1893 660 1925 687 et
1952 667 2011 687 na-

71 710 196 743 turam,
236 704 385 746 quamvis
413 716 447 736 se
473 704 504 736 in
532 704 737 748 profundum
748 700 771 720 ³⁵
798 701 995 748 mergantffi,
1030 709 1139 736 tamen
1166 704 1197 735 in
1231 704 1375 736 natando
1404 708 1532 747 repunt.
1597 704 1697 737 Unde
1724 710 1756 736 et
1783 705 1891 738 David
1920 706 1961 738 ait
1975 703 2011 738 ¹⁷:

70 755 148 787 Hoc
174 765 275 787 marc
302 765 473 799 magnum
497 753 565 789 σιμ
590 756 788 801 spaciosum
815 751 1025 788 mw1ibus¹⁰:
1053 756 1126 788 illic
1152 756 1312 800 reptilia,
1340 766 1484 800 quorum
1509 766 1573 788 non
1601 760 1649 788 cst
1676 767 1848 790 numerus.

233 824 266 856 3.
321 821 541 867 A1np11ibia⁵⁰
568 830 640 857 sunt
666 823 832 866 quaedam
860 835 984 867 genera
1012 824 1170 868 piscium,
1204 824 1292 857 dicta
1307 821 1342 864 ⁵¹,
1369 824 1462 867 quod
1492 823 1684 856 ambulandi
1719 824 1751 856 in
1784 825 1878 856 terris
1906 835 2012 866 usum,

70 882 102 909 et
128 875 261 907 natandi
288 875 321 907 in
348 877 440 919 aquis
465 876 613 909 officium
627 876 783 909 habeant.
818 873 934 921 ’Λμᾳὶ
962 876 1048 908 enim
1059 872 1084 892 ⁵²
1111 876 1242 909 Graece
1260 880 1437 918 utrumque
1453 875 1582 916 dicitur,
1600 875 1635 907 id
1653 880 1710 914 est,
1728 875 1806 918 quia
1821 876 1853 908 in
1872 876 1963 919 aquis
1980 881 2013 908 et

70 929 100 959 in
127 927 219 960 terris
245 927 375 967 vivunt,
405 933 438 959 ut
465 927 620 968 phocae,
650 926 837 967 crocodili,
865 927 1130 972 Hippopotami,
1164 927 1233 961 hoc
1261 932 1310 960 est
1336 928 1412 971 equi
1439 927 1596 959 fluviales.

235 994 267 1028 4.
320 995 501 1029 Pecoribus
531 1000 640 1029 autem
671 1000 703 1028 et
736 994 846 1027 bestiis
881 999 913 1028 et
944 996 1129 1029 volatilibus
1160 1001 1235 1029 ante
1267 995 1419 1028 homines
1455 996 1589 1028 nomina
1623 996 1868 1039 imposuerunt,
1913 1006 2012 1039 quam

70 1047 233 1090 piscibus,
268 1046 344 1089 quia
372 1049 461 1091 prius
492 1048 559 1080 visa
593 1053 625 1080 et
658 1046 793 1091 cognita
827 1044 946 1081 suntffl.
999 1048 1141 1081 Piscium
1170 1059 1249 1080 vero
1283 1053 1401 1091 postea
1435 1047 1597 1091 paulatim
1613 1043 1636 1063 ⁵³
1664 1047 1806 1092 cognitis
1833 1046 2012 1091 generibus

70 1098 201 1130 nomina
229 1098 369 1130 instituta
397 1104 470 1131 sunt
496 1105 550 1131 aut
577 1110 616 1131 ex
643 1098 855 1131 similitudine
881 1100 1082 1132 terrestrium
1110 1100 1318 1141 animalium,
1347 1105 1402 1131 aut
1432 1110 1471 1131 ex
1495 1099 1607 1143 specie
1634 1100 1790 1143 propria,
1815 1099 1880 1131 sive
1908 1097 2011 1130 mori-

70 1150 146 1191 bus,
173 1161 229 1182 seu
242 1146 267 1165 ⁵⁵
294 1149 425 1190 colore,
453 1151 504 1183 vel
533 1151 658 1194 figura,
687 1154 742 1182 aut
769 1160 856 1183 sexu.

232 1216 266 1252 ἴ),
319 1219 371 1251 Ex
401 1219 613 1251 similitudine
645 1218 865 1256 terrestrium,
900 1224 934 1249 ut
960 1229 1058 1251 ranae
1095 1225 1126 1250 et
1159 1219 1269 1259 vituli,
1299 1214 1433 1251 leones⁵
1474 1223 1507 1250 et
1545 1218 1630 1262 nigri
1659 1217 1775 1250 meruli
1788 1213 1829 1256 ³²⁷,
1865 1221 1896 1248 et
1934 1215 2010 1259 pavi

69 1269 199 1301 diverso
227 1271 358 1309 colore,
393 1271 493 1302 dorso
519 1275 550 1303 ct
578 1267 702 1302 eollo³⁸
730 1269 828 1312 picti,
861 1273 893 1300 et
919 1269 1007 1300 turdi
1031 1270 1109 1301 albo
1140 1266 1268 1309 varii³³¹‚
1304 1275 1336 1301 et
1371 1273 1519 1309 caetera,
1556 1281 1642 1311 quae
1677 1269 1737 1301 sibi
1763 1269 1850 1301 iuxta
1882 1267 2010 1311 species

69 1320 268 1352 terrestrium
310 1321 498 1353 animalium
540 1321 672 1353 nomina
715 1316 1014 1353 vendicaveruntffl.
1082 1321 1132 1353 Ex
1173 1320 1317 1352 moribus
1351 1320 1569 1359 terrestrium,
1612 1324 1648 1352 ut
1683 1329 1778 1353 canes
1812 1319 1844 1351 in
1875 1318 1957 1350 mari
1991 1330 2010 1350 a

69 1371 203 1403 terrenis
242 1373 374 1405 canibus
411 1372 609 1415 nuncupati,
660 1371 752 1414 quod
795 1370 978 1403 mordeant.
1045 1372 1089 1403 m
1129 1372 1217 1415 lupi,
1264 1371 1356 1414 quod
1400 1371 1557 1414 improba
1599 1371 1779 1404 voracitate
1813 1370 1896 1402 alios
1931 1380 2009 1413 per-

69 1428 253 1465 sequantur.

233 1473 267 1507 6.
320 1475 350 1506 Α
380 1474 512 1513 colore,
555 1479 590 1506 ut
618 1473 755 1505 umbrae
766 1469 807 1513 ¹⁵¹,
835 1473 913 1515 quia
940 1473 1055 1505 colore
1066 1469 1091 1489 ‘¹²
1119 1474 1256 1505 umbrae
1279 1477 1367 1510 sunt;
1403 1478 1435 1504 et
1461 1477 1613 1513 auratae,
1641 1473 1717 1515 quia
1743 1472 1777 1503 in
1803 1471 1915 1515 capite
1941 1472 2010 1502 auri

70 1524 218 1557 colorem
247 1525 389 1557 habent:
417 1530 449 1557 et
475 1524 554 1557 varii
581 1535 599 1555 a
627 1525 800 1565 varietate,
828 1534 912 1566 quos
940 1524 1043 1568 vulgo
1071 1521 1226 1557 tructas‘ffi
1253 1520 1392 1557 vocatffl.
1448 1525 1476 1555 A
1505 1524 1632 1567 figura,
1660 1528 1695 1555 ut
1717 1522 1823 1562 orbis,
1851 1522 1928 1565 quia
1955 1533 2010 1554 ro-

70 1575 189 1608 tundus
217 1581 265 1609 est
291 1581 445 1619 totusque
471 1576 502 1608 in
531 1575 640 1619 capite
667 1580 812 1616 constat,
859 1580 893 1607 ut
934 1572 1076 1615 solea‘ffi,
1112 1575 1204 1618 quod
1237 1576 1277 1607 sit
1307 1575 1348 1607 ad
1364 1572 1388 1590 ⁶⁰
1421 1575 1520 1606 instar
1550 1574 1841 1607 calciamentorum
1853 1570 1877 1590 ‘⁵⁷
1904 1573 2009 1606 soleis.

70 1623 135 1660 ΑΕΒ
162 1639 256 1668 sexu,
290 1632 326 1660 ut
347 1627 513 1660 musculus
525 1623 568 1667 ¹³⁹,
601 1626 694 1669 quod
722 1626 761 1658 sit
787 1626 927 1658 balenae
954 1627 1127 1659 masculus.
1187 1627 1266 1659 Eius
1303 1627 1389 1659 enim
1425 1626 1513 1659 coitu
1547 1626 1727 1670 concipere
1752 1625 1839 1660 haec
1865 1621 2011 1657 bellua⁷⁰

69 1677 272 1721 perhibetur.
327 1678 416 1712 Hinc
443 1683 476 1711 et
503 1678 641 1711 musculi
669 1677 905 1717 cochlearum,
933 1689 1073 1721 quorum
1103 1679 1188 1712 lacte
1216 1678 1405 1722 concipiunt
1432 1682 1569 1711 ostreae.

1435 1215 1446 1234 Ii

70 1779 114 1807 dit
141 1780 229 1808 Arcv.
257 1796 298 1801 --
331 1779 451 1807 Lendex
474 1781 531 1809 Gu.
550 1782 574 1809 1.
621 1795 659 1800 —
705 1778 752 1816 37)
776 1779 824 1807 sic
848 1780 905 1808 (ἆυ.
931 1782 955 1809 1,
978 1795 1019 1800 -
1060 1780 1216 1817 paulatim
1244 1778 1346 1808 addidi
1370 1789 1384 1807 e
1407 1779 1462 1807 Gu.
1486 1782 1511 1808 1.
1537 1782 1564 1808 2.
1594 1787 1637 1816 pr.
1669 1788 1713 1805 va.
1738 1778 1785 1806 Ar.
1816 1793 1858 1798 —
1890 1776 1937 1816 55)
1960 1787 2011 1804 ,seu

70 1822 168 1849 smeret
198 1822 279 1859 vulg.
301 1838 341 1843 —
365 1824 412 1858 38)
434 1822 481 1849 Sic
506 1823 561 1850 Gu.
580 1824 606 1852 1.
632 1837 673 1842 —-
698 1832 785 1851 verm.
809 1827 851 1849 est
874 1822 954 1858 vulg.
977 1837 1019 1843 --
1063 1844 1069 1849 .
1094 1846 1100 1852 ,
1124 1845 1130 1850 .
1152 1832 1223 1849 sesa
1247 1832 1304 1851 om.
1331 1822 1386 1849 Gu.
1402 1824 1431 1852 2.
1454 1838 1495 1842 -
1518 1822 1565 1857 56)
1589 1821 1637 1848 δίο
1662 1820 1954 1851 Gu.1.2.—leon.es
1973 1819 2011 1857 (ιι

72 1865 119 1900 39)
143 1866 248 1891 statim
271 1864 339 1892 add.
364 1864 459 1901 vulg.‚
496 1863 546 1892 sed
570 1874 626 1893 om.
651 1864 705 1892 Gu.
728 1867 754 1895 1.
770 1867 798 1895 2.
830 1880 869 1884 -
901 1866 948 1900 40)
971 1864 1019 1892 Sic
1062 1865 1134 1892 leon.
1160 1864 1216 1892 Gu.
1233 1867 1260 1896 2,
1286 1875 1331 1902 pr.
1353 1864 1415 1900 va.)
1439 1869 1465 1891 et
1490 1864 1581 1891 uituli
1608 1863 1686 1900 vulg.
1715 1879 1753 1883 --—
1784 1862 1831 1894 57)
1855 1867 1881 1889 εἰ
1904 1862 2012 1890 meruli

74 1906 131 1933 Gu.
149 1909 175 1937 1.
199 1923 236 1927 -
256 1907 345 1944 putri
368 1907 417 1934 Ar.
441 1923 479 1927 —-
507 1908 686 1943 pulrcffacta
708 1906 786 1943 vulg.
808 1922 850 1927 -—
867 1911 959 1944 putre
981 1907 1019 1936 al.
1063 1909 1119 1935 Gu.
1139 1910 1166 1938 1.
1191 1923 1229 1927 —
1253 1910 1300 1943 58)
1324 1906 1372 1934 Sic
1396 1907 1539 1937 Gu.1.2.
1561 1915 1607 1944 pr.
1630 1915 1675 1934 va.
1700 1919 1739 1926 -—-
1769 1905 1846 1932 collo
1871 1910 1897 1932 et
1923 1904 2010 1932 dora-0

73 1958 118 1986 ap.
143 1947 232 1977 Goth.
255 1964 296 1969 ——
325 1946 372 1987 41)
398 1948 445 1977 Sic
465 1948 513 1976 Ar.
537 1958 581 1976 va.
602 1965 643 1971 -—
668 1948 786 1977 colubri
808 1948 887 1986 vulg.
909 1965 942 1970 --
971 1946 1018 1989 42)
1062 1949 1141 1986 vulg.
1164 1964 1206 1970 —-
1228 1952 1276 1984 59)
1299 1949 1452 1976 albovarii
1474 1948 1632 1976 coniuncte
1655 1948 1702 1976 Ar.
1726 1963 1766 1969 «-
1794 1953 1819 1974 et
1850 1949 1931 1975 varii
1956 1947 2011 1974 Gu.

68 1996 176 2029 parte-s·
203 1992 253 2018 Sui
285 1990 342 2019 Gu.
366 1993 395 2021 2.
425 2006 465 2011 —
498 1989 608 2019 ‹ltrecto
630 2001 677 2020 va.
708 2007 749 2012 —
780 1990 827 2031 43)
850 1997 1023 2029 porrectam
1065 1994 1094 2022 2.
1112 2008 1154 2013 —
1176 1994 1221 2025 60)
1245 1991 1294 2019 Sic
1315 1991 1371 2020 Gu.
1390 1994 1415 2021 1.
1439 2001 1486 2020 va.
1511 2007 1545 2012 —
1576 1989 1772 2018 vindicarunt
1793 1990 1873 2027 vulg.
1899 2007 1932 2011 —
1965 1992 2010 2021 61)

73 2033 130 2061 Gu.
154 2036 184 2064 2.
207 2043 253 2062 va.
278 2032 324 2061 ed.
349 2031 438 2061 Goth.
463 2049 501 2054 —
521 2039 698 2070 porrectam
720 2043 766 2072 pr.
790 2051 832 2055 —
854 2033 902 2073 44)
924 2039 1024 2062 motus
1066 2035 1115 2062 Sic
1139 2034 1195 2062 Gn.
1212 2036 1238 2063 1.
1256 2036 1284 2063 2.
1308 2043 1352 2062 va.
1376 2033 1426 2062 Ar.
1453 2050 1491 2054 —
1516 2032 1602 2070 Vulg.
1625 2033 1733 2061 umbri.
1758 2047 1797 2054 —-
1820 2034 1868 2069 62)
1892 2033 2010 2060 colum-

74 2077 131 2103 (ἆυ.
155 2079 181 2106 1.
206 2092 243 2096 -
266 2073 313 2112 45)
337 2076 369 2102 in
388 2076 581 2112 preliandum
602 2087 632 2104 se
653 2086 699 2105 va.
721 2093 763 2097 -
785 2078 830 2113 46)
854 2076 902 2104 sic
924 2077 980 2104 Gu.
996 2079 1023 2107 1.
1066 2083 1114 2104 tae
1136 2076 1172 2104 al.
1196 2092 1235 2097 -—
1259 2074 1305 2114 63)
1329 2076 1457 2104 braccas
1479 2085 1525 2104 va.
1558 2094 1594 2097 —
1628 2075 1675 2113 64)
1699 2080 1807 2103 vocant
1830 2075 1886 2103 Gu.
1905 2078 1934 2106 2.
1967 2084 2010 2112 pr.

73 2120 103 2149 2.
127 2133 168 2138 —
191 2117 280 2155 Vulg.
302 2118 491 2154 immergant.
522 2134 559 2139 —
594 2120 639 2155 47)
662 2119 710 2146 Sic
735 2119 791 2149 Gu.
808 2122 835 2150 1.
853 2121 881 2148 2.
906 2129 952 2157 pr,
977 2128 1022 2146 va.
1067 2130 1112 2148 va.
1135 2134 1178 2140 --
1201 2118 1246 2157 65)
1261 2118 1310 2146 Sic
1333 2119 1389 2147 Gu.
1406 2122 1432 2149 1.
1456 2128 1502 2147 va.
1527 2118 1577 2146 Ar.
1602 2116 1631 2146 h.
1655 2119 1674 2146 l.
1698 2122 1727 2147 et
1753 2122 1915 2156 postea.—
1930 2118 2010 2144 solia

73 2177 110 2181 —
137 2159 223 2197 Vulg.
258 2161 302 2187 ait
325 2159 442 2188 David.
479 2160 576 2187 Locus
604 2165 648 2188 est
672 2160 781 2189 Psalm.
804 2161 881 2197 104,
909 2161 958 2192 25.
980 2176 1021 2182 —-
1067 2185 1074 2192 .
1099 2183 1104 2189 .
1129 2182 1136 2190 .
1160 2161 1248 2188 solii-9
1270 2161 1350 2198 vulg.
1375 2178 1417 2182 —
1446 2163 1497 2197 66)
1521 2160 1565 2188 ad
1585 2160 1686 2189 addidi
1711 2170 1726 2189 e
1749 2161 1805 2188 Gu·
1836 2163 1860 2191 1.
1891 2175 1932 2181 -·
1962 2156 2006 2195 57)

72 2206 116 2235 4⁴⁸3)
140 2208 165 2230 et
190 2212 249 2231 om.
278 2212 326 2232 va.
357 2218 390 2223 —
430 2202 478 2239 49)
506 2202 648 2229 manibus
676 2203 731 2230 Gu.
754 2207 784 2235 2.
809 2213 867 2232 om.
901 2220 942 2224 —
972 2204 1019 2238 50)
1064 2204 1203 2232 calceum.
1229 2204 1277 2231 Ar.
1300 2220 1342 2225 —-
1364 2203 1411 2242 63)
1434 2204 1467 2232 A
1488 2213 1544 2231 om.
1574 2203 1674 2234 Gu.1.
1704 2219 1745 2224 —
1775 2201 1822 2243 69)
1852 2200 2006 2229 masculus

73 2245 233 2282 Amfirencz
258 2244 314 2273 Gu.
337 2247 364 2276 2.
395 2260 436 2266 —
472 2245 520 2280 51)
543 2255 574 2272 eo
597 2244 664 2272 add.
686 2245 781 2282 vulg„
811 2246 860 2273 sed
883 2256 941 2274 om.
965 2246 1020 2274 Gu.
1063 2262 1103 2268 -—
1125 2247 1256 2274 masculi
1281 2246 1315 2274 al.
1346 2263 1387 2267 —
1414 2248 1458 2283 70)
1487 2246 1535 2274 Sic
1566 2246 1623 2274 Gu.
1644 2248 1669 2277 1.
1688 2249 1716 2277 2.
1748 2256 1792 2284 pr.
1822 2254 1865 2272 va.
1894 2242 1941 2269 Ar-
1968 2255 2003 2260 -

76 2290 100 2317 1.
123 2303 165 2308 —-
187 2286 232 2325 52)
256 2288 346 2314 etiam
370 2287 450 2324 vulg.
474 2304 512 2308 —
544 2287 622 2314 enim
647 2288 703 2315 Gu.
722 2291 748 2318 1.
772 2288 808 2316 al.
832 2298 877 2326 pr.
900 2304 941 2309 —
972 2288 1020 2324 53)
1063 2306 1102 2309 —
1127 2289 1226 2316 bellua
1250 2289 1323 2316 llaec
1345 2289 1424 2326 vulg.

74 2329 121 2356 Sic
144 2330 199 2357 (iu.
226 2332 251 2360 1.
285 2346 318 2350 —
356 2331 422 2357 visa
450 2335 520 2357 sunt
550 2335 576 2356 e!
606 2340 691 2367 cogn.
721 2330 777 2358 Gu.
794 2335 821 2361 1.
845 2332 871 2361 2.
901 2347 943 2351 —
972 2330 1017 2367 54)

1449 2373 1557 2406 Ddd
1585 2375 1604 2395 *
