2264 2830
808 109 1056 146 ORlGlNUM
1090 110 1236 145 LIBER
1262 110 1320 147 vl.

1961 111 2034 146 207

78 211 178 245 vandi
205 204 318 252 capita
347 207 537 248 infantium,
565 206 621 249 qui
646 206 794 251 ungendi
822 210 906 247 sunt,
934 217 993 246 ne,
1020 202 1285 238 observatione⁴⁵
1310 206 1591 252 quadragesimae
1613 205 1801 247 sordidata,
1828 205 1872 238 ad
1901 207 2033 240 unctio-

77 275 154 296 nem
183 260 392 295 accederent.

245 318 305 353 15.

358 319 436 351 lloc
467 321 576 349 autem
607 316 662 348 die
695 317 883 359 symbolum
915 316 1150 350 confitentibus
1168 313 1188 332 ¹⁰
1215 317 1355 349 traditur
1383 323 1524 362 propter
1552 317 1718 352 conlinem
1745 315 1942 349 Dominicae
1969 328 2032 360 pa-

77 374 180 408 schae
207 371 455 409 solennitatem,
490 373 525 401 ut
551 367 608 411 qui
635 368 700 400 iam
728 369 771 401 ad
796 370 859 402 Dei
886 369 1028 414 gratiam
1055 368 1308 412 percipiendam
1343 370 1514 412 festinant,
1552 370 1676 410 tidem,
1716 379 1816 412 quam
1849 368 2032 402 confitean-

79 432 131 459 tur
142 422 165 442 ⁴⁷
175 449 184 465 ‚
212 426 403 468 agnoscant.

246 482 303 515 16.

359 481 473 514 Coena
494 478 672 512 Dominica
694 479 784 513 dicta
812 486 869 521 est,
899 492 939 513 eo
963 480 1055 523 quod
1077 480 1108 511 in
1130 490 1171 512 eo
1184 476 1205 496 ’Β
1232 478 1288 512 die
1309 479 1463 512 Salvator
1487 479 1613 525 pascha
1634 491 1709 514 curn
1738 479 1910 523 discipulis
1932 480 1997 512 suis
2013 476 2034 496 ¹¹³

79 536 212 575 fecerit,
246 533 338 577 quod
367 538 399 565 et
426 527 582 573 hodie-³⁰,
617 531 700 564 sicut
727 537 773 564 est
801 533 978 573 traditum,
1018 532 1222 573 celebratur,
1257 537 1475 576 sanctumque
1502 534 1534 565 in
1569 544 1610 565 eo
1645 532 1789 565 chrisma
1816 527 2034 571 conficiturffl,

80 594 179 632 atque
204 587 329 619 initium
356 584 433 617 novi
456 588 487 616 et
515 583 632 615 veteris
660 585 845 617 testamenti
874 584 1012 618 cessatio
1034 583 1223 617 declaratur
1234 579 1267 615 ⁵².

242 644 300 677 17.

78 699 109 731 in
136 698 228 742 ipsc,
255 696 407 741 perfecto
435 695 580 736 mundo,
608 696 830 738 requievisset.

243 756 301 789 18.

358 644 547 677 Sabbatum
576 643 619 676 ab
648 644 812 676 Hebraeis
840 656 880 677 ex
908 644 1180 689 interpretatione
1199 643 1354 676 vocabuli
1383 644 1432 677 sui
1453 645 1585 687 requies
1606 642 1804 683 nominatur,
1832 643 1924 686 quod
1945 642 2035 675 Deus

355 756 531 799 Siquidem
560 761 592 788 et
620 752 686 787 ins*³
713 766 753 787 eo
788 756 843 788 die
878 756 1040 799 requievit
1067 755 1229 788 Dominus
1255 755 1287 788 in
1315 754 1498 799 sepulchro
1510 750 1552 797 ⁵⁴,
1585 757 1623 787 ut
1655 753 1773 797 quietis
1799 753 1886 785 illius
1913 757 2034 796 myste-

78 810 163 843 rium
194 808 424 842 confirmaret:
462 807 554 851 quod
578 807 710 839 ludaeis
738 807 983 840 observandum
1014 808 1046 840 in
1080 808 1198 840 umbra
1232 806 1333 839 futuri
1346 804 1370 824 ⁵⁵
1396 811 1617 851 praeceptum
1649 811 1707 841 est.

1761 805 1832 838 Sed
1859 811 2036 849 postquam

78 861 232 895 Christus
258 860 291 892 in
314 861 484 904 ¹<epultura
510 871 568 892 sua
595 859 663 892 eius
690 859 834 903 liguram
862 859 1074 904 adimplevit,
1103 859 1291 891 observatio
1319 859 1388 891 eius
1415 859 1548 902 quievit.

246 918 305 951 19.
357 919 550 953 Dominicus
578 919 649 952 dies
677 919 822 963 proinde
849 925 987 952 vocatur
1000 917 1043 960 ⁵⁰,
1079 920 1158 963 quia
1185 919 1216 950 in
1245 930 1286 951 eo
1314 919 1562 952 resurrectionis
1573 915 1597 936 ⁵⁷
1623 917 1760 950 Domini
1787 911 1923 948 nostri⁵⁸
1950 926 2036 960 gau-

79 971 170 1004 dium
195 971 393 1006 celebratur.

79 1029 111 1056 et
138 1034 179 1056 cx
206 1023 265 1055 illo
294 1022 422 1057 habere
446 1019 597 1067 coepit⁵⁰
625 1022 839 1055 festivitatem
868 1035 971 1056 suam.

243 1082 303 1115 20.

79 1139 304 1177 mortuorum,
332 1135 528 1167 resurrectio
557 1139 667 1166 autem
696 1134 814 1167 nullius

243 1185 302 1219 21.

824 1131 847 1151 til

447 972 515 1012 Qui
545 971 615 1003 dies
646 982 712 1003 non
740 970 890 1014 ludaeis,
923 971 983 1004 sed
1010 971 1207 1005 Christianis
1234 970 1267 1003 in
1294 971 1569 1005 resurrectionem
1598 969 1733 1003 Domini
1761 968 1950 1002 declaratus
1978 971 2036 1007 est,

355 1083 423 1115 Illis
457 1083 543 1115 enim
576 1082 685 1115 solum
724 1083 964 1116 celebrandum
1000 1083 1174 1115 sabbatum
1208 1082 1367 1115 traditum
1405 1087 1468 1123 est,
1518 1081 1596 1125 quia
1627 1085 1725 1113 antea
1770 1075 1873 1112 emtffl’
1907 1078 2035 1121 requies

872 1140 959 1175 erat,
992 1136 1048 1178 qui
1076 1146 1252 1179 resurgens
1276 1146 1295 1166 a
1322 1135 1459 1166 mortuis
1487 1144 1552 1166 non
1580 1128 1809 1165 morereturffl.

357 1187 540 1229 Postquam
568 1192 678 1218 autem
706 1187 794 1219 facta
816 1191 864 1219 est
890 1187 964 1219 talis
987 1187 1184 1220 resurrectio
1211 1187 1243 1218 in
1268 1196 1412 1229 corpore
1440 1185 1596 1227 Domini,
1631 1189 1667 1216 nt
1694 1182 1838 1228 praeiret
1864 1182 1897 1213 in
1925 1180 2036 1224 capite

79 1236 269 1281 Ecclesiae,
297 1238 388 1280 quod
417 1249 540 1282 corpus
568 1237 741 1271 Ecclesiae
764 1243 912 1283 speraret
939 1239 971 1270 in
998 1238 1064 1271 fine
1077 1235 1122 1279 ⁶³,
1152 1238 1217 1270 iam
1245 1236 1316 1269 dies
1342 1237 1555 1277 Dominicus,
1581 1235 1616 1268 id
1644 1240 1708 1276 est,
1737 1239 1891 1273 octavus,
1919 1232 1975 1275 qui
2004 1236 2035 1264 et

79 1288 221 1332 primus,
255 1289 421 1323 celebrari
448 1290 573 1334 coepit.

648 1372 677 1406 C
700 1373 731 1406 A
755 1374 792 1406 P.
846 1373 936 1406 XIX.

1017 1372 1100 1406 De
1151 1372 1471 1418 officiis.

251 1440 283 1473 l.
337 1440 539 1473 Osliciorum
569 1452 695 1486 genera
717 1441 862 1485 plurima
889 1438 1014 1481 suntffl,
1051 1441 1109 1474 sed
1144 1441 1364 1485 praecipuum
1400 1439 1503 1481 illud,
1545 1438 1638 1482 quod
1665 1438 1697 1470 in
1725 1437 1823 1470 sacris
1851 1435 2036 1478 divinisque

81 1492 179 1525 rebus
200 1491 353 1525 habetur.

409 1492 570 1526 Officium
598 1497 708 1525 autem
736 1493 779 1525 ab
808 1493 988 1526 efficiendo
1017 1493 1164 1533 dictum,
1201 1493 1293 1535 quasi
1322 1492 1487 1533 efficium,
1520 1495 1662 1535 propter
1689 1489 1849 1522 decorem
1876 1487 2035 1520 sermonis

81 1555 146 1576 una
168 1548 293 1577 mutata
314 1544 426 1583 litera,
455 1544 509 1576 vel
538 1550 627 1578 certe
654 1548 689 1576 ut
716 1545 855 1587 quisque
885 1549 964 1589 agat
989 1541 1098 1584 illa⁶5‚
1126 1556 1213 1587 quae
1240 1544 1324 1577 nulli
1351 1544 1519 1583 officiant,
1547 1542 1608 1575 sed
1635 1541 1762 1586 prosint
1790 1539 1953 1572 omnibus.

244 1595 278 1629 2.
334 1595 567 1639 Vespertinum
594 1596 745 1629 officium
773 1601 822 1629 est
848 1596 880 1628 in
907 1596 1012 1629 noctis
1040 1595 1131 1629 initio
1144 1592 1186 1637 ⁶⁶,
1209 1601 1366 1630 vocatum
1392 1595 1436 1628 ab
1447 1591 1471 1611 θ’*
1498 1594 1594 1628 stella
1620 1593 1790 1638 Vespere,
1817 1602 1904 1635 quae
1930 1590 2035 1635 surgit

81 1651 179 1680 nocte
206 1646 331 1679 oriente
346 1642 380 1680 ω’.

244 1698 278 1731 3.
332 1697 536 1731 Matutinum
564 1710 644 1732 vero
657 1694 682 1715 ⁶⁰

80 1797 129 1825 Sic
153 1797 210 1825 Gn.
228 1799 255 1829 1.
273 1797 311 1826 al.
331 1813 373 1819 —
400 1797 497 1826 Israel
516 1798 597 1836 vulg.
636 1799 734 1827 Locus
764 1804 808 1828 est
839 1798 961 1828 Iohann.
987 1801 1036 1836 12,

82 1841 131 1871 13.
153 1855 194 1862 -·
216 1839 321 1879 41)Sic
337 1841 433 1872 Gu.1.
448 1843 476 1871 2.
498 1850 545 1870 va.
593 1841 681 1879 Vulg.
706 1841 785 1870 diem
807 1842 898 1872 hunc.
917 1858 960 1864 —
984 1842 1034 1870 Ar.

81 1892 150 1910 eum
171 1881 259 1912 diem,
290 1898 328 1904 -—
361 1882 407 1921 42)
429 1882 597 1921 Capitelaw.
627 1885 684 1913 Gu.
705 1888 733 1917 2.
764 1901 799 1906 —-
832 1886 880 1921 43)
906 1885 953 1912 Sic
976 1885 1033 1913 Gu.

83 1928 111 1956 1.
139 1925 178 1955 al.
203 1941 246 1947 —-
275 1930 382 1953 vocant
406 1925 486 1963 vulg.
513 1943 555 1948 —
589 1933 740 1955 vocantur
764 1938 812 1966 pr.
840 1946 877 1949 —
912 1927 962 1966 44)
983 1928 1033 1955 Sic

82 1967 140 1998 Gu.
167 1970 196 1999 1.
222 1969 251 1998 2.
268 1984 303 1989 —
322 1969 416 1996 moris
438 1968 518 2006 vulg.
536 1985 575 1990 —-·
599 1970 636 1999 al.
661 1972 736 2008 quia
761 1972 791 1998 ιἰι
815 1981 845 1998 eo
871 1975 945 1997 tunc
967 1980 1033 1998 mos

80 2015 124 2038 est
150 2027 184 2032 —
211 2009 248 2038 al.
264 2011 340 2048 quia
363 2011 395 2038 in
416 2021 447 2037 eo
471 2021 535 2038 mos
549 2017 602 2041 est.
623 2028 662 2034 —
685 2011 732 2051 45)
750 2013 786 2041 ol)
800 2013 1036 2041 observationem

81 2052 120 2083 al.
135 2067 178 2075 —
199 2052 292 2081 Iidem
309 2051 389 2081 haud
412 2052 501 2082 dubie
524 2064 578 2092 pro
593 2054 756 2084 sordidata
778 2056 828 2085 vel
841 2054 1036 2084 sordidatam

82 2094 244 2132 exhibent,
267 2095 315 2124 vel
337 2095 506 2132 sordidati,
528 2101 563 2125 ut
587 2098 643 2128 Gu.
665 2100 693 2129 2.
721 2115 753 2119 -
781 2099 829 2135 46)
846 2100 1035 2136 competenti—

82 2138 140 2167 hus
163 2138 218 2166 Gu.
234 2141 263 2170 2.
285 2142 313 2166 et
328 2148 391 2167 var.
416 2138 484 2168 lect.
503 2149 549 2177 ap.
571 2139 662 2170 Goth.
680 2156 722 2162 —·
747 2142 795 2179 47)
820 2142 868 2170 Sic
892 2142 947 2171 Gu.
965 2144 991 2173 1.
1005 2143 1033 2171 2.

82 2180 133 2210 Ar.
149 2197 192 2203 ——-
222 2180 403 2219 confitentur
425 2181 508 2219 vulg.
526 2197 563 2203 —
598 2193 690 2220 qaam
718 2185 922 2222 coalita-entur
935 2183 1034 2222 fidem

82 2233 130 2262 pr.
152 2232 199 2252 va.
222 2240 261 2244 ——
286 2221 334 2263 48)
357 2224 406 2252 Sic
432 2224 490 2253 Gu.
516 2226 541 2254 1.
565 2227 593 2256 2.
616 2234 662 2263 pr.
681 2235 728 2254 va.
749 2242 791 2248 —
819 2229 851 2255 in
874 2227 928 2255 illo
954 2227 1034 2265 vulg.

82 2281 126 2288 -
145 2265 192 2305 49)
214 2267 281 2294 suis
303 2266 411 2305 ‹li-scip.
435 2276 480 2304 pr.
492 2276 539 2295 va.
563 2283 601 2288 -
624 2267 673 2304 50)
696 2268 746 2296 Sic
769 2269 864 2301 Gu.1.
882 2272 911 2302 2.
929 2270 977 2298 Ar.
994 2286 1033 2291 —

83 2307 171 2347 Vulg.
194 2314 220 2336 et
254 2319 349 2347 usque
369 2308 458 2337 lzodie
481 2327 519 2331 —
544 2309 581 2338 al.
607 2308 762 2348 hodieque.
792 2327 834 2334 —
875 2315 920 2350 51)
944 2314 976 2340 ιή
1000 2323 1034 2340 etz

83 2350 133 2379 die
154 2353 233 2389 conf.
257 2351 392 2380 chrisma
408 2352 464 2380 Gu.
478 2354 508 2383 2.
525 2367 568 2374 —
590 2353 622 2379 in
646 2363 677 2380 eo
701 2352 750 2380 die
773 2353 835 2384 clzr.
855 2364 902 2383 va.
924 2371 965 2377 -—-
988 2358 1032 2390 52)

83 2392 138 2423 Vv.
160 2399 251 2432 atque
272 2395 397 2424 initium
417 2396 490 2423 nori
520 2399 546 2423 et
577 2397 681 2423 veteris
709 2399 835 2425 ces-sacto
864 2399 1033 2427 testamenti

711 1704 758 1731 est
787 1698 819 1731 in
855 1699 936 1733 lucis
965 1699 1057 1732 initio
1086 1699 1128 1731 ab
1150 1697 1247 1731 stella
1272 1697 1435 1731 Lucifero
1470 1696 1701 1741 appellatum,
1735 1705 1823 1739 (luae
1854 1692 2035 1728 inchoante

1079 1798 1255 1827 declaratur
1279 1796 1432 1838 (declarat
1457 1798 1512 1826 Gn.
1530 1796 1568 1836 1.)
1593 1795 1693 1825 addidi
1718 1805 1733 1824 e
1755 1794 1810 1823 Gu.
1825 1797 1854 1826 1.
1870 1804 1917 1823 va.
1931 1794 1981 1823 Ar.
1995 1809 2032 1815 —

1078 1843 1126 1879 53)
1148 1843 1181 1869 m
1204 1840 1307 1870 addidi
1332 1851 1346 1868 e
1371 1841 1427 1869 Cu.
1450 1843 1474 1870 1.
1507 1856 1547 1861 -
1578 1837 1626 1878 54)
1652 1839 1702 1866 Sic
1730 1838 1786 1867 Gu.
1812 1840 1838 1868 1.
1861 1839 1890 1868 2.
1915 1848 1962 1876 pr.
1984 1846 2032 1865 va.

1078 1900 1118 1906 —-
1140 1884 1226 1922 Vulg.
1257 1885 1288 1911 in
1312 1893 1370 1922 Sep.
1395 1885 1486 1912 Dum.
1515 1898 1557 1904 —
1597 1880 1642 1920 55)
1666 1882 1809 1919 temporis
1840 1880 1908 1908 add.
1933 1880 1970 1908 al.
1992 1893 2034 1900 —-

1075 1926 1124 1964 56)
1147 1933 1275 1955 vocatus
1297 1926 1353 1954 Gu.
1371 1929 1400 1958 2.
1426 1944 1465 1948 —-
1491 1924 1537 1964 57)
1560 1926 1776 1953 resurrectione
1806 1923 1864 1951 Gn.
1887 1925 1916 1954 1.
1939 1925 1969 1954 Ω.
1994 1920 2032 1951 al.

1074 1985 1117 1991 —-
1139 1970 1187 2009 58)
1201 1970 1237 1998 al.
1260 1969 1328 1998 add.
1354 1969 1421 1998 Iesu
1448 1968 1574 1997 Christi.
1600 1983 1635 1988 —
1661 1965 1707 2005 59)
1721 1966 1770 1995 Sic
1794 1966 1850 1994 Gn.
1869 1968 1893 1996 1.
1913 1975 1961 1994 va.
1983 1965 2031 1992 Ar.

1078 2028 1120 2033 ——
1141 2014 1237 2051 coepit
1262 2012 1333 2040 Izala.
1357 2011 1440 2049 vulg.
1463 2027 1505 2032 —
1527 2012 1573 2048 60)
1597 2010 1645 2038 Sic
1668 2010 1724 2039 Gu.
1746 2012 1772 2039 1.
1792 2025 1834 2031 —-
1850 2007 1937 2045 Vulg.
1955 2007 2030 2045 quia

1078 2061 1142 2083 crat
1165 2061 1234 2084 ante
1257 2054 1361 2094 (antea
1382 2054 1438 2084 Gu.
1460 2055 1489 2085 2.
1512 2063 1558 2092 pr.
1580 2053 1641 2090 va.)
1672 2068 1714 2074 —
1744 2052 1792 2088 61)
1814 2051 1862 2079 Sic
1881 2050 1936 2077 Gu.
1956 2052 1982 2080 1.
1999 2050 2028 2079 2.

1078 2098 1128 2128 Ar.
1150 2108 1213 2128 var.
1228 2098 1298 2127 lect.
1315 2107 1363 2136 ap.
1380 2095 1469 2125 Goth.
1487 2112 1526 2118 -
1555 2096 1642 2124 illias
1665 2094 1747 2133 vulg.
1772 2110 1808 2115 —
1826 2097 1870 2125 62)
1891 2094 1955 2119 lam
1970 2101 2029 2118 non

1077 2147 1242 2170 moreretur
1264 2141 1301 2169 al.
1320 2156 1359 2161 —-
1383 2139 1430 2176 63)
1454 2140 1487 2167 ίη
1500 2139 1599 2177 finem
1622 2138 1678 2166 Gu.
1698 2140 1723 2168 1.
1749 2136 1786 2164 al.
1807 2152 1843 2156 —
1869 2140 1894 2162 et
1919 2136 1949 2162 ῐη
1962 2134 2028 2172 stne

1078 2183 1134 2211 Gu.
1150 2186 1179 2214 2.
1201 2199 1244 2205 ——
1267 2181 1312 2221 64)
1337 2182 1385 2210 Sic
1410 2182 1467 2211 Gu.
1486 2184 1514 2213 1.
1539 2198 1574 2202 —
1594 2181 1736 2219 plurima
1755 2188 1865 2217 genera
1886 2188 1946 2205 esse
1969 2176 2025 2206 Gu.

1077 2229 1106 2258 2.
1123 2242 1163 2248 -
1185 2226 1274 2263 Vulg.
1291 2226 1434 2264 plurima
1457 2230 1528 2252 sunt
1548 2234 1668 2262 genera.
1685 2238 1722 2244 —
1740 2232 1785 2260 pr.
1801 2231 1848 2250 va.
1862 2221 2024 2258 plungen.

1076 2273 1158 2298 sunt.
1181 2284 1223 2290 --
1244 2268 1293 2305 65)
1310 2267 1357 2295 Sic
1383 2267 1439 2296 Gu.
1456 2269 1483 2299 1.
1497 2283 1539 2288 -—
1554 2268 1613 2295 illa
1637 2270 1713 2304 agat
1736 2264 1816 2301 vulg.
1839 2278 1879 2285 --
1901 2266 1946 2298 66)
1967 2261 2025 2287 intl-

1075 2313 1154 2339 tiam
1172 2312 1227 2341 Gu.
1239 2314 1265 2343 1.
1278 2327 1319 2333 —
1334 2310 1384 2338 Sic
1394 2309 1485 2348 paulo
1495 2315 1574 2348 post.
1586 2325 1623 2331 -
1642 2307 1687 2347 67)
1696 2307 1734 2334 ala
1746 2316 1802 2345 pro
1811 2316 1830 2332 ιι
1842 2305 2022 2334 Gu.1-2-Va·

1075 2354 1358 2392 Sicpaulopost.—-
1379 2350 1426 2393 68)
1441 2353 1489 2381 Sic
1501 2353 1554 2382 Gu.
1567 2355 1593 2383 1.
1608 2368 1651 2374 -—
1675 2351 1786 2378 oriente
1800 2352 1884 2375 nocte
1893 2345 1971 2391 kulg.
1981 2359 2022 2364 —

1075 2397 1112 2426 ab
1136 2407 1177 2425 or.
1200 2408 1230 2426 n.
1256 2397 1312 2426 Gu.
1329 2399 1359 2429 2.
1379 2411 1419 2419 —
1444 2401 1616 2425 occurrente
1641 2397 1725 2422 nocte
1749 2391 1784 2420 al.
1808 2404 1849 2411 —
1873 2391 1916 2425 69)
1938 2385 2022 2423 Vulg.
