2264 2830
774 81 1022 117 ORIGINUM
1054 83 1200 119 LIBER
1221 86 1281 119 lv.

219 178 278 212 27.
332 178 501 224 Atrophia
527 189 648 212 nomen
676 177 807 221 accepit
833 177 876 210 ab
887 173 911 193 ⁴²
941 176 1158 211 diminutione
1191 180 1351 226 corporis.

641 230 703 263 Est
741 229 827 262 enini
862 229 1001 262 tenuitas
1036 231 1188 275 corporis
1229 243 1269 264 ex
1305 231 1411 265 causis
1446 231 1624 264 latentibus
1656 235 1689 264 et
1722 232 1884 276 paulatim
1919 247 2002 270 con-

52 233 176 265 tionem
217 229 399 277 ἀτροφίαν
440 230 562 265 dicunt.

52 283 302 318 valescentibus.

1932 90 2003 124 1⁴³

1408 180 1493 213 Nam
1529 179 1652 213 Graeci
1680 183 1869 215 nutrimenti
1893 195 2002 218 cessa-

218 341 279 377 28.
332 338 482 376 Sarcia⁴⁸
509 345 558 374 est
584 340 790 385 superfluum
818 340 924 375 carnis
950 340 1212 383 incrementum,
1247 353 1317 386 quo
1328 338 1354 360 ⁴⁹
1379 342 1466 375 ultra
1493 341 1633 376 modum
1666 353 1813 389 corpora
1847 347 2006 392 saginan-

52 399 114 428 tur.
167 392 292 428 Graeci
318 393 404 427 enim
428 404 562 428 carnem
589 389 727 440 σοι’ρκοι5
767 398 896 427 vocant.

220 453 279 488 29.
335 453 458 487 lscliias

52 506 221 539 summitas
248 506 379 538 iliorum
393 501 417 522 ⁵⁸
445 505 535 538 initio
559 505 751 539 terminatur
764 502 807 547 ⁵⁵,
843 504 967 538 Graeci
995 500 1116 548 ἰσχία5

470 450 493 470 ⁵¹
522 459 641 486 vocata
668 464 688 485 a
707 453 858 498 corporis
884 457 990 497 parte,
1017 463 1119 496 quam
1146 456 1252 485 vexat.
1305 453 1393 487 Nam
1411 452 1651 487 vertibulorum

1664 450 1689 471 ⁵2
1980 453 2006 474 5³

1715 465 1798 497 ossa,
1826 467 1969 500 quorum

1117 500 1129 520 ⁶
1155 509 1286 539 vocant.
1341 505 1395 538 Fit
1421 510 1549 548 autem,
1585 505 1628 539 de
1654 505 1855 554 phlegmate
1868 503 1892 524 ⁵⁷
1918 519 2006 553 quo-

52 557 134 590 tiens
158 553 404 590 descenderit⁵⁸
428 557 461 589 in
488 562 578 591 recta
605 568 695 598 ossa,
723 562 756 590 et
783 556 926 590 efficitur
951 555 996 588 ibi
1023 556 1213 600 glutinatio,

217 617 276 652 30.
329 616 524 661 Podagram
552 617 676 650 Graeci
705 629 723 650 a
751 617 935 650 retentione
962 615 1089 660 pedum
1118 616 1236 649 dicunt
1262 615 1483 657 nominatam,
1524 619 1558 649 et
1592 627 1611 649 a
1644 616 1741 651 ferali
1768 618 1897 653 dolore.

1951 619 2007 652 Si·—

51 668 190 713 quidem
217 679 337 710 omne,
363 668 456 712 quod
486 669 612 702 immite
639 668 755 710 fuerit,
782 668 917 702 abusive
944 673 1077 712 agreste
1104 679 1273 703 vocamus.

216 727 276 761 31.

50 843 118 873 tem
182 851 224 873 ex
246 841 384 874 materia
414 840 656 886 phlegmatica.

337 725 571 762 Arthriticus⁵⁹
597 729 734 762 morbus
760 729 803 762 ab
830 728 1044 762 articulorum
1071 728 1226 773 passione
1252 727 1457 761 vocabulum
1485 726 1632 774 sumpsit.

216 788 277 822 32.
332 788 492 823 Calculus
518 794 614 834 petra
625 785 650 805 ⁶⁰
677 794 739 832 est,
783 800 871 834 quae
897 788 929 822 iu
956 788 1066 822 vesica
1092 784 1184 830 fit⁰¹,
1228 787 1318 821 unde
1351 792 1384 822 et
1416 799 1539 822 nomen
1565 788 1705 833 accepit.

1761 789 1919 835 Gignitur
1947 802 2007 823 au-

217 900 278 934 33.
328 897 563 947 Stranguria⁸³
589 900 679 935 dicta
707 904 772 942 est,
800 911 842 933 eo
868 900 962 945 quod
988 899 1128 944 stringat
1139 896 1165 917 Β*
1192 899 1361 933 urinarum
1388 899 1635 935 difficultatem.

217 960 276 993 34.
329 960 504 1006 Satyriasis
529 961 608 1006 iuge
642 959 845 993 desiderium
872 960 1009 993 Veneris
1036 970 1113 994 cum
1142 959 1331 993 extensione
1359 960 1555 993 naturalium
1582 960 1747 994 locorum.
1800 959 1899 994 Dicta
1930 972 2007 1006 pas·-

50 1011 98 1045 sio
124 1023 144 1045 a
171 1011 297 1056 Satyris
307 1008 342 1046 ⁶⁵.

217 1071 276 1106 35.
329 1071 517 1106 Diarrhoea
527 1069 552 1090 ⁶⁶
579 1072 665 1118 iugis
692 1071 812 1107 ventris
838 1067 989 1105 cursusff'

51 1183 178 1231 ἔντερα
192 1179 218 1201 ²⁰
243 1183 404 1220 intestina.

1011 1071 1082 1105 sine
1109 1070 1245 1105 vomitu.

215 1131 277 1167 36.
329 1129 562 1177 Dysenteriaffl
589 1133 704 1166 divisio
732 1132 1006 1172 continuationis,
1033 1130 1069 1164 id
1096 1135 1145 1164 est
1172 1131 1334 1165 ulceratio
1357 1129 1508 1165 intestini.

458 1185 513 1218 Fit
540 1190 652 1219 autem
679 1184 899 1219 antecedente
909 1181 933 1201 ²¹
961 1183 1084 1224 fluore,
1114 1194 1215 1227 quem
1227 1179 1252 1201 η
1279 1183 1404 1217 Graeci
1431 1177 1661 1229 ὀίάρρόιοενη
1687 1186 1819 1215 vocant.

1562 1126 1638 1169 Δύς
1664 1128 1751 1163 enim
1772 1129 1887 1162 divisio
1915 1134 1963 1163 est
1973 1127 2008 1171 ω,

215 1243 275 1277 3⁹1.
328 1244 496 1280 Lienteria
522 1245 632 1287 dicta,
674 1245 768 1289 quod
799 1245 911 1280 cibum
944 1248 1103 1287 tanquam
1135 1253 1199 1287 per
1231 1242 1340 1276 laevia
1351 1239 1375 1259 Ἠ
1409 1241 1560 1275 intestina
1573 1236 1598 1258 ⁷⁵
1631 1239 1729 1273 nullis
1740 1236 1765 1257 ‘¹⁰
1800 1240 2005 1274 obstantibus

51 1293 183 1338 prolabi
209 1295 310 1330 faciat
321 1292 357 1333 Π.

216 1354 275 1388 38.
328 1351 486 1389 Colica⁷⁸
508 1356 619 1400 passio
646 1367 769 1388 nomen
797 1353 930 1399 accepit
940 1349 965 1369 ⁷⁹
993 1351 1036 1387 ab
1064 1351 1238 1394 intestino,
1263 1351 1358 1396 quod
1368 1347 1393 1369 ⁸⁰
1425 1349 1550 1385 Graeci
1576 1350 1690 1387 κῶλον
1717 1351 1902 1397 appellant.

215 1413 275 1447 89.
330 1412 569 1460 Rliagadiae⁸¹
595 1415 769 1456 dicuntur,
796 1425 837 1448 eo
859 1412 953 1457 quod
970 1413 1106 1447 fissurae
1116 1408 1142 1429 ⁸²
1169 1413 1234 1445 sint
1258 1412 1350 1457 rugis
1364 1410 1530 1445 collectae
1557 1409 1647 1445 circa
1673 1410 1839 1445 orificium
1852 1408 1887 1444 ⁸³.
1930 1411 2006 1445 Hae

52 1461 121 1498 αθ*
144 1463 466 1500 haemorrhoida&
490 1478 511 1500 a
536 1467 705 1513 sanguinis
732 1466 839 1500 fluore
866 1465 987 1499 dictae.

49 1583 97 1613 pr.
120 1583 165 1602 va.
188 1573 238 1604 Ar.
260 1590 302 1597 —
330 1574 410 1603 mall
430 1572 642 1603 medicaminis
665 1574 704 1605 nl.
731 1591 773 1596 —
810 1573 899 1613 Vulg.
922 1574 1008 1603 mala

49 1626 108 1646 om.
129 1632 168 1639 —
200 1614 248 1659 45)
271 1615 451 1646 medicantis
470 1617 521 1649 Ar,
552 1633 594 1640 —
620 1615 669 1657 46)
693 1617 741 1646 Sic
757 1617 807 1647 Ar.
829 1634 866 1638 —
891 1627 1007 1645 resum-

45 1660 112 1697 ptio
128 1658 217 1690 codd.
239 1663 270 1689 et
284 1659 370 1689 editt.
393 1669 439 1698 pr.
460 1669 506 1689 va.
523 1669 590 1689 cum
608 1661 689 1699 vulg.
714 1677 749 1682 -
776 1658 823 1698 47)
847 1659 886 1688 ab
907 1660 963 1689 Gu.
978 1662 1005 1692 1.

49 1717 88 1723 —-·
112 1712 132 1730 a
150 1702 231 1742 vulg.
254 1717 297 1724 —-
318 1701 366 1741 48)
389 1702 438 1731 sic
454 1702 503 1732 Ar.
525 1719 568 1725 —
589 1705 712 1731 sartian
731 1703 789 1732 Gu.
808 1705 833 1733 1.
857 1702 892 1730 al.
905 1713 953 1742 pr.
969 1719 1004 1724 —

49 1744 218 1773 Sarcianus
235 1744 293 1774 Gu.
308 1747 338 1777 2.
361 1761 402 1767 —
425 1746 592 1774 Sarcinitzn
612 1756 658 1775 va.
684 1763 720 1768 —
737 1746 870 1784 [ανείηα
893 1755 941 1775 va.
965 1761 1003 1767 —

49 1787 195 1816 Sarcoma
213 1787 294 1825 vulg.
315 1803 350 1808 —
377 1785 425 1829 49)
449 1787 533 1827 qnod
554 1788 612 1820 Gu.
630 1791 656 1820 1.
672 1789 711 1818 al.
739 1804 782 1810 —-
810 1786 856 1827 50)
881 1788 1005 1816 sare-ian

49 1829 110 1859 Gu.
127 1832 155 1861 1.
168 1832 196 1863 2.
215 1839 262 1869 pr.
287 1846 322 1851 —
347 1831 493 1860 sarcitum
509 1841 554 1860 va.
572 1847 614 1854 —-
635 1830 684 1872 51)
706 1831 840 1860 Sciassis
856 1830 914 1859 Gu.
933 1833 959 1862 1.
973 1832 1004 1862 2.

48 1874 78 1905 8.
103 1871 140 1901 al.
156 1881 204 1913 pr.
225 1887 266 1894 —
291 1872 402 1900 Scialis
423 1883 470 1905 va.
494 1892 533 1897 —
559 1873 706 1902 ischiasis
729 1874 767 1904 al.
799 1889 839 1896 -
867 1875 1004 1912 corporis

44 1919 135 1954 parte
151 1924 209 1955 pro
220 1919 309 1952 parte
323 1925 406 1954 corp,
419 1915 526 1956 scripsi
542 1926 558 1945 e
570 1917 625 1945 Gu.
637 1919 664 1947 1.
678 1933 721 1939 --
736 1914 784 1957 52)
802 1916 1005 1945 vertebrorum

48 1966 95 1987 va.
118 1973 157 1980 -—
185 1959 230 1992 53)
253 1967 316 1997 qua
333 1957 371 1985 al.
399 1974 441 1979 —
475 1957 524 1999 54)
547 1959 673 1988 illorum
698 1959 737 1990 al.
766 1977 805 1982 —-
834 1959 880 1999 55)
904 1959 1004 1987 termi-

49 2005 164 2028 nantur
180 1998 230 2028 Ar.
254 1998 322 2029 Om.
345 2009 392 2028 va.
414 2017 456 2022 ——
477 2004 525 2037 56)
548 2003 613 2030 scia
633 2003 689 2031 Gu.
706 2006 731 2035 1.
751 2004 779 2032 2.
794 2003 823 2034 3.
839 2012 884 2041 pr.
901 2011 1001 2031 va.—

50 2045 93 2078 57)
116 2042 172 2073 Vv.
186 2040 223 2070 de
240 2041 415 2080 phlegmate
437 2043 537 2072 addidi
560 2055 575 2073 e
594 2045 650 2074 Gu.
668 2048 694 2076 1.
718 2046 848 2084 (fleuma
864 2044 926 2073 sine
942 2041 1000 2083 de)

49 2087 77 2118 2.
93 2084 279 2124 (destegma)
295 2086 324 2116 3.
340 2094 386 2126 pr.
403 2095 449 2114 va.
465 2083 529 2126 (qui
543 2086 611 2116 libri
626 2087 768 2117 exhibent
783 2086 999 2127 deflegmate.)

48 2143 90 2150 —
110 2129 159 2166 58)
182 2126 335 2155 descendit
352 2127 390 2156 al.
410 2143 453 2150 —
477 2130 523 2168 69)
543 2130 593 2158 Sic
611 2131 660 2159 Ar.
682 2147 726 2153 —
747 2130 920 2158 Artetricus
941 2130 998 2158 Gu.

48 2172 77 2202 2
101 2188 140 2193 —
162 2169 322 2199 Artericus
341 2170 442 2202 Gu.1.
469 2180 514 2210 pr.
536 2181 583 2200 va.
606 2189 648 2195 —-
677 2173 830 2201 Artlzritis
851 2173 932 2211 vulg.
956 2187 1000 2194 -

52 2230 88 2235 —
111 2215 155 2249 60)
163 2218 253 2252 petra
266 2222 323 2252 pro
339 2213 421 2252 lapi-s·
431 2213 534 2271 s'cgipsi
551 2224 569 2245 e
585 2215 642 2244 Gu.
660 2218 686 2247 1.
699 2218 728 2248 2.
746 2215 796 2245 Δι’.
819 2216 897 2244 Hinc
913 2215 1002 2244 etiam

422 2257 445 2271 <e
478 2255 485 2271 ί

50 2286 127 2317 quae
139 2285 196 2316 pro
212 2277 276 2315 qui.
300 2293 338 2299 -
361 2280 407 2310 61)
432 2283 474 2304 est
497 2275 568 2317 (sic)
592 2278 648 2307 Gu.
667 2281 696 2311 2.
720 2297 761 2302 ——
781 2282 826 2314 62)
850 2281 929 2308 enim.
944 2279 1001 2307 Gu.

53 2323 79 2352 1.
101 2334 144 2343 --
165 2321 211 2352 63)
233 2319 476 2358 Stranguirzarc‘a
497 2330 544 2349 va.
573 2337 614 2344 —
646 2323 693 2358 64)
715 2321 882 2361 distringat
901 2323 936 2352 al.
958 2338 1001 2343 -—

50 2360 96 2401 65)
124 2359 245 2391 Gothiei
272 2361 406 2393 addunt:
445 2362 621 2392 Alexander
646 2363 917 2404 historiographus
944 2366 1000 2401 ait,

1040 1463 1166 1497 Graeci
1192 1464 1282 1498 enim
1311 1463 1509 1509 sanguinem
1536 1460 1630 1506 αἷμα
1656 1461 1782 1496 dicunt.

1054 1572 1183 1601 Vulscos
1208 1572 1257 1609 (al.
1277 1572 1305 1601 V
1306 1570 1401 1611 ulsos)
1418 1569 1547 1610 quidam
1562 1569 1734 1608 appellatos
1749 1572 1836 1598 aiunt
1851 1580 1873 1599 α
1891 1571 2005 1600 Vulseo

1048 1615 1247 1654 Antiphatele
1263 1614 1506 1653 Strigonisfilio.
1527 1611 1646 1641 Fabius
1663 1623 1780 1652 quoque
1795 1613 1934 1642 Sicelicis·
1949 1617 2005 1648 (eie

1049 1657 1169 1698 colicis)
1188 1660 1344 1697 profectos
1367 1662 1511 1695 corrupto
1532 1657 1652 1684 nomine
1677 1655 1806 1685 Vulscos
1826 1658 1873 1684 ait
1896 1656 2003 1686 dictos.

1049 1718 1083 1722 —
1110 1703 1156 1736 66)
1177 1701 1311 1729 Diarn‘a
1333 1700 1389 1732 Gu.
1405 1703 1431 1731 1.
1444 1703 1473 1732 2.
1492 1701 1519 1730 S.
1534 1708 1579 1738 pr.
1592 1708 1642 1727 va.
1663 1713 1706 1720 —
1728 1698 1897 1737 (influxu-⁹
1916 1699 2004 1728 Arev.

1049 1761 1087 1766 —-
1111 1745 1155 1780 68)
1179 1742 1264 1782 Vulg.
1287 1744 1365 1782 Dys.
1389 1748 1446 1779 est,
1468 1742 1520 1771 sed
1544 1747 1587 1769 est
1606 1751 1664 1771 om.
1687 1740 1744 1769 Gu.
1762 1744 1789 1772 1.
1813 1758 1853 1763 —
1882 1743 1933 1779 69)
1954 1742 2003 1771 Sic

1048 1786 1105 1814 Gu.
1123 1789 1148 1817 1.
1164 1788 1192 1817 2.
1209 1797 1255 1826 pr.
1269 1797 1317 1816 va.
1333 1787 1382 1815 Ar.
1409 1802 1445 1807 -
1470 1783 1687 1822 difficultatem
1699 1784 1859 1822 cigmficat
1872 1785 2002 1823 vulg.—

1045 1827 1094 1868 70)
1117 1829 1202 1857 intra
1223 1829 1279 1858 Gu.
1292 1832 1317 1860 1.
1342 1845 1383 1851 —-
1405 1829 1538 1866 {interca
1552 1827 1646 1859 Gu.2.
1671 1843 1709 1848 —
1727 1832 1837 1865 ymera
1854 1827 1910 1856 Gn.
1921 1829 2000 1859 3.—

1045 1872 1156 1903 interiet
1173 1881 1218 1911 pr.
1243 1890 1282 1895 --
1305 1873 1432 1900 ienteria
1447 1881 1494 1900 va.
1516 1885 1560 1891 —-
1580 1871 1627 1908 71)
1649 1868 1836 1898 antecedenti
1852 1869 1909 1898 Gu.
1923 1871 2001 1902 2.-

1044 1914 1093 1951 72)
1116 1914 1166 1943 Sic
1189 1915 1245 1943 Gu.
1265 1918 1290 1947 1.
1307 1924 1354 1954 pr.
1371 1914 1423 1944 Ar.
1446 1929 1487 1935 --
1510 1923 1605 1952 quam
1619 1912 1704 1950 vulg.
1727 1930 1767 1935 ——
1789 1910 1837 1952 73)
1859 1913 2000 1941 Dian‘cm

1045 1956 1100 1985 Gu.
1122 1960 1147 1989 1.
1162 1960 1190 1989 2.
1205 1959 1234 1989 3.
1257 1967 1303 1996 pr.
1325 1973 1368 1979 —
1395 1954 1442 1996 74)
1465 1957 1514 1984 Sic
1531 1956 1580 1984 Ar.
1606 1971 1643 1977 —
1667 1955 1751 1983 lenia
1772 1954 1828 1984 Gu.
1850 1958 1876 1987 1.
1892 1955 1929 1984 al.
1958 1971 1999 1977 —

1045 2000 1157 2028 lineam
1173 2000 1254 2038 vulg.
1273 2017 1308 2022 -—
1332 1999 1382 2038 75)
1406 1999 1549 2027 intestine
1559 1998 1617 2027 Gu.
1634 2000 1661 2029 1.
1674 2001 1704 2030 2.
1721 2007 1767 2037 pr.
1784 2007 1830 2026 va.
1852 2013 1895 2020 ——
1919 1999 1999 2025 inte-

1043 2043 1118 2070 stini
1134 2042 1170 2071 al.
1192 2059 1235 2064 —
1257 2045 1301 2080 76)
1317 2042 1416 2071 nullis
1437 2052 1496 2072 om.
1520 2039 1578 2071 Gu.
1597 2043 1628 2073 2.
1650 2055 1693 2063 ·—·
1714 2039 1761 2079 77)
1771 2041 1824 2068 Sic
1834 2040 1890 2069 Gu.
1906 2042 1934 2072 1.
1956 2054 1998 2063 -

1042 2086 1184 2123 —facit
1208 2083 1332 2125 (faciat
1353 2085 1410 2115 Gu.
1433 2088 1460 2117 2.
1480 2093 1526 2126 pr.
1549 2083 1617 2120 Ar.)
1631 2082 1759 2121 prolabi
1778 2083 1860 2121 vulg.
1885 2098 1927 2105 -
1949 2080 1996 2122 73)

1045 2126 1133 2156 Colla
1150 2138 1195 2167 pr.
1227 2128 1369 2157 Colit-ula
1392 2138 1438 2156 va.
1465 2142 1508 2149 —
1542 2123 1592 2167 79)
1614 2125 1662 2154 Sic
1679 2126 1738 2155 Gu.
1755 2128 1782 2156 1.
1804 2141 1846 2147 —
1867 2127 1995 2163 sumpsit

1045 2170 1128 2209 vulg.
1150 2187 1182 2192 -
1209 2170 1255 2210 80)
1279 2181 1364 2210 quem
1384 2171 1440 2199 Gu.
1459 2172 1484 2202 1.
1502 2172 1531 2202 2.
1547 2184 1591 2190 —
1613 2178 1691 2207 quae
1705 2167 1774 2197 edit.
1791 2167 1929 2197 Gothofr.
1952 2181 1995 2189 --

1045 2214 1092 2248 81)
1116 2213 1164 2242 Sic
1179 2213 1234 2242 Gu.
1252 2216 1278 2245 1.
1296 2217 1324 2246 2.
1337 2216 1364 2244 3,
1378 2223 1423 2253 pr.
1438 2221 1486 2243 va.
1509 2227 1551 2233 —
1573 2209 1722 2249 Ragades
1735 2210 1817 2249 vulg.
1839 2225 1881 2233 -
1902 2209 1993 2238 Rha-

1041 2254 1141 2294 gatlia
1157 2257 1231 2286 Cels.
1242 2256 1290 2293 VI,
1312 2258 1360 2287 17.
1376 2261 1405 2285 et
1423 2255 1466 2284 sic
1482 2254 1519 2284 al.
1529 2253 1610 2293 apud
1623 2253 1776 2282 Isidor.—
1789 2254 1835 2289 82)
1844 2254 1990 2280 semmae

1043 2297 1079 2326 al·
1103 2314 1144 2320 —
1162 2302 1206 2338 83)
1230 2310 1285 2327 ora
1296 2299 1445 2336 faucium
1467 2307 1513 2326 va.
1536 2311 1578 2319 —·
1600 2296 1646 2335 84⁴)
1669 2295 1770 2332 Haec,
1793 2304 1849 2324 om.
1865 2299 1908 2330 et,
1933 2294 1988 2321 Gu.

1044 2343 1071 2371 1.
1087 2340 1126 2372 al.
1146 2358 1189 2365 —
1211 2340 1260 2383 85)
1284 2341 1333 2370 Sic
1353 2341 1410 2370 Gu.
1429 2344 1454 2372 1.
1470 2343 1498 2372 2.
1512 2342 1540 2372 3.
1559 2349 1605 2379 pr.
1619 2348 1665 2368 va.
1679 2339 1716 2369 al.
1739 2353 1781 2359 —
1801 2336 1971 2365 haemmi
