2255 2819
234 124 308 159 542
934 112 1112 146 ISlDORI
1138 111 1319 145 fflSPAL.
1346 112 1489 147 EPlSC.

402 212 435 245 2.
488 209 586 242 Thus
613 207 712 238 arbor
738 204 882 237 Arabiae
909 204 1069 238 immensa
1096 209 1195 248 atque
1223 215 1353 237 ramosa
1379 205 1535 238 lenissimi
1563 206 1712 247 corticis,
1746 205 1845 239 ramis
1872 205 1915 239 ad
1943 206 2046 240 aceris
2072 208 2181 251 quali-

237 272 358 306 tatem,
406 255 616 305 amigdalae¹
644 252 771 289 modo²
799 266 933 289 succum
961 256 1179 289 aromaticum
1205 257 1346 289 fundens
1373 256 1510 289 album³
1537 263 1569 291 et
1596 258 1825 291 masticatione
1852 255 1974 290 veluti⁴
2000 259 2033 291 in
2059 259 2183 303 pulve-

236 330 307 352 rem
335 315 525 351 resolutum„
554 314 585 342 et
612 319 688 341 cuin
714 307 879 352 frangitur
891 304 912 349 ⁵,
940 308 1025 341 intus
1051 306 1208 352 pingue“,
1238 313 1270 340 et
1296 308 1365 352 igni
1384 309 1572 352 appositum
1600 310 1700 343 facile
1723 309 1898 343 ardescens
1912 307 1935 343 ⁷.
1988 310 2033 343 Et
2059 311 2183 355 appel-

237 371 324 403 latur
351 365 442 410 apud
469 373 526 394 nos
555 356 755 400 1nasculus⁸‚
787 370 827 392 eo
855 359 947 402 quod
972 360 1011 391 sit
1038 365 1153 392 natura
1180 359 1359 392 rotundum
1386 359 1418 392 in
1445 361 1582 393 modum
1608 361 1842 395 testiculorum.
1896 361 2078 404 Reliquum
2104 363 2182 407 pla-

237 433 316 455 num
338 414 395 451 et⁹
421 425 507 459 pene
525 412 728 451 scabrosum,
757 411 862 443 minus
879 411 1051 455 optimum.
1088 411 1305 443 Adulteratur
1326 416 1436 443 autem
1450 409 1474 428 ¹⁰
1501 410 1679 446 admixta¹¹
1706 413 1829 453 resina,
1857 413 1923 446 sive
1949 413 2095 458 gummi,
2122 413 2183 447 sed

238 470 416 506 dinoscitur
435 477 492 500 sua
520 465 734 509 proprietate.
787 463 873 495 Nam
900 463 976 495 thus
1003 463 1195 507 impositum
1222 463 1292 507 igni
1304 459 1328 479 ¹²
1354 463 1512 505 ardescit,
1546 465 1650 497 resina
1677 464 1845 506 fumescit,
1880 465 2011 510 gummi
2037 476 2114 498 vero
2139 465 2182 498 li-

236 522 363 567 quescit
388 517 597 552 calefactum.

401 570 434 602 3.
488 568 585 601 Thus
619 571 730 598 autem
743 562 765 582 ¹³
800 577 820 598 a
854 565 1027 598 tundendo
1055 562 1226 599 dictum¹¹.
1288 565 1367 598 Hoc
1402 570 1434 598 et
1467 566 1617 598 libanum
1652 572 1805 601 vocatum
1832 579 1851 600 a
1886 571 2000 600 monte
2026 566 2182 609 Arabiae,

236 625 293 659 ubi
317 621 439 656 Sabaei
461 625 541 653 sunt.
596 618 682 651 Nam
710 627 803 650 mons
825 628 938 650 eorum
966 618 1112 650 Libanus
1142 617 1280 656 dicitur,
1308 617 1363 649 ubi
1396 617 1495 650 thura
1523 618 1733 662 colliguntur.

402 672 436 705 4.
491 670 635 714 Myrrha
662 669 763 701 arbor
789 670 933 702 Arabiae
949 665 971 686 ¹⁵
999 669 1175 701 altitudinis
1204 665 1386 712 quinque1'j
1413 669 1619 710 cubitorum,
1647 670 1759 702 similis
1784 669 1916 714 spinae,
1943 680 2045 712 quam
2067 668 2182 704 ἄκαν-

240 733 311 763 θον
340 726 470 758 dicunt:
497 724 589 756 cuius
616 727 711 765 gutta
738 721 848 753 viridis
871 726 971 763 atque
999 732 1130 761 amara,
1158 720 1245 752 unde
1268 726 1300 752 et
1322 732 1442 753 nomen
1467 721 1598 765 accepit
1624 720 1770 764 myrrha.
1828 721 1933 754 Gutta
1970 721 2037 753 eius
2063 725 2183 765 sponte

239 789 375 812 manans
402 775 584 820 preciosior
613 778 678 814 est,
727 772 835 805 elicita
864 772 994 805 corticis
1022 773 1156 804 vulnere
1188 772 1286 803 vilior
1321 772 1492 805 iudicatur.
1554 773 1727 806 Sarmenta
1763 772 1830 805 eius
1857 772 1983 805 Arabes
2015 771 2147 816 ignibus
2159 767 2183 788 ¹⁷

238 831 373 871 fovent,
402 838 542 870 quornm
572 825 665 857 fumo
694 824 769 856 satis
796 824 915 863 noxio,
946 823 1004 855 nisi
1028 824 1071 856 ad
1096 824 1234 856 odorem
1252 823 1387 855 storacis
1402 821 1623 864 occurrantffl,
1650 824 1849 868 plerumque
1870 823 2067 856 insanabiles
2089 834 2182 856 mor-

239 882 301 914 bos
327 874 569 914 contrahuntffl.
624 875 766 920 Myrrha
794 881 902 908 autem
931 875 963 908 T
966 875 1144 920 roglodyta
1155 871 1179 891 ²⁰
1205 875 1247 907 ab
1273 874 1376 907 insula
1404 876 1548 909 Arabiae
1575 875 1684 918 dicta,
1717 875 1775 909 ubi
1799 875 1918 908 melior
1948 875 2124 920 colligitur
2151 878 2182 908 et

238 932 363 977 purior.

405 979 439 1012 ἴ).
493 979 613 1012 Storax
624 975 647 995 ²¹
676 978 775 1009 arbor
796 978 957 1015 Arabiae,
982 978 1094 1011 similis
1115 978 1206 1010 malo
1234 977 1407 1020 Cydonio,
1434 977 1525 1011 cuius
1546 978 1697 1022 virgulae
1716 978 1801 1011 inter
1812 973 1837 995 ²²
1863 976 2047 1011 Caniculae
2073 980 2183 1010 ortum

241 1033 442 1068 cavernatim
470 1031 640 1063 lacrimam
669 1026 816 1062 ssuunt'ffl.
872 1029 1047 1061 Distillatio
1083 1029 1150 1062 eius
1178 1030 1209 1061 in
1244 1034 1366 1061 terram
1402 1030 1522 1061 cadens
1555 1029 1679 1062 munda
1707 1041 1772 1062 non
1806 1034 1872 1070 est,
1909 1028 1969 1061 sed
1997 1039 2073 1063 cum
2098 1038 2182 1072 pro-

240 1085 304 1131 prii
333 1083 462 1117 corticis
486 1082 604 1115 scrobe
631 1085 786 1113 servatur.
840 1081 903 1113 llla
930 1086 1057 1120 autem,
1091 1091 1176 1123 quae
1203 1080 1302 1124 virgis
1331 1085 1362 1112 et
1389 1081 1523 1113 calamis
1549 1080 1743 1119 inhaeserit,
1769 1080 1894 1113 munda
1925 1084 1973 1112 est
1999 1085 2032 1113 et
2058 1078 2182 1121 albida,

240 1136 364 1169 dehinc
391 1135 480 1166 fulva
507 1134 544 1164 fit
572 1132 646 1164 solis
674 1143 789 1169 cansa,
831 1138 863 1164 et
889 1133 958 1175 ipsa
986 1138 1093 1164 storax
1123 1132 1291 1164 calamites
1318 1133 1470 1176 pinguis,
1505 1132 1666 1171 resinosa,
1703 1132 1816 1165 odoris
1843 1131 1992 1173 iucundi,
2025 1130 2185 1166 humecta

241 1194 274 1222 et
306 1186 407 1219 veluti
443 1185 619 1218 mellosum
654 1183 817 1226 liquorem
853 1183 1009 1215 emittens.
1078 1184 1197 1215 Storax
1231 1188 1342 1215 autem
1375 1184 1482 1223 dicta,
1529 1183 1619 1226 quod
1653 1184 1692 1216 sit
1722 1188 1817 1228 gutta
1850 1183 1975 1217 arboris
2014 1182 2183 1226 profluens

241 1246 274 1273 et
307 1238 494 1281 congelata.
562 1236 648 1268 Nam
683 1235 806 1267 Graeci
839 1234 961 1267 stiriam
996 1240 1125 1279 guttam
1160 1231 1325 1276 dicunt²⁴,
1373 1234 1504 1268 Graece
1540 1240 1651 1267 autem
1691 1232 1841 1280 στύραξ,
1886 1230 2042 1268 Latine²⁵
2072 1238 2184 1267 storax

241 1292 360 1324 dicitur
373 1286 407 1321 ²⁶.

405 1339 440 1372 ti.
493 1333 698 1371 Bdellium²³
726 1336 841 1369 indiae
870 1341 903 1368 et
936 1337 1080 1369 Arabiae
1108 1337 1225 1375 arbor,
1268 1336 1359 1370 cuius
1387 1336 1522 1369 lacrima
1554 1336 1673 1368 melior
1706 1336 1862 1370 Arabica.
1923 1336 1983 1369 Est
2016 1335 2103 1368 enim
2129 1335 2182 1367 lu-

243 1394 339 1432 cida,
367 1390 558 1429 subalbida,
588 1389 684 1427 lex-is,
711 1389 862 1432 pinguis,
901 1386 968 1420 etz*⁴
995 1389 1176 1430 aequaliter
1203 1399 1316 1427 cerea,
1346 1393 1377 1421 et
1404 1400 1489 1431 quae
1519 1388 1617 1421 facile
1644 1387 1829 1429 molliatur,
1871 1398 1979 1430 neque
2010 1387 2105 1431 ligno
2130 1387 2184 1420 vel

243 1452 349 1477 terrae
374 1442 561 1481 commixta,
590 1441 701 1473 odoris
731 1441 820 1479 boni,
843 1439 900 1471 sed
921 1451 1030 1471 amara
1042 1437 1075 1471 ²³¹.
1130 1441 1215 1472 Nam
1245 1451 1283 1471 ex'
1312 1439 1403 1471 india
1431 1439 1565 1471 sordida
1594 1444 1640 1471 est
1668 1444 1698 1472 et
1717 1440 1814 1484 nigra
1835 1444 1867 1472 et
1892 1435 2045 1472 maiori³⁰
2071 1437 2182 1483 gleba.

243 1495 459 1528 Adulteratur
485 1498 594 1525 autem
619 1492 766 1524 admixto
795 1491 939 1535 gummi,
967 1492 1023 1535 qui
1036 1488 1058 1508 ³¹
1090 1503 1156 1523 non
1184 1492 1227 1523 ita
1254 1492 1436 1523 amarificat
1463 1488 1607 1535 gustum.

411 1544 440 1576 ἴ.
494 1544 614 1575 Μ;μιὶκ
642 1540 803 1575 arboris-⁵¹²⁵
831 1543 956 1575 lentisci
989 1548 1084 1586 gutta
1112 1540 1203 1578 estsu.
1258 1543 1352 1575 Haec
1380 1542 1602 1586 granomastix
1636 1541 1724 1575 dicta
1753 1537 1852 1582 estffi,
1885 1540 1962 1584 quia
1988 1540 2021 1574 in
2043 1539 2182 1574 modum

246 1603 293 1630 est
318 1607 498 1641 granorum
511 1591 545 1626 ³³¹⁵.
614 1595 737 1626 Melior
765 1599 872 1627 autem
898 1595 928 1626 in
954 1594 1040 1627 Chio
1068 1595 1170 1626 insula
1202 1594 1349 1638 gignitur
1362 1591 1403 1635 ³⁷,
1444 1594 1555 1626 odoris
1582 1592 1677 1633 boni,
1723 1592 1876 1625 candoris
1910 1603 2007 1626 cerae
2031 1591 2182 1635 punicae.

244 1648 348 1681 Unde
376 1653 407 1680 et
428 1646 641 1691 splendorem
669 1647 750 1678 cutis·
763 1643 788 1661 ³⁸
815 1646 1038 1690 pulchrificat.
1092 1646 1307 1679 Adulteratur
1319 1644 1342 1663 “³
1368 1645 1535 1678 interdum
1561 1645 1685 1686 resina,
1713 1643 1766 1676 vel
1792 1643 1901 1676 thure.

409 1698 442 1730 8.
496 1698 624 1742 Piperis
650 1698 750 1730 arbor
776 1698 919 1730 nascitur
946 1699 977 1730 in
1005 1698 1117 1738 India,
1159 1702 1192 1731 et
1206 1694 1231 1714 ⁴⁰
1270 1698 1301 1730 in
1328 1697 1431 1730 latere
1458 1696 1575 1730 montis
1603 1694 1760 1737 Caucasi,
1799 1692 1893 1738 qubd
1918 1693 1979 1727 soli
2004 1693 2183 1726 obversum

334 1802 358 1835 1)
382 1799 431 1827 Sic
453 1799 481 1826 Z.
510 1799 566 1828 Gn.
585 1801 611 1829 1.
634 1800 662 1828 2.
681 1798 729 1826 Ar.
753 1814 794 1819 --
817 1797 978 1836 amigdala
1001 1799 1079 1836 vulg.
1104 1814 1145 1819 —
1170 1801 1197 1836 2)

248 1841 371 1868 modum
395 1842 423 1870 Z,
446 1856 486 1862 -
525 1848 551 1874 o)
575 1842 674 1868 alium
698 1842 754 1871 (ἆυ.
780 1844 806 1872 1.
830 1845 859 1872 2.
888 1857 930 1862 —
958 1841 986 1879 4)
1020 1843 1112 1869 mlmi
1142 1851 1196 1879 pro

247 1884 330 1911 velut
354 1885 409 1912 Gu.
429 1887 453 1914 1.
472 1885 499 1913 2.
523 1899 564 1904 —
592 1882 620 1922 ξ»)
643 1889 667 1910 εἰ
692 1885 898 1921 confringitur
921 1885 949 1911 Ζ4
975 1884 1033 1913 Gu.
1061 1888 1084 1914 1·
1111 1886 1136 1914 2·
1158 1899 1194 1905 -

248 1928 279 1963 6)
304 1931 345 1953 est
369 1925 436 1953 add.
460 1926 539 1960 vulg.
560 1943 590 1946 —
619 1929 682 1953 (hu.
709 1927 740 1955 Z.
765 1928 821 1954 (ἆυ.
843 1930 868 1957 1.
884 1929 912 1957 2'.
937 1943 977 1948 —
1013 1926 1041 1965 7)
1065 1926 1195 1954 ardescit

248 1979 349 1997 va,—
381 1966 412 2007 S)
435 1967 482 1994 &ic
506 1969 535 1994 Ζ.
566 1970 621 1996 Gu.
649 1972 673 1997 1.
698 1971 726 1999 2.
753 1969 789 1998 al.
821 1979 864 2007 pr.
891 1979 936 1997 va.
962 1985 999 1989 ·—-
1025 1970 1195 1997 masculum

249 2010 327 2048 vulg.
354 2026 387 2030 —
413 2016 439 2037 ν)
460 2015 484 2036 cl
510 2010 612 2037 addidi
636 2021 649 2038 e
673 2011 730 2040 Gu.
757 2015 781 2042 1.
805 2014 833 2042 2.
858 2022 900 2049 pr⁴
924 2022 969 2040 va.
994 2028 1034 2032 —
1059 2016 1104 2049 10)
1132 2023 1193 2039 ‹m—

247 2058 400 2092 gmcntzcm
435 2051 501 2078 add.
527 2054 582 2079 uu.
606 2055 634 2082 2.
658 2071 694 2074 —
737 2058 780 2087 11)
811 2056 906 2081 mista
931 2065 974 2081 va.
1009 2070 1046 2076 —-
1080 2053 1124 2092 12)
1146 2054 1194 2081 Sic

248 2097 306 2124 Gu,
330 2098 356 2125 1.
389 2112 425 2116 —
457 2095 520 2131 igut
554 2104 623 2131 Imp.
652 2095 730 2131 vulg.
757 2115 792 2118 —
825 2097 892 2131 igni
917 2108 979 2134 pos.
1004 2107 1050 2125 va.
1073 2113 1115 2117 —
1150 2099 1195 2131 13)

252 2138 300 2166 Sic
325 2138 354 2165 Ζ.
379 2136 435 2164 Gu.
460 2139 483 2166 1·
509 2138 536 2165 2.
563 2136 599 2163 al.
624 2146 669 2163 va.
696 2138 744 2165 Ar.
774 2155 807 2158 —
839 2139 923 2175 Vulg.
954 2140 1011 2166 Tus
1038 2150 1103 2166 ιἰϊυ
1132 2141 1196 2165 &ille

253 2180 447 2217 aspiratione.
461 2194 498 2198 —-
528 2182 568 2213 14)
582 2178 629 2205 Sic
644 2179 672 2205 Z.
690 2181 744 2206 (ju.
764 2184 790 2210 1.
806 2183 833 2211 2.
851 2181 889 2208 al.
913 2198 954 2203 —-
977 2181 1090 2209 dicitur
1106 2182 1195 2218 vulg„

253 2232 328 2261 quae
351 2220 447 2250 addit:
478 2222 552 2258 qllitt
583 2219 657 2246 (lum
677 2224 795 2258 gummi
821 2228 929 2260 gallus
960 2234 991 2250 ex
1014 2224 1119 2251 arbore
1142 2235 1196 2251 crt-

254 2265 345 2299 dum‘,
368 2264 400 2290 in
419 2263 515 2300 glebas·
532 2264 712 2289 miscendus.-
735 2263 806 2290 rlum
832 2266 1013 2302 wroglrlmc
1036 2268 1064 2293 12¹1
1085 2267 1196 2303 μαίνε-

254 2318 314 2335 rem
337 2305 532 2343 rcdigzuztur,
569 2305 640 2332 thu-s
664 2312 802 2342 carptim·
831 2312 855 2332 fl
886 2309 1013 2344 vlt-gulis
1043 2308 1196 2345 lundata,

255 2356 278 2377 εἰ
304 2350 347 2375 ,3ιύ
365 2347 434 2376 inde
457 2347 597 2374 manibus
620 2348 748 2374 tollitur.
792 2347 870 2375 Haec
901 2360 957 2377 oni.
982 2351 1010 2377 Z.
1036 2353 1090 2378 (ἆυ.
1117 2355 1143 2381 Ι.
1166 2353 1196 2381 2.

256 2392 291 2420 al.
325 2408 358 2411 μ
400 2392 442 2427 15)
466 2390 511 2418 Sic
535 2390 564 2418 Z.
587 2390 641 2418 Gu.
668 2393 691 2421 1.
716 2392 744 2420 2.
768 2400 813 2417 va.
840 2406 880 2412 —-
910 2392 1001 2418 drab.
1031 2393 1094 2420 arb.
1118 2393 1196 2430 vulg.

1240 1814 1281 1820 —
1305 1797 1348 1836 16)
1372 1797 1415 1826 ad
1436 1799 1568 1836 quinque
1584 1797 1615 1827 Z.
1642 1813 1679 1819 --
1704 1794 1751 1836 17)
1773 1797 1837 1834 ign.
1858 1795 1916 1824 Ar.
1941 1804 1989 1826 va.
2013 1811 2050 1816 —
2075 1794 2119 1831 18)
2134 1793 2183 1822 Sic

1241 1841 1270 1868 Z.
1289 1841 1345 1869 Gu.
1370 1844 1394 1871 1.
1416 1843 1442 1872 2.
1466 1841 1514 1868 Ar.
1534 1856 1576 1861 —
1603 1844 1767 1867 accurrant
1790 1838 1870 1876 vulg.
1898 1853 1940 1860 —
1964 1835 2008 1876 19)
2030 1835 2183 1864 contrahit

1240 1884 1270 1912 Z.
1303 1900 1339 1904 -—
1363 1882 1409 1921 ΞΟ)
1437 1881 1652 1921 Troglodrtt'ca
1675 1881 1762 1911 Arev.
1789 1898 1824 1904 —
1850 1879 1896 1918 21)
1920 1880 2024 1908 Stirax
2046 1879 2138 1909 Gu.1.
2154 1880 2183 1909 2·

1239 1943 1281 1948 —
1303 1925 1347 1964 ΞΩ)
1372 1927 1456 1954 intra
1482 1926 1513 1955 Z.
1542 1925 1579 1954 al.
1611 1935 1657 1953 va.
1684 1940 1725 1946 —-
1760 1927 1805 1959 23)
1826 1921 1972 1960 fundunt
1999 1922 2028 1951 Z.
2057 1936 2100 1943 —-
2135 1919 2182 1960 24)

1241 1975 1348 1996 nocant
1370 1979 1416 1997 va.
1438 1984 1479 1989 —
1501 1967 1547 2006 25)
1571 1973 1671 1995 autem
1694 1966 1761 1995 add.
1787 1976 1836 1995 va.
1857 1981 1900 1989 —·
1920 1965 1969 2002 26)
1991 1963 2136 1994 dicuntur
2147 1963 2181 1992 Z.

1239 2027 1275 2032 —
1300 2010 1348 2049 Ξῖ)
1372 2012 1420 2039 Sic
1444 2011 1491 2039 Ar.
1513 2027 1552 2032 —
1567 2009 1681 2038 Bdella
1703 2010 1734 2038 Ζ.
1756 2025 1797 2032 -
1823 2007 1949 2036 Βίιίεἰία
1971 2007 2051 2045 vulg.
2073 2021 2112 2028 -
2135 2004 2181 2044 28)

1238 2060 1263 2081 et
1287 2053 1388 2081 addidi
1412 2064 1426 2082 e
1451 2054 1506 2083 Gu.
1528 2055 1555 2082 1.
1573 2055 1601 2083 2.
1627 2068 1670 2075 --
1703 2054 1748 2085 29)
1779 2051 1827 2080 Sic
1858 2051 1915 2080 Gu.
1939 2053 1966 2082 1.
1994 2065 2036 2071 -
2063 2058 2183 2083 amara,

1238 2095 1340 2124 odoris
1362 2096 1432 2123 boni
1453 2096 1534 2133 vulg.
1557 2110 1595 2114 --
1631 2096 1679 2130 30)
1702 2095 1816 2124 truciore
1840 2094 1896 2123 Gu.
1913 2095 1942 2123 2.
1963 2109 2005 2114 -—
2034 2091 2083 2129 31)
2107 2101 2183 2129 quae

1239 2140 1295 2166 Gu.
1312 2141 1340 2169 2.
1360 2148 1403 2166 va.
1430 2154 1465 2159 -
1490 2139 1536 2174 32)
1552 2142 1680 2174 ganum
1703 2137 1754 2166 Ar.
1780 2153 1816 2159 —·
1841 2138 1885 2169 33)
1907 2134 1998 2164 arbor
2019 2135 2051 2162 Z.
2072 2149 2114 2157 --
2134 2132 2182 2169 34)

1238 2186 1309 2208 sunt
1333 2181 1362 2207 Z.
1391 2197 1434 2202 —
1469 2182 1516 2217 35)
1539 2186 1581 2207 e-sl
1605 2191 1661 2209 om.
1685 2180 1714 2207 Z.
1735 2189 1782 2209 Va.
1805 2195 1846 2201 —
1878 2180 1924 2215 36)
1953 2178 2000 2207 Sic
2023 2177 2079 2206 Gu-
2095 2177 2122 2206 1.
2141 2191 2181 2198 --

1235 2233 1325 2261 gran.
1348 2229 1389 2250 est
1417 2223 1495 2260 vulg.
1520 2239 1560 2245 —
1588 2225 1633 2261 37)
1657 2224 1793 2250 nascitur
1815 2231 1862 2250 va.
1884 2237 1926 2242 -
1960 2219 2009 2255 38)
2027 2218 2125 2257 guttis
2147 2217 2180 2246 Z.

1241 2267 1295 2293 Gu.
1319 2269 1346 2296 2.
1368 2276 1412 2293 va.
1435 2282 1476 2286 —
1497 2265 1542 2304 39)
1560 2271 1661 2293 autem
1683 2264 1751 2293 add.
1774 2264 1854 2301 vulg.
1871 2279 1913 2286 —
1936 2262 2002 2291 Om.
2026 2261 2057 2290 Z.
2081 2259 2138 2287 Gu·
2155 2262 2180 2290 1.

1239 2311 1268 2339 2.
1291 2318 1335 2337 va.
1359 2324 1399 2329 —-
1422 2307 1467 2346 40)
1492 2313 1516 2334 et
1540 2318 1597 2336 om.
1619 2308 1650 2336 Z.
1673 2317 1717 2336 va.
1740 2322 1781 2329 —·
1810 2306 1858 2343 41)
1878 2306 1932 2343 qui
1954 2325 1960 2332 .
1983 2323 1990 2330 .
2018 2300 2181 2330 aduersum

1240 2356 1281 2379 est
1303 2360 1351 2378 va.
1375 2366 1416 2372 --
1441 2361 1557 2379 uersum
1581 2351 1611 2379 Z.
1636 2368 1673 2372 —-
1697 2350 1746 2386 42)
1770 2348 1818 2377 Sic
1839 2349 1870 2375 Z.
1894 2347 1949 2375 Gu.
1974 2347 2000 2375 1.
2021 2344 2057 2373 al.
2081 2354 2179 2374 va·—

1239 2394 1287 2429 43)
1312 2393 1363 2420 Vv.
1388 2392 1440 2420 sed
1462 2415 1468 2421 .
1493 2414 1499 2421 .
1523 2414 1529 2420 .
1556 2390 1717 2418 incendunt
1741 2390 1842 2418 addidi
1864 2399 1879 2417 e
1901 2389 1931 2415 Z.
1956 2387 2013 2415 Gu.
2037 2389 2063 2417 1·
2087 2388 2115 2416 2.
2133 2397 2178 2426 pr.
