2264 2830
779 111 1025 147 omninum
1058 110 1204 145 mmm
1231 110 1254 143 1.
1945 114 1991 147 31

208 207 267 240 1⁴.
327 205 552 250 Dispondeus
586 211 697 238 autem
741 211 774 240 et
810 206 1037 240 ditrochaeus
1071 210 1105 238 et
1136 204 1314 238 diiambus
1326 202 1350 223 ⁴⁰
1392 203 1524 247 dictifl,
1573 206 1664 250 quod
1699 208 1840 251 geminis
1857 205 1877 224 ¹²
1910 219 1993 241 con-

45 265 130 292 stant
146 257 167 276 ¹³⁵
194 259 327 299 iambis,
354 257 509 301 spondeis
522 254 544 273 Η
575 259 626 290 vel
654 258 831 291 trochaeis.

213 318 270 352 15.
324 313 600 362 Antispastusffi,
644 318 737 361 quod
771 315 842 350 mm
887 329 926 350 ex
959 317 1130 351 contrariis
1165 316 1319 360 syllabi5‚
1354 328 1393 349 ex
1426 317 1519 350 brevi
1555 322 1588 351 et
1621 313 1774 362 longa'⁷,
1814 328 1853 349 ex
1888 317 1989 362 longa

46 375 78 402 et
104 369 203 402 brevi.

214 428 268 462 16.
325 426 558 462 choriambus
585 440 680 470 vero,
709 430 785 473 quia
813 441 851 462 ex
879 428 947 462 hoc
974 428 1064 473 pede
1092 427 1314 472 compositum
1339 437 1471 460 carmen
1499 428 1611 462 choris
1638 428 1840 472 aptissimum
1870 429 1919 463 sit,

211 488 269 521 17.
322 488 433 521 Iouici
460 500 537 520 sane
564 495 705 533 propter
732 501 944 522 numerorum
981 489 1189 532 inaequalem
1219 498 1337 520 sonum
1364 488 1454 522 dicti.
1515 489 1649 521 Habent
1684 488 1770 521 enim
1799 488 1890 521 binas
1918 488 1991 520 lon-

46 553 108 586 gas
135 541 278 585 syllabas
305 540 466 582 binasque
494 538 711 584 correptasffl.

214 600 271 634 18.
324 599 484 632 Paeones
506 600 585 632 (licii
611 601 654 633 ab
682 601 851 633 inventore
863 596 895 633 ⁴⁹.

211 651 269 684 19.
322 648 507 696 Epilr1'h‘50
534 652 641 685 vocati
670 664 727 692 eo,
755 652 847 696 quod
860 648 882 669 Μ
918 662 1050 695 semper
1077 655 1142 683 tres
1170 650 1288 694 longas
1316 649 1464 682 habeant
1490 649 1632 693 syllabas
1659 654 1691 682 et
1721 661 1817 682 unam
1846 650 1992 682 brevem.

209 702 267 735 20.
323 699 559 747 Synzugiuc512
594 708 705 736 autem
739 710 812 736 sunt
842 703 1060 747 pentasyllabi
1093 707 1126 735 el.
1152 701 1357 745 hexasyllabi
1387 702 1493 745 pedes
1522 707 1554 734 et
1590 701 1699 734 «lictae
1711 698 1734 718 '⁵⁵⁵
1764 700 1854 744 apud
1884 700 1993 733 Grae-

46 765 101 787 cos
129 755 310 799 synzugiae
323 751 347 770 ⁵⁴
375 755 466 797 quasi
495 755 659 797 quaedam
689 756 928 788 declinationes·
939 752 979 795 ⁵⁵,
1008 755 1066 787 sed
1090 753 1125 786 hi
1150 765 1214 785 non
1241 759 1314 785 sunt
1341 754 1463 797 pedes,
1497 753 1554 785 sed
1583 753 1796 800 appellantur
1824 752 1992 796 pentasyl-

46 805 112 837 labi
140 810 171 838 et
199 806 423 849 hexasyllabi,
453 803 542 849 qui⁵¹⁵
570 807 654 839 ultra
684 807 712 839 V
742 814 774 839 et
803 808 845 839 Vl
876 807 1018 850 syllabas
1032 802 1057 822 ³⁷
1084 817 1149 838 non
1178 805 1374 849 procedunt.
1429 801 1567 838 Un11e⁵⁶
1595 816 1660 837 non
1695 810 1832 848 oportet
1859 805 1890 835 in
1917 814 1990 836 car-

45 857 131 889 mine
159 856 219 889 has
245 858 388 901 syllabas
415 857 591 900 quodlibet
617 869 738 892 nomen
767 859 928 892 excedere
939 856 984 898 ⁵⁹,
1007 864 1042 891 ut
1069 857 1384 902 Carthaginensium
1395 854 1434 898 ⁸⁰,
1464 856 1864 900 Hierosolymitanmum,
1899 854 1991 888 Con—

44 908 413 953 stantinopolitanorum
427 906 460 941 Μ.

209 978 268 1010 21.
323 978 489 1011 Accidunt
517 977 694 1020 unicuique
724 977 802 1021 pedi
831 978 939 1017 arsis,
979 975 1137 1018 illes-58⁰²,
1172 977 1205 1008 id
1241 982 1290 1009 est
1317 976 1406 1010 vocis
1435 976 1576 1009 elevatio
1604 981 1637 1008 et
1662 971 1828 1019 positioffl.
1888 970 1993 1006 Nec⁰⁴

45 1028 131 1060 enim
164 1029 226 1061 iter
253 1029 398 1074 dirigere
426 1035 582 1074 poterunt
609 1029 713 1073 pedes
724 1026 765 1067 ⁶³,
796 1030 853 1062 nisi
876 1031 1001 1062 alterna
1029 1026 1140 1063 viceffl
1166 1028 1316 1062 leventur
1344 1033 1376 1060 et
1404 1034 1570 1072 ponantur
1582 1024 1624 1067 ω,
1652 1033 1688 1059 ut
1718 1037 1824 1058 arma:
1853 1036 1896 1056 m·
1925 1026 1992 1057 ele-

45 1080 133 1111 vatio
166 1085 227 1121 est,
255 1092 316 1114 ma
342 1081 464 1125 positio
475 1078 511 1116 ὗε.
566 1082 602 1113 1η
630 1081 680 1113 his
709 1081 839 1113 (luobus
867 1093 928 1125 per
956 1081 1148 1113 divisionem
1176 1079 1281 1124 pedes
1310 1080 1450 1124 legitimi
1485 1080 1686 1124 colligantur
1698 1075 1731 1110 ⁰⁹.
1793 1078 1911 1119 Aequa
1941 1076 1991 1108 di-

44 1130 124 1164 visio
152 1137 200 1165 est
225 1133 377 1175 quotiens
390 1129 415 1149 ⁷⁰
436 1133 513 1165 arsis
541 1138 574 1165 et
599 1133 700 1165 thesis
728 1133 860 1176 aequali
888 1138 1079 1177 temporum
1107 1132 1267 1166 divisione
1290 1128 1518 1165 caeduntur⁷¹.

210 1200 269 1233 22.

324 1198 491 1245 Dupla⁷²‚
527 1202 679 1244 quotiens
707 1213 746 1233 ex
773 1201 824 1233 his
851 1213 951 1234 unum
965 1198 990 1217 ⁷3
1023 1202 1162 1234 alterum
1197 1197 1341 1244 (ΙιψΙοῃ
1375 1196 1519 1233 vincitffi.
1587 1193 1785 1241 Sescupla⁷⁶
1826 1206 1903 1228 vero
1932 1202 1991 1236 est,

44 1250 198 1293 quotiens
224 1264 327 1286 unum
357 1254 496 1287 alterum
507 1249 531 1269 ⁷⁷
566 1253 722 1297 sescuplo
750 1258 883 1296 superat
897 1249 930 1285 ⁷³.
991 1253 1027 1285 ln
1055 1252 1176 1296 simpla
1202 1253 1289 1284 enim
1318 1248 1420 1283 εἰιιιε79
1454 1255 1550 1294 parte
1577 1260 1678 1281 unum
1711 1249 1786 1292 plus
1815 1246 1991 1279 invenitur:

45 1301 78 1334 in
105 1302 210 1347 dupla
236 1301 373 1337 unum⁸⁰
406 1305 511 1337 minus
547 1304 699 1337 habetur.
753 1299 987 1346 Sescuplum¹ss
1023 1305 1109 1335 enim
1143 1302 1318 1334 dimidium
1353 1298 1487 1344 dupli⁵²
1521 1300 1650 1333 (licitur.
1709 1294 1905 1341 ΤῐίρΙιιιῐιω
1932 1302 1990 1338 est,

45 1355 181 1398 quando
209 1356 314 1389 maior
339 1367 417 1400 pars
428 1352 453 1372 ⁸⁴
476 1361 527 1388 ter
553 1355 699 1388 continet
718 1359 825 1387 totum
853 1354 975 1395 minus,
1002 1353 1036 1386 id
1064 1358 1112 1386 est
1136 1354 1199 1385 tria
1231 1348 1298 1385 et⁸⁵
1329 1363 1440 1385 unum.
1503 1345 1719 1398 Epitritumffi
1752 1354 1817 1390 est,
1853 1349 1989 1392 quando

45 1483 145 1512 breves
160 1484 242 1521 vulg.
265 1500 303 1505 —-
334 1481 381 1523 49)
402 1483 451 1512 Sic
475 1484 505 1512 Z.
529 1483 698 1520 (Paeonas)
721 1483 777 1513 Gu.
797 1485 822 1514 1.
841 1485 869 1514 2.
885 1493 930 1521 pr.
946 1492 992 1513 va.
1037 1496 1079 1502 —
1101 1479 1246 1519 depositio
1265 1480 1298 1509 Ζ.
1317 1480 1354 1508 al.
1376 1489 1422 1518 pr.
1439 1489 1484 1508 va.
1507 1495 1542 1500 -
1567 1480 1615 1515 64)
1635 1477 1684 1505 Sic
1708 1476 1763 1504 Gu.
1783 1479 1808 1506 1.
1835 1492 1874 1498 —
1897 1488 1989 1516 neque

44 1525 97 1556 Ar.
114 1542 154 1547 -·
178 1526 264 1563 Vulg.
289 1527 426 1553 Paeones
449 1531 549 1553 autem
575 1536 594 1552 a
619 1527 737 1553 Paeone
752 1531 844 1564 poeta
868 1535 923 1552 suo
949 1526 994 1553 in-

44 1573 160 1597 ventore
188 1569 290 1596 vocati·
317 1573 398 1596 sunt.
455 1568 599 1606 Sequitur
630 1568 804 1607 explicatio:
848 1568 994 1596 Constant

43 1610 136 1648 (enim
153 1610 221 1641 add.
246 1610 306 1647 va.)
329 1611 390 1649 ipsi
412 1621 446 1637 ex
467 1621 531 1638 una
554 1611 647 1649 longa
673 1617 698 1638 et
721 1611 821 1638 tribus
843 1610 993 1647 brevibus,

44 1663 122 1691 quae
143 1654 237 1692 longa
255 1654 342 1680 iuxta
367 1654 491 1681 nomina
517 1664 617 1682 eoram
640 1655 786 1682 variatim
810 1658 852 1681 est
881 1655 993 1682 con-sti-

41 1700 128 1732 tuta,
153 1706 229 1734 quae
249 1695 332 1724 omisi
354 1695 532 1726 auctoritate
553 1696 644 1724 codd.
663 1697 694 1724 Z.
723 1697 779 1724 Gu.
799 1699 824 1728 1.
846 1698 874 1727 2.
897 1696 933 1724 al.
950 1713 993 1718 —

39 1738 88 1775 50)
106 1738 292 1768 praecedunt
315 1739 406 1776 vulgo
428 1738 518 1768 haec:
541 1739 672 1777 Epitrili
695 1744 831 1778 quotuor
853 1749 885 1768 ex
907 1738 991 1767 ‹liui-

40 1781 124 1809 sione
145 1791 205 1809 sua
232 1782 357 1810 nomina
379 1787 555 1820 acceperunt
579 1787 606 1811 et
627 1781 709 1818 ideo,
743 1791 818 1820 quae
839 1781 924 1809 omisi
947 1792 991 1810 se-

41 1823 172 1852 cundum
187 1823 274 1852 codd.
292 1824 322 1853 Z.
347 1824 403 1853 Gu.
423 1827 449 1855 1.
465 1826 493 1855 2.
516 1834 559 1862 pr.
577 1834 623 1853 va.
646 1841 688 1846 ——-
711 1824 756 1863 51)
770 1824 820 1853 Sic
839 1824 896 1853 Gu.
913 1827 985 1855 1.—

41 1875 72 1893 eo
90 1875 147 1894 om.
163 1866 244 1903 vulg.
269 1882 307 1888 —
330 1867 379 1904 52)
393 1867 440 1895 Sic
455 1867 486 1896 Z.
510 1866 652 1907 (utroque
669 1867 750 1901 loco)
773 1871 802 1896 et
823 1877 868 1906 pr.
884 1877 932 1895 va.
948 1883 989 1889 —

41 1908 189 1945 sinzigiae
216 1909 273 1937 Gu.
299 1912 324 1941 1.
345 1925 387 1931 —
410 1910 588 1948 xzinzzigc'ae
619 1909 676 1938 Gu.
699 1913 729 1942 2.
766 1927 805 1931 —-
845 1911 990 1948 *syzygiae

40 1949 121 1987 vulg.
144 1950 211 1979 Vid.
230 1950 267 1979 ad
285 1961 350 1990 cap.
373 1953 421 1987 16,
444 1957 505 1982 not.
522 1954 572 1984 48.
599 1969 633 1973 —
661 1951 708 1992 53)
725 1952 774 1981 Sic
792 1953 822 1981 Z.
845 1952 902 1981 Gu.
920 1956 944 1983 l.
959 1955 987 1983 2.

41 1990 159 2029 (dicti)
182 1992 232 2021 Ar.
256 2003 303 2022 va.
317 1992 434 2034 (dicti)
450 2011 492 2017 —
508 1994 585 2024 dicti
602 1995 712 2024 omisso
733 2000 760 2024 et
775 1995 855 2032 vulg.
880 2011 919 2015 -
943 1996 986 2032 54)

39 2036 202 2073 ‹synzogiae
221 2035 276 2064 Gu.
292 2038 320 2066 2.
335 2046 380 2074 pr.
394 2053 436 2059 —
453 2039 619 2076 synzugiae
637 2047 682 2066 va.
707 2055 745 2060 ·—
777 2039 824 2075 δᾶ)
843 2038 986 2075 coniuge·

40 2078 135 2107 tiones
153 2078 188 2107 al.
213 2093 256 2099 —
278 2079 322 2117 56)
345 2080 399 2117 qui
425 2080 481 2109 Gu.
498 2083 524 2112 1.
550 2097 589 2103 -—
620 2079 667 2118 57)
683 2081 731 2109 Sic
756 2080 813 2109 Gu.
831 2083 859 2111 1.
876 2080 926 2109 Ar.
948 2098 985 2104 --

40 2119 169 2157 syllabis
182 2120 240 2149 Gu.
256 2122 284 2151 2.
305 2131 351 2159 pr.
374 2131 418 2150 va.
442 2138 484 2144 —
511 2120 557 2161 58)
583 2122 667 2150 Unde
684 2128 710 2150 et
731 2133 791 2152 non
811 2127 925 2161 oportet
941 2132 987 2151 va.

39 2178 74 2183 -—
94 2165 140 2196 59)
161 2162 211 2191 Sic
234 2164 290 2192 Gu.
312 2166 338 2193 1.
353 2179 394 2184 —
416 2163 548 2193 excedere
565 2176 669 2193 nomen
686 2166 768 2203 vulg.
786 2182 825 2187 —·
849 2164 895 2203 60)
907 2165 987 2193 Car-

39 2204 278 2243 thaginiensium
303 2205 340 2234 al.
370 2222 411 2228 -—
439 2207 486 2244 61)
510 2208 816 2236 Hierosolimitarum
838 2209 867 2238 Z.
892 2224 933 2230 —
959 2213 986 2236 ιι

42 2246 200 2276 Constant.
221 2258 277 2278 om.
302 2257 349 2276 va.
364 2265 405 2271 —
423 2254 450 2276 et
477 2249 579 2279 const.
601 2251 699 2289 vulg,
730 2251 781 2279 sed
804 2261 861 2279 om.
884 2260 984 2290 copu-

38 2288 96 2319 lam
125 2295 152 2318 et
174 2290 230 2319 Gu.
255 2293 280 2322 1.
318 2307 356 2311 --
394 2293 441 2328 62)
464 2292 513 2320 Sic
536 2294 593 2321 Gu.
619 2296 646 2324 1.
670 2309 707 2316 --
741 2296 820 2321 arsis
842 2299 868 2321 et
891 2293 984 2321 thesis

38 2332 118 2370 vulg.
133 2349 169 2356 -—
190 2330 238 2372 63)
253 2333 301 2363 Sic
320 2333 375 2364 Gu.
390 2336 415 2364 1.
430 2350 468 2356 -
491 2335 616 2363 elevatio
632 2341 659 2364 et
673 2337 789 2375 positio
806 2337 886 2365 vocis
902 2336 984 2373 vulg.

1036 1523 1118 1561 vulg.
1140 1539 1182 1545 -—
1205 1522 1250 1561 65)
1268 1524 1352 1550 vocis
1374 1520 1469 1561 pedes
1494 1519 1625 1560 (lit-igere
1641 1521 1751 1558 poterit
1773 1519 1803 1548 Z.
1824 1529 1868 1557 pr.
1891 1521 1990 1558 (pote-

1037 1566 1123 1604 νιιηι)
1148 1582 1186 1587 -
1210 1567 1288 1593 inter
1307 1566 1374 1601 (iter
1393 1562 1456 1604 Ar.)
1475 1563 1568 1602 pedes
1585 1563 1716 1601 dirigere
1733 1567 1877 1600 poterunt
1896 1562 1988 1594 Gu.2.

1037 1608 1088 1637 Ar.
1110 1625 1152 1631 —
1175 1610 1252 1636 inler
1275 1610 1355 1636 vocis
1372 1606 1465 1646 pedes
1489 1606 1619 1645 (lit-igere
1637 1610 1781 1645 poterunt
1802 1614 1846 1632 va.
1870 1620 1911 1626 —-
1940 1605 1988 1645 66)

1039 1662 1107 1679 voce
1128 1652 1158 1679 Z.
1187 1670 1224 1674 —
1259 1653 1303 1686 67)
1323 1651 1371 1679 Sic
1393 1651 1447 1681 Gu.
1465 1651 1490 1681 1.
1508 1652 1537 1681 2.
1554 1651 1602 1683 ΑΓ,
1628 1665 1669 1670 --
1693 1646 1885 1686 deponantur
1906 1647 1986 1685 vulg.

1035 1710 1078 1717 -
1104 1698 1148 1728 68)
1165 1693 1312 1732 depositio
1328 1694 1357 1722 Z.
1373 1703 1418 1732 pr.
1440 1702 1486 1723 va.
1509 1710 1552 1715 —
1574 1692 1623 1730 69)
1642 1691 1690 1718 Sic
1708 1690 1764 1720 Gu.
1783 1693 1807 1720 1.
1827 1689 1907 1727 vulg.
1924 1690 1988 1717 col-

1035 1738 1186 1776 liguntur.
1204 1753 1245 1759 -—
1268 1742 1302 1764 ut
1325 1735 1384 1764 duo
1409 1747 1429 1763 cz
1452 1734 1512 1763 duo
1534 1735 1601 1764 add.
1627 1734 1662 1762 al.
1682 1743 1728 1772 pr.
1754 1732 1820 1772 (cul
1835 1732 1915 1768 duo)
1940 1743 1985 1761 va.

1035 1778 1123 1819 (ad).
1135 1795 1177 1801 —-
1200 1779 1301 1811 70)Sic
1321 1780 1377 1807 Gu.
1400 1782 1427 1810 1.
1443 1780 1470 1809 2.
1486 1777 1515 1806 h.
1532 1778 1553 1808 l.
1569 1783 1598 1806 et
1614 1786 1692 1806 mox.
1707 1791 1748 1798 -
1772 1777 1888 1814 quoties
1903 1775 1984 1814 vulg.

1033 1839 1074 1844 —
1096 1823 1144 1860 71)
1160 1823 1222 1861 lege
1239 1823 1423 1857 consistunt,
1448 1826 1482 1848 ut
1500 1819 1559 1849 duo
1576 1826 1601 1849 et
1616 1819 1676 1847 duo
1692 1818 1726 1848 Ζ.
1747 1835 1781 1839 —
1803 1823 1837 1845 ut
1851 1823 1985 1857 quatuor

1033 1876 1053 1892 α
1077 1871 1210 1905 qzzatuor
1234 1865 1270 1893 al.
1295 1881 1335 1887 —
1365 1870 1398 1893 ut
1422 1869 1554 1902 quatuor
1576 1862 1621 1891 cul
1648 1861 1709 1890 duo
1734 1871 1781 1900 pr.
1808 1870 1856 1890 va.
1876 1875 1918 1883 —·
1939 1863 1984 1898 72)

1032 1909 1143 1948 Παρία
1167 1913 1209 1935 est
1234 1908 1266 1936 Z.
1284 1924 1326 1929 —
1350 1908 1488 1946 73)1mus
1504 1916 1550 1934 va.
1576 1925 1613 1929 —-
1632 1904 1681 1943 74)
1701 1902 1799 1942 dupla
1818 1904 1849 1931 Z.
1872 1919 1914 1926 —
1936 1904 1983 1939 75)

1031 1956 1065 1978 ut
1089 1956 1222 1990 quatuor
1245 1950 1289 1978 ml
1309 1949 1370 1978 duo
1399 1948 1465 1978 add.
1493 1949 1524 1978 Z.
1555 1965 1598 1970 —-
1635 1949 1681 1983 76)
1705 1946 1835 1984 Secupla
1862 1944 1891 1974 h.
1915 1946 1933 1974 l.
1955 1950 1984 1975 et

1030 2003 1099 2022 mox
1124 1994 1180 2023 Gu.
1202 1995 1228 2023 1.
1252 2009 1294 2015 -—·
1315 1996 1358 2028 77)
1374 1992 1469 2020 altero
1484 1992 1513 2019 Ζ.
1537 2008 1579 2012 —
1601 1989 1646 2029 78)
1664 1988 1854 2017 dimidietate
1880 1990 1982 2016 mino-

1030 2037 1075 2064 ris
1095 2042 1129 2064 ut
1150 2037 1212 2063 tria
1232 2034 1275 2063 ad
1297 2034 1358 2063 duo
1382 2035 1413 2063 Z.
1439 2034 1475 2062 al.
1502 2043 1548 2075 pr.
1570 2030 1732 2072 (numeris)
1756 2041 1802 2061 va.
1837 2031 1980 2071 (numeri)

1031 2078 1098 2107 add.
1121 2077 1257 2118 (numeri
1280 2088 1337 2117 fro
1361 2078 1491 2105 minoris
1513 2077 1565 2116 al.)
1587 2092 1629 2097 —
1657 2073 1703 2114 79)
1727 2076 1791 2102 eiu-5
1814 2083 1861 2102 om
1884 2074 1915 2103 Z.
1941 2091 1978 2096 -—

1030 2121 1076 2162 80)
1089 2121 1137 2150 Sic
1158 2121 1189 2149 Z.
1212 2121 1269 2149 Gu.
1287 2123 1314 2152 1.
1334 2120 1384 2148 Ar.
1407 2137 1448 2142 —
1472 2130 1552 2147 unus
1575 2120 1677 2147 minus
1701 2117 1757 2145 Gu.
1777 2119 1806 2147 2.
1826 2126 1874 2146 va.
1891 2116 1926 2144 al.
1939 2132 1979 2136 —

1029 2175 1089 2192 uno
1117 2166 1220 2191 minus
1238 2162 1316 2196 vulg.
1339 2179 1381 2185 υ-
1404 2162 1451 2201 81)
1467 2164 1590 2190 Seseum
1607 2162 1656 2190 Ar.
1674 2171 1689 2189 e
1710 2159 1795 2188 libris
1818 2158 1977 2196 longobar-

1029 2206 1111 2236 dicis.
1139 2222 1181 2228 —
1216 2203 1263 2245 82)
1288 2205 1336 2234 Sic
1356 2205 1387 2233 Ζ,
1413 2205 1468 2233 Gu.
1486 2207 1513 2237 1.
1538 2205 1574 2234 al.
1598 2214 1643 2245 pr.
1666 2213 1712 2232 va.
1734 2219 1775 2224 --
1803 2201 1892 2240 dupli
1920 2211 1975 2228 om-

1026 2249 1105 2287 vulg.
1139 2265 1169 2269 -—
1193 2247 1239 2288 83)
1268 2245 1381 2286 Tripla
1405 2249 1436 2276 Z.
1458 2258 1504 2287 pr.
1535 2265 1574 2270 —
1610 2245 1657 2286 84)
1674 2246 1777 2274 maias
1799 2254 1855 2282 pro
1879 2244 1975 2271 maior

1020 2302 1098 2330 pars
1120 2291 1149 2319 ΖΔ
1169 2301 1213 2330 pr.
1235 2300 1282 2319 va.
1315 2306 1356 2312 ——-
1387 2292 1430 2325 85)
1455 2289 1499 2318 ad
1523 2290 1552 2318 Z.
1574 2300 1620 2329 pr.
1643 2299 1690 2318 va.
1716 2303 1753 2308 —
1784 2289 1833 2324 86)
1853 2286 1901 2314 Sic
1918 2285 1972 2312 Gu.

1030 2338 1054 2366 1-
1073 2337 1103 2365 2.
1123 2335 1173 2364 Ar.
1199 2350 1237 2355 —
1260 2334 1399 2372 Epitritcz
1423 2333 1504 2372 vulg.
