<?xml version="1.0" encoding="UTF-8"?>
<!DOCTYPE html PUBLIC "-//W3C//DTD XHTML 1.0 Transitional//EN"
    "http://www.w3.org/TR/xhtml1/DTD/xhtml1-transitional.dtd">
<html xmlns="http://www.w3.org/1999/xhtml" xml:lang="en" lang="en">
 <head>
  <title>
</title>
<meta http-equiv="Content-Type" content="text/html;charset=utf-8" />
  <meta name='ocr-system' content='tesseract 3.04.00' />
  <meta name='ocr-capabilities' content='ocr_page ocr_carea ocr_par ocr_line ocrx_word'/>
</head>
<body>
  <div class='ocr_page' id='page_1' title='image "./corpusgrammatico03linduoft_0168.png"; bbox 0 0 2203 2829; ppageno 0'>
   <div class='ocr_carea' id='block_1_1' title="bbox 204 78 2151 348">
    <p class='ocr_par' dir='ltr' id='par_1_1' title="bbox 204 78 2151 348">
     <span class='ocr_line' id='line_1_1' title="bbox 204 78 1454 123; baseline -0.007 0"><span class='ocrx_word' id='word_1_1' title='bbox 204 87 277 123; x_wconf 86' lang='lat'>150</span> <span class='ocrx_word' id='word_1_2' title='bbox 899 79 1078 115; x_wconf 81' lang='lat' dir='ltr'>ISIDORI</span> <span class='ocrx_word' id='word_1_3' title='bbox 1104 78 1285 114; x_wconf 86' lang='lat' dir='ltr'>HISPAL.</span> <span class='ocrx_word' id='word_1_4' title='bbox 1312 79 1454 114; x_wconf 89' lang='lat' dir='ltr'>EPISC.</span> 
     </span>
     <span class='ocr_line' id='line_1_2' title="bbox 667 173 1685 209; baseline 0.001 -1"><span class='ocrx_word' id='word_1_5' title='bbox 667 173 694 208; x_wconf 86' lang='lat' dir='ltr'>C</span> <span class='ocrx_word' id='word_1_6' title='bbox 722 174 753 207; x_wconf 93' lang='lat' dir='ltr'>A</span> <span class='ocrx_word' id='word_1_7' title='bbox 780 173 818 207; x_wconf 88' lang='lat' dir='ltr'>P.</span> <span class='ocrx_word' id='word_1_8' title='bbox 871 173 966 209; x_wconf 87' lang='lat' dir='ltr'>XlH.</span> <span class='ocrx_word' id='word_1_9' title='bbox 1044 173 1110 207; x_wconf 83' lang='lat' dir='ltr'>De</span> <span class='ocrx_word' id='word_1_10' title='bbox 1151 173 1318 208; x_wconf 75' lang='lat' dir='ltr'>initio</span> <span class='ocrx_word' id='word_1_11' title='bbox 1356 173 1685 209; x_wconf 74' lang='lat' dir='ltr'>Medicinae.</span> 
     </span>
     <span class='ocr_line' id='line_1_3' title="bbox 368 247 2151 295; baseline -0.001 -9"><span class='ocrx_word' id='word_1_12' title='bbox 368 255 404 289; x_wconf 87' lang='lat' dir='ltr'>l.</span> <span class='ocrx_word' id='word_1_13' title='bbox 457 252 636 295; x_wconf 83' lang='lat' dir='ltr'>Quaeritur</span> <span class='ocrx_word' id='word_1_14' title='bbox 664 263 682 283; x_wconf 88' lang='lat' dir='ltr'>a</span> <span class='ocrx_word' id='word_1_15' title='bbox 709 251 927 295; x_wconf 86' lang='lat' dir='ltr'>quibusdam,</span> <span class='ocrx_word' id='word_1_16' title='bbox 956 247 1036 284; x_wconf 88' lang='lat' dir='ltr'>cur¹</span> <span class='ocrx_word' id='word_1_17' title='bbox 1063 251 1147 283; x_wconf 89' lang='lat' dir='ltr'>inter</span> <span class='ocrx_word' id='word_1_18' title='bbox 1174 250 1365 295; x_wconf 83' lang='lat' dir='ltr'>disciplinas</span> <span class='ocrx_word' id='word_1_19' title='bbox 1388 255 1534 283; x_wconf 81' lang='lat' dir='ltr'>caeteras</span> <span class='ocrx_word' id='word_1_20' title='bbox 1562 248 1739 284; x_wconf 83' lang='lat' dir='ltr'>liberales2</span> <span class='ocrx_word' id='word_1_21' title='bbox 1766 251 1959 284; x_wconf 84' lang='lat' dir='ltr'>Medicinae</span> <span class='ocrx_word' id='word_1_22' title='bbox 1987 250 2059 285; x_wconf 72' lang='lat' dir='ltr'>ars3</span> <span class='ocrx_word' id='word_1_23' title='bbox 2085 265 2151 287; x_wconf 90' lang='lat' dir='ltr'>non</span> 
     </span>
     <span class='ocr_line' id='line_1_4' title="bbox 204 301 2150 348; baseline -0.003 -5"><span class='ocrx_word' id='word_1_24' title='bbox 204 309 419 344; x_wconf 87' lang='lat' dir='ltr'>contineatur.</span> <span class='ocrx_word' id='word_1_25' title='bbox 471 306 672 348; x_wconf 82' lang='lat' dir='ltr'><strong>Propterea,</strong></span> <span class='ocrx_word' id='word_1_26' title='bbox 699 303 777 346; x_wconf 88' lang='lat' dir='ltr'>quia</span> <span class='ocrx_word' id='word_1_27' title='bbox 803 303 882 336; x_wconf 89' lang='lat' dir='ltr'>illae</span> <span class='ocrx_word' id='word_1_28' title='bbox 909 303 1095 348; x_wconf 81' lang='lat' dir='ltr'>singulares</span> <span class='ocrx_word' id='word_1_29' title='bbox 1114 302 1283 336; x_wconf 83' lang='lat' dir='ltr'>continent</span> <span class='ocrx_word' id='word_1_30' title='bbox 1299 313 1430 343; x_wconf 79' lang='lat' dir='ltr'>causas,</span> <span class='ocrx_word' id='word_1_31' title='bbox 1457 301 1518 334; x_wconf 83' lang='lat' dir='ltr'>ista</span> <span class='ocrx_word' id='word_1_32' title='bbox 1545 314 1625 335; x_wconf 87' lang='lat' dir='ltr'>vero</span> <span class='ocrx_word' id='word_1_33' title='bbox 1653 303 1811 336; x_wconf 90' lang='lat' dir='ltr'>omnium.</span> <span class='ocrx_word' id='word_1_34' title='bbox 1864 304 1952 336; x_wconf 89' lang='lat' dir='ltr'>Nam</span> <span class='ocrx_word' id='word_1_35' title='bbox 1976 311 2008 337; x_wconf 89' lang='lat' dir='ltr'>et</span> <span class='ocrx_word' id='word_1_36' title='bbox 2025 305 2150 338; x_wconf 86' lang='lat' dir='ltr'>Gram-</span> 
     </span>
    </p>
   </div>
   <div class='ocr_carea' id='block_1_2' title="bbox 204 351 2153 766">
    <p class='ocr_par' dir='ltr' id='par_1_2' title="bbox 205 351 1754 399">
     <span class='ocr_line' id='line_1_5' title="bbox 205 351 1754 399; baseline -0.005 -4"><span class='ocrx_word' id='word_1_37' title='bbox 205 362 361 395; x_wconf 89' lang='lat' dir='ltr'>maticam</span> <span class='ocrx_word' id='word_1_38' title='bbox 388 356 536 391; x_wconf 87' lang='lat' dir='ltr'>medicus</span> <span class='ocrx_word' id='word_1_39' title='bbox 563 355 645 387; x_wconf 82' lang='lat' dir='ltr'>scire</span> <span class='ocrx_word' id='word_1_40' title='bbox 673 351 816 394; x_wconf 74' lang='lat' dir='ltr'>debet⁴,</span> <span class='ocrx_word' id='word_1_41' title='bbox 843 360 878 388; x_wconf 92' lang='lat' dir='ltr'>ut</span> <span class='ocrx_word' id='word_1_42' title='bbox 905 355 1095 399; x_wconf 84' lang='lat' dir='ltr'>intelligere</span> <span class='ocrx_word' id='word_1_43' title='bbox 1122 355 1174 386; x_wconf 80' lang='lat' dir='ltr'>vel</span> <span class='ocrx_word' id='word_1_44' title='bbox 1202 365 1371 398; x_wconf 84' lang='lat' dir='ltr'>exponere</span> <span class='ocrx_word' id='word_1_45' title='bbox 1398 354 1522 397; x_wconf 82' lang='lat' dir='ltr'>possit,</span> <span class='ocrx_word' id='word_1_46' title='bbox 1549 365 1635 397; x_wconf 87' lang='lat' dir='ltr'>quae</span> <span class='ocrx_word' id='word_1_47' title='bbox 1663 355 1754 399; x_wconf 84' lang='lat' dir='ltr'>legit.</span> 
     </span>
    </p>

    <p class='ocr_par' dir='ltr' id='par_1_3' title="bbox 204 405 2150 554">
     <span class='ocr_line' id='line_1_6' title="bbox 368 405 2150 450; baseline -0.001 -8"><span class='ocrx_word' id='word_1_48' title='bbox 368 409 400 442; x_wconf 90' lang='lat'>2.</span> <span class='ocrx_word' id='word_1_49' title='bbox 453 406 610 440; x_wconf 85' lang='lat' dir='ltr'>Similiter</span> <span class='ocrx_word' id='word_1_50' title='bbox 638 409 670 438; x_wconf 87' lang='lat' dir='ltr'>et</span> <span class='ocrx_word' id='word_1_51' title='bbox 698 406 932 446; x_wconf 86' lang='lat' dir='ltr'>Rhetoricam,</span> <span class='ocrx_word' id='word_1_52' title='bbox 960 412 996 438; x_wconf 90' lang='lat' dir='ltr'>ut</span> <span class='ocrx_word' id='word_1_53' title='bbox 1022 406 1193 438; x_wconf 87' lang='lat' dir='ltr'>veracibus</span> <span class='ocrx_word' id='word_1_54' title='bbox 1220 405 1423 450; x_wconf 77' lang='lat' dir='ltr'>argumentis</span> <span class='ocrx_word' id='word_1_55' title='bbox 1449 405 1558 438; x_wconf 82' lang='lat' dir='ltr'>valeat</span> <span class='ocrx_word' id='word_1_56' title='bbox 1585 405 1748 447; x_wconf 78' lang='lat' dir='ltr'>diffinire,</span> <span class='ocrx_word' id='word_1_57' title='bbox 1782 416 1870 448; x_wconf 84' lang='lat' dir='ltr'>quae</span> <span class='ocrx_word' id='word_1_58' title='bbox 1894 410 2029 446; x_wconf 82' lang='lat' dir='ltr'>tractat3</span> <span class='ocrx_word' id='word_1_59' title='bbox 2071 418 2150 441; x_wconf 87' lang='lat' dir='ltr'>nec-</span> 
     </span>
     <span class='ocr_line' id='line_1_7' title="bbox 204 456 2150 502; baseline -0.003 -4"><span class='ocrx_word' id='word_1_60' title='bbox 204 474 271 498; x_wconf 94' lang='lat' dir='ltr'>non</span> <span class='ocrx_word' id='word_1_61' title='bbox 298 467 331 495; x_wconf 90' lang='lat' dir='ltr'>et</span> <span class='ocrx_word' id='word_1_62' title='bbox 356 458 572 492; x_wconf 89' lang='lat' dir='ltr'>Dialecticam</span> <span class='ocrx_word' id='word_1_63' title='bbox 599 463 739 502; x_wconf 89' lang='lat' dir='ltr'>propter</span> <span class='ocrx_word' id='word_1_64' title='bbox 765 458 990 490; x_wconf 83' lang='lat' dir='ltr'>infirmitatum</span> <span class='ocrx_word' id='word_1_65' title='bbox 1012 468 1125 491; x_wconf 82' lang='lat' dir='ltr'>causas</span> <span class='ocrx_word' id='word_1_66' title='bbox 1150 458 1277 489; x_wconf 87' lang='lat' dir='ltr'>ratione</span> <span class='ocrx_word' id='word_1_67' title='bbox 1305 457 1456 489; x_wconf 88' lang='lat' dir='ltr'>adhibita</span> <span class='ocrx_word' id='word_1_68' title='bbox 1478 458 1734 501; x_wconf 81' lang='lat' dir='ltr'>perscrutandas</span> <span class='ocrx_word' id='word_1_69' title='bbox 1756 462 1856 500; x_wconf 82' lang='lat' dir='ltr'>atque</span> <span class='ocrx_word' id='word_1_70' title='bbox 1883 458 2117 492; x_wconf 87' lang='lat' dir='ltr'>custodiendas</span> <span class='ocrx_word' id='word_1_71' title='bbox 2128 456 2150 494; x_wconf 78' lang='lat'>⁵.</span> 
     </span>
     <span class='ocr_line' id='line_1_8' title="bbox 205 505 1970 554; baseline -0.005 -5"><span class='ocrx_word' id='word_1_72' title='bbox 205 516 263 549; x_wconf 89' lang='lat' dir='ltr'>Sic</span> <span class='ocrx_word' id='word_1_73' title='bbox 297 519 331 546; x_wconf 89' lang='lat' dir='ltr'>et</span> <span class='ocrx_word' id='word_1_74' title='bbox 354 509 609 545; x_wconf 88' lang='lat' dir='ltr'>Arithmeticam</span> <span class='ocrx_word' id='word_1_75' title='bbox 636 514 777 554; x_wconf 89' lang='lat' dir='ltr'>propter</span> <span class='ocrx_word' id='word_1_76' title='bbox 803 507 1001 543; x_wconf 71' lang='lat' dir='ltr'>numerum⁶</span> <span class='ocrx_word' id='word_1_77' title='bbox 1028 509 1189 542; x_wconf 90' lang='lat' dir='ltr'>horarum</span> <span class='ocrx_word' id='word_1_78' title='bbox 1216 509 1248 541; x_wconf 94' lang='lat' dir='ltr'>in</span> <span class='ocrx_word' id='word_1_79' title='bbox 1275 505 1542 542; x_wconf 62' lang='lat' dir='ltr'>accessionibus*</span> <span class='ocrx_word' id='word_1_80' title='bbox 1570 514 1602 542; x_wconf 91' lang='lat' dir='ltr'>et</span> <span class='ocrx_word' id='word_1_81' title='bbox 1628 510 1776 554; x_wconf 87' lang='lat' dir='ltr'>periodis</span> <span class='ocrx_word' id='word_1_82' title='bbox 1803 509 1933 542; x_wconf 87' lang='lat' dir='ltr'>dierum</span> <span class='ocrx_word' id='word_1_83' title='bbox 1946 506 1970 544; x_wconf 67' lang='lat'>⁸,</span> 
     </span>
    </p>

    <p class='ocr_par' dir='ltr' id='par_1_4' title="bbox 204 557 2153 766">
     <span class='ocr_line' id='line_1_9' title="bbox 369 557 2152 605; baseline 0 -11"><span class='ocrx_word' id='word_1_84' title='bbox 369 562 402 594; x_wconf 83' lang='lat'>3.</span> <span class='ocrx_word' id='word_1_85' title='bbox 455 562 532 595; x_wconf 90' lang='lat' dir='ltr'>Non</span> <span class='ocrx_word' id='word_1_86' title='bbox 559 561 654 594; x_wconf 85' lang='lat' dir='ltr'>aliter</span> <span class='ocrx_word' id='word_1_87' title='bbox 677 567 709 594; x_wconf 91' lang='lat' dir='ltr'>et</span> <span class='ocrx_word' id='word_1_88' title='bbox 736 557 988 594; x_wconf 83' lang='lat' dir='ltr'>Geometriam⁹</span> <span class='ocrx_word' id='word_1_89' title='bbox 1007 566 1149 605; x_wconf 90' lang='lat' dir='ltr'>propter</span> <span class='ocrx_word' id='word_1_90' title='bbox 1179 561 1355 604; x_wconf 87' lang='lat' dir='ltr'>qualitates</span> <span class='ocrx_word' id='word_1_91' title='bbox 1368 557 1391 576; x_wconf 85' lang='lat'>¹⁰</span> <span class='ocrx_word' id='word_1_92' title='bbox 1418 561 1616 604; x_wconf 80' lang='lat' dir='ltr'>regionum,</span> <span class='ocrx_word' id='word_1_93' title='bbox 1650 566 1682 594; x_wconf 79' lang='lat' dir='ltr'>et</span> <span class='ocrx_word' id='word_1_94' title='bbox 1710 563 1861 595; x_wconf 89' lang='lat' dir='ltr'>locorum</span> <span class='ocrx_word' id='word_1_95' title='bbox 1889 561 1982 603; x_wconf 84' lang='lat' dir='ltr'>situs,</span> <span class='ocrx_word' id='word_1_96' title='bbox 2016 562 2050 594; x_wconf 90' lang='lat' dir='ltr'>in</span> <span class='ocrx_word' id='word_1_97' title='bbox 2076 562 2152 605; x_wconf 89' lang='lat' dir='ltr'>qui-</span> 
     </span>
     <span class='ocr_line' id='line_1_10' title="bbox 204 609 2152 657; baseline -0.002 -7"><span class='ocrx_word' id='word_1_98' title='bbox 204 619 266 650; x_wconf 88' lang='lat' dir='ltr'>bus</span> <span class='ocrx_word' id='word_1_99' title='bbox 288 616 432 655; x_wconf 85' lang='lat' dir='ltr'>doceat,</span> <span class='ocrx_word' id='word_1_100' title='bbox 471 613 553 657; x_wconf 90' lang='lat' dir='ltr'>quid</span> <span class='ocrx_word' id='word_1_101' title='bbox 585 609 757 656; x_wconf 86' lang='lat' dir='ltr'>quisque¹¹</span> <span class='ocrx_word' id='word_1_102' title='bbox 802 614 979 647; x_wconf 81' lang='lat' dir='ltr'>observare</span> <span class='ocrx_word' id='word_1_103' title='bbox 1007 617 1165 657; x_wconf 88' lang='lat' dir='ltr'>oporteat</span> <span class='ocrx_word' id='word_1_104' title='bbox 1178 609 1208 645; x_wconf 82' lang='lat'>¹².</span> <span class='ocrx_word' id='word_1_105' title='bbox 1287 613 1394 644; x_wconf 84' lang='lat' dir='ltr'>Porro</span> <span class='ocrx_word' id='word_1_106' title='bbox 1432 611 1564 645; x_wconf 76' lang='lat' dir='ltr'>MusIca</span> <span class='ocrx_word' id='word_1_107' title='bbox 1591 613 1761 657; x_wconf 87' lang='lat' dir='ltr'>incognita</span> <span class='ocrx_word' id='word_1_108' title='bbox 1786 612 1835 645; x_wconf 88' lang='lat' dir='ltr'>illi</span> <span class='ocrx_word' id='word_1_109' title='bbox 1861 624 1927 645; x_wconf 92' lang='lat' dir='ltr'>non</span> <span class='ocrx_word' id='word_1_110' title='bbox 1956 613 2034 653; x_wconf 89' lang='lat' dir='ltr'>erit,</span> <span class='ocrx_word' id='word_1_111' title='bbox 2076 624 2152 646; x_wconf 90' lang='lat' dir='ltr'>nam</span> 
     </span>
     <span class='ocr_line' id='line_1_11' title="bbox 204 661 2153 709; baseline -0.002 -8"><span class='ocrx_word' id='word_1_112' title='bbox 204 668 310 702; x_wconf 89' lang='lat' dir='ltr'>multa</span> <span class='ocrx_word' id='word_1_113' title='bbox 337 670 427 705; x_wconf 85' lang='lat' dir='ltr'>sunt,</span> <span class='ocrx_word' id='word_1_114' title='bbox 454 676 541 708; x_wconf 89' lang='lat' dir='ltr'>quae</span> <span class='ocrx_word' id='word_1_115' title='bbox 563 665 596 697; x_wconf 91' lang='lat' dir='ltr'>in</span> <span class='ocrx_word' id='word_1_116' title='bbox 622 661 764 709; x_wconf 81' lang='lat' dir='ltr'>aegris¹³</span> <span class='ocrx_word' id='word_1_117' title='bbox 784 663 975 698; x_wconf 80' lang='lat' dir='ltr'>hominibus</span> <span class='ocrx_word' id='word_1_118' title='bbox 1002 676 1063 708; x_wconf 87' lang='lat' dir='ltr'>per</span> <span class='ocrx_word' id='word_1_119' title='bbox 1086 664 1173 696; x_wconf 88' lang='lat' dir='ltr'>hanc</span> <span class='ocrx_word' id='word_1_120' title='bbox 1201 663 1411 707; x_wconf 78' lang='lat' dir='ltr'>disciplinam</span> <span class='ocrx_word' id='word_1_121' title='bbox 1438 664 1528 696; x_wconf 86' lang='lat' dir='ltr'>facta</span> <span class='ocrx_word' id='word_1_122' title='bbox 1554 664 1728 708; x_wconf 87' lang='lat' dir='ltr'>leguntur,</span> <span class='ocrx_word' id='word_1_123' title='bbox 1763 664 1844 697; x_wconf 87' lang='lat' dir='ltr'>sicut</span> <span class='ocrx_word' id='word_1_124' title='bbox 1882 664 1925 697; x_wconf 88' lang='lat' dir='ltr'>de</span> <span class='ocrx_word' id='word_1_125' title='bbox 1960 664 2069 697; x_wconf 78' lang='lat' dir='ltr'>David</span> <span class='ocrx_word' id='word_1_126' title='bbox 2101 665 2153 698; x_wconf 88' lang='lat' dir='ltr'>le-</span> 
     </span>
     <span class='ocr_line' id='line_1_12' title="bbox 205 712 2153 766; baseline -0.002 -14"><span class='ocrx_word' id='word_1_127' title='bbox 205 721 294 766; x_wconf 85' lang='lat' dir='ltr'>gitur</span> <span class='ocrx_word' id='word_1_128' title='bbox 308 715 341 760; x_wconf 80' lang='lat'>¹⁴,</span> <span class='ocrx_word' id='word_1_129' title='bbox 369 717 426 761; x_wconf 90' lang='lat' dir='ltr'>qui</span> <span class='ocrx_word' id='word_1_130' title='bbox 439 714 462 734; x_wconf 81' lang='lat'>¹⁵</span> <span class='ocrx_word' id='word_1_131' title='bbox 492 717 534 749; x_wconf 92' lang='lat' dir='ltr'>ab</span> <span class='ocrx_word' id='word_1_132' title='bbox 547 712 570 733; x_wconf 76' lang='lat'>¹⁰</span> <span class='ocrx_word' id='word_1_133' title='bbox 597 716 712 760; x_wconf 84' lang='lat' dir='ltr'>spiritu</span> <span class='ocrx_word' id='word_1_134' title='bbox 740 716 913 749; x_wconf 90' lang='lat' dir='ltr'>immundo</span> <span class='ocrx_word' id='word_1_135' title='bbox 943 716 1079 749; x_wconf 83' lang='lat' dir='ltr'>Saulem</span> <span class='ocrx_word' id='word_1_136' title='bbox 1111 720 1180 747; x_wconf 87' lang='lat' dir='ltr'>arte</span> <span class='ocrx_word' id='word_1_137' title='bbox 1207 715 1444 747; x_wconf 80' lang='lat' dir='ltr'>modulationis</span> <span class='ocrx_word' id='word_1_138' title='bbox 1471 716 1601 760; x_wconf 81' lang='lat' dir='ltr'>eripuit.</span> <span class='ocrx_word' id='word_1_139' title='bbox 1640 715 1857 760; x_wconf 81' lang='lat' dir='ltr'>Asclepiades</span> <span class='ocrx_word' id='word_1_140' title='bbox 1883 727 2019 759; x_wconf 89' lang='lat' dir='ltr'>quoque</span> <span class='ocrx_word' id='word_1_141' title='bbox 2046 716 2153 749; x_wconf 85' lang='lat' dir='ltr'>medi-</span> 
     </span>
    </p>
   </div>
   <div class='ocr_carea' id='block_1_3' title="bbox 204 767 2153 863">
    <p class='ocr_par' dir='ltr' id='par_1_5' title="bbox 204 767 2153 863">
     <span class='ocr_line' id='line_1_13' title="bbox 204 767 1584 812; baseline -0.004 -8"><span class='ocrx_word' id='word_1_142' title='bbox 204 783 262 806; x_wconf 84' lang='lat' dir='ltr'>cus</span> <span class='ocrx_word' id='word_1_143' title='bbox 291 769 531 803; x_wconf 82' lang='lat' dir='ltr'>PhrenetiCum</span> <span class='ocrx_word' id='word_1_144' title='bbox 559 767 727 811; x_wconf 88' lang='lat' dir='ltr'>quendam</span> <span class='ocrx_word' id='word_1_145' title='bbox 755 779 816 812; x_wconf 89' lang='lat' dir='ltr'>per</span> <span class='ocrx_word' id='word_1_146' title='bbox 835 768 1069 812; x_wconf 77' lang='lat' dir='ltr'>symphoniam</span> <span class='ocrx_word' id='word_1_147' title='bbox 1098 767 1254 811; x_wconf 80' lang='lat' dir='ltr'>pristinae</span> <span class='ocrx_word' id='word_1_148' title='bbox 1281 767 1409 799; x_wconf 87' lang='lat' dir='ltr'>sanitati</span> <span class='ocrx_word' id='word_1_149' title='bbox 1438 768 1584 800; x_wconf 81' lang='lat' dir='ltr'>restituit.</span> 
     </span>
     <span class='ocr_line' id='line_1_14' title="bbox 368 818 2153 863; baseline -0.001 -10"><span class='ocrx_word' id='word_1_150' title='bbox 368 820 403 853; x_wconf 74' lang='lat'>4.</span> <span class='ocrx_word' id='word_1_151' title='bbox 455 820 631 853; x_wconf 86' lang='lat' dir='ltr'>Postremo</span> <span class='ocrx_word' id='word_1_152' title='bbox 658 823 691 852; x_wconf 92' lang='lat' dir='ltr'>et</span> <span class='ocrx_word' id='word_1_153' title='bbox 717 821 962 853; x_wconf 82' lang='lat' dir='ltr'>Astronomiam</span> <span class='ocrx_word' id='word_1_154' title='bbox 988 823 1100 851; x_wconf 89' lang='lat' dir='ltr'>notam</span> <span class='ocrx_word' id='word_1_155' title='bbox 1129 818 1284 859; x_wconf 79' lang='lat' dir='ltr'>habebit,</span> <span class='ocrx_word' id='word_1_156' title='bbox 1313 830 1373 863; x_wconf 91' lang='lat' dir='ltr'>per</span> <span class='ocrx_word' id='word_1_157' title='bbox 1398 830 1497 862; x_wconf 86' lang='lat' dir='ltr'>quam</span> <span class='ocrx_word' id='word_1_158' title='bbox 1523 818 1772 863; x_wconf 85' lang='lat' dir='ltr'>contempletur</span> <span class='ocrx_word' id='word_1_159' title='bbox 1799 819 1962 851; x_wconf 89' lang='lat' dir='ltr'>rationem</span> <span class='ocrx_word' id='word_1_160' title='bbox 1989 824 2153 852; x_wconf 77' lang='lat' dir='ltr'>astrorum</span> 
     </span>
    </p>
   </div>
   <div class='ocr_carea' id='block_1_4' title="bbox 205 868 725 969">
    <p class='ocr_par' dir='ltr' id='par_1_6' title="bbox 205 868 725 969">
     <span class='ocr_line' id='line_1_15' title="bbox 206 868 723 915; baseline -0.014 -6"><span class='ocrx_word' id='word_1_161' title='bbox 206 880 239 909; x_wconf 84' lang='lat' dir='ltr'>et</span> <span class='ocrx_word' id='word_1_162' title='bbox 264 872 460 907; x_wconf 90' lang='lat' dir='ltr'>mutationes</span> <span class='ocrx_word' id='word_1_163' title='bbox 471 868 495 887; x_wconf 84' lang='lat'>¹⁷</span> <span class='ocrx_word' id='word_1_164' title='bbox 522 875 723 915; x_wconf 88' lang='lat' dir='ltr'>temporum.</span> 
     </span>
     <span class='ocr_line' id='line_1_16' title="bbox 205 927 725 969; baseline -0.008 -10"><span class='ocrx_word' id='word_1_165' title='bbox 205 932 271 960; x_wconf 82' lang='lat' dir='ltr'>stra</span> <span class='ocrx_word' id='word_1_166' title='bbox 298 935 446 969; x_wconf 85' lang='lat' dir='ltr'>corpora</span> <span class='ocrx_word' id='word_1_167' title='bbox 470 927 725 956; x_wconf 85' lang='lat' dir='ltr'>commutantur.</span> 
     </span>
    </p>
   </div>
   <div class='ocr_carea' id='block_1_5' title="bbox 371 972 1548 1017">
    <p class='ocr_par' dir='ltr' id='par_1_7' title="bbox 371 972 1548 1017">
     <span class='ocr_line' id='line_1_17' title="bbox 371 972 1548 1017; baseline -0.003 -9"><span class='ocrx_word' id='word_1_168' title='bbox 371 974 405 1008; x_wconf 88' lang='lat'>5.</span> <span class='ocrx_word' id='word_1_169' title='bbox 459 975 548 1008; x_wconf 91' lang='lat' dir='ltr'>Hinc</span> <span class='ocrx_word' id='word_1_170' title='bbox 575 979 639 1015; x_wconf 87' lang='lat' dir='ltr'>est,</span> <span class='ocrx_word' id='word_1_171' title='bbox 667 973 759 1017; x_wconf 91' lang='lat' dir='ltr'>quod</span> <span class='ocrx_word' id='word_1_172' title='bbox 784 974 954 1007; x_wconf 84' lang='lat' dir='ltr'>Medicina</span> <span class='ocrx_word' id='word_1_173' title='bbox 983 973 1129 1007; x_wconf 86' lang='lat' dir='ltr'>secunda</span> <span class='ocrx_word' id='word_1_174' title='bbox 1163 972 1389 1017; x_wconf 77' lang='lat' dir='ltr'>Philosophia</span> <span class='ocrx_word' id='word_1_175' title='bbox 1417 973 1548 1008; x_wconf 86' lang='lat' dir='ltr'>dicitur.</span> 
     </span>
    </p>
   </div>
   <div class='ocr_carea' id='block_1_6' title="bbox 205 1023 783 1062">
    <p class='ocr_par' dir='ltr' id='par_1_8' title="bbox 205 1023 783 1062">
     <span class='ocr_line' id='line_1_18' title="bbox 205 1023 783 1062; baseline -0.007 0"><span class='ocrx_word' id='word_1_176' title='bbox 205 1034 276 1062; x_wconf 90' lang='lat' dir='ltr'>tum</span> <span class='ocrx_word' id='word_1_177' title='bbox 302 1027 472 1060; x_wconf 89' lang='lat' dir='ltr'>hominem</span> <span class='ocrx_word' id='word_1_178' title='bbox 499 1023 593 1059; x_wconf 68' lang='lat' dir='ltr'>sibilu</span> <span class='ocrx_word' id='word_1_179' title='bbox 619 1026 783 1059; x_wconf 82' lang='lat' dir='ltr'>vendicat.</span> 
     </span>
    </p>
   </div>
   <div class='ocr_carea' id='block_1_7' title="bbox 878 1290 1129 1334">
    <p class='ocr_par' dir='ltr' id='par_1_9' title="bbox 878 1290 1129 1334">
     <span class='ocr_line' id='line_1_19' title="bbox 878 1290 1129 1334; baseline -0.008 0"><span class='ocrx_word' id='word_1_180' title='bbox 878 1290 1129 1334; x_wconf 83' lang='lat' dir='ltr'>LIB</span> 
     </span>
    </p>
   </div>
   <div class='ocr_carea' id='block_1_8' title="bbox 673 1402 900 1437">
    <p class='ocr_par' dir='ltr' id='par_1_10' title="bbox 673 1402 900 1437">
     <span class='ocr_line' id='line_1_20' title="bbox 673 1402 900 1437; baseline -0.013 0"><span class='ocrx_word' id='word_1_181' title='bbox 673 1403 823 1437; x_wconf 86' lang='lat' dir='ltr'>CAP.</span> <span class='ocrx_word' id='word_1_182' title='bbox 876 1402 900 1434; x_wconf 92' lang='grc'>1.</span> 
     </span>
    </p>
   </div>
   <div class='ocr_carea' id='block_1_9' title="bbox 317 1477 1435 1577">
    <p class='ocr_par' dir='ltr' id='par_1_11' title="bbox 317 1477 1435 1577">
     <span class='ocr_line' id='line_1_21' title="bbox 375 1477 1192 1527; baseline -0.002 -13"><span class='ocrx_word' id='word_1_183' title='bbox 375 1482 408 1515; x_wconf 86' lang='lat' dir='ltr'>l.</span> <span class='ocrx_word' id='word_1_184' title='bbox 462 1481 598 1525; x_wconf 80' lang='lat' dir='ltr'>Moyses</span> <span class='ocrx_word' id='word_1_185' title='bbox 626 1479 765 1527; x_wconf 85' lang='lat' dir='ltr'>gentis²¹</span> <span class='ocrx_word' id='word_1_186' title='bbox 793 1477 1016 1514; x_wconf 80' lang='lat' dir='ltr'>Hebraicae²²</span> <span class='ocrx_word' id='word_1_187' title='bbox 1043 1478 1192 1524; x_wconf 78' lang='lat' dir='ltr'>primus²</span> 
     </span>
     <span class='ocr_line' id='line_1_22' title="bbox 317 1532 1435 1577; baseline -0.002 -10"><span class='ocrx_word' id='word_1_188' title='bbox 317 1534 488 1567; x_wconf 89' lang='lat' dir='ltr'>Poroneus</span> <span class='ocrx_word' id='word_1_189' title='bbox 515 1545 571 1566; x_wconf 82' lang='lat' dir='ltr'>rex</span> <span class='ocrx_word' id='word_1_190' title='bbox 599 1533 738 1567; x_wconf 84' lang='lat' dir='ltr'>Graecis</span> <span class='ocrx_word' id='word_1_191' title='bbox 765 1533 891 1577; x_wconf 82' lang='lat' dir='ltr'>primus</span> <span class='ocrx_word' id='word_1_192' title='bbox 918 1533 1011 1577; x_wconf 84' lang='lat' dir='ltr'>leges</span> <span class='ocrx_word' id='word_1_193' title='bbox 1041 1532 1230 1575; x_wconf 79' lang='lat' dir='ltr'>iudiciaque</span> <span class='ocrx_word' id='word_1_194' title='bbox 1258 1532 1435 1565; x_wconf 72' lang='lat' dir='ltr'>constituit.</span> 
     </span>
    </p>
   </div>
   <div class='ocr_carea' id='block_1_10' title="bbox 210 1535 265 1569">
    <p class='ocr_par' dir='ltr' id='par_1_12' title="bbox 210 1535 265 1569">
     <span class='ocr_line' id='line_1_23' title="bbox 210 1535 265 1569; baseline -0.036 0"><span class='ocrx_word' id='word_1_195' title='bbox 210 1535 265 1569; x_wconf 90' lang='lat' dir='ltr'>vit.</span> 
     </span>
    </p>
   </div>
   <div class='ocr_carea' id='block_1_11' title="bbox 1194 1478 1206 1497">
    <p class='ocr_par' dir='ltr' id='par_1_13' title="bbox 1194 1478 1206 1497">
     <span class='ocr_line' id='line_1_24' title="bbox 1194 1478 1206 1497; baseline 0 0"><span class='ocrx_word' id='word_1_196' title='bbox 1194 1478 1206 1497; x_wconf 76' lang='lat'><strong>3</strong></span> 
     </span>
    </p>
   </div>
   <div class='ocr_carea' id='block_1_12' title="bbox 777 867 2153 915">
    <p class='ocr_par' dir='ltr' id='par_1_14' title="bbox 777 867 2153 915">
     <span class='ocr_line' id='line_1_25' title="bbox 777 867 2153 915; baseline -0.001 -11"><span class='ocrx_word' id='word_1_197' title='bbox 777 872 862 904; x_wconf 86' lang='lat' dir='ltr'>Nam</span> <span class='ocrx_word' id='word_1_198' title='bbox 891 873 974 906; x_wconf 87' lang='lat' dir='ltr'>sicut</span> <span class='ocrx_word' id='word_1_199' title='bbox 1000 871 1044 903; x_wconf 86' lang='lat' dir='ltr'>ait</span> <span class='ocrx_word' id='word_1_200' title='bbox 1071 870 1208 914; x_wconf 89' lang='lat' dir='ltr'>quidam</span> <span class='ocrx_word' id='word_1_201' title='bbox 1220 867 1244 886; x_wconf 67' lang='lat'>¹⁸</span> <span class='ocrx_word' id='word_1_202' title='bbox 1272 870 1499 911; x_wconf 87' lang='lat' dir='ltr'>medicorum,</span> <span class='ocrx_word' id='word_1_203' title='bbox 1528 882 1603 904; x_wconf 91' lang='lat' dir='ltr'>cum</span> <span class='ocrx_word' id='word_1_204' title='bbox 1632 871 1780 915; x_wconf 88' lang='lat' dir='ltr'>ipsorum</span> <span class='ocrx_word' id='word_1_205' title='bbox 1808 870 2020 913; x_wconf 86' lang='lat' dir='ltr'>qualitatibus</span> <span class='ocrx_word' id='word_1_206' title='bbox 2037 875 2068 903; x_wconf 91' lang='lat' dir='ltr'>et</span> <span class='ocrx_word' id='word_1_207' title='bbox 2091 882 2153 903; x_wconf 91' lang='lat' dir='ltr'>no-</span> 
     </span>
    </p>
   </div>
   <div class='ocr_carea' id='block_1_13' title="bbox 1604 972 2154 1016">
    <p class='ocr_par' dir='ltr' id='par_1_15' title="bbox 1604 972 2154 1016">
     <span class='ocr_line' id='line_1_26' title="bbox 1604 972 2154 1016; baseline 0.002 -11"><span class='ocrx_word' id='word_1_208' title='bbox 1604 973 1756 1016; x_wconf 83' lang='lat' dir='ltr'>Utraque</span> <span class='ocrx_word' id='word_1_209' title='bbox 1786 973 1871 1005; x_wconf 88' lang='lat' dir='ltr'>euim</span> <span class='ocrx_word' id='word_1_210' title='bbox 1901 972 2073 1016; x_wconf 82' lang='lat' dir='ltr'>disciplina</span> <span class='ocrx_word' id='word_1_211' title='bbox 2100 978 2154 1006; x_wconf 91' lang='lat' dir='ltr'>to-</span> 
     </span>
    </p>
   </div>
   <div class='ocr_carea' id='block_1_14' title="bbox 837 1022 2026 1069">
    <p class='ocr_par' dir='ltr' id='par_1_16' title="bbox 837 1022 2026 1069">
     <span class='ocr_line' id='line_1_27' title="bbox 837 1022 2026 1069; baseline -0.001 -10"><span class='ocrx_word' id='word_1_212' title='bbox 837 1027 921 1059; x_wconf 67' lang='lat' dir='ltr'>Nam</span> <span class='ocrx_word' id='word_1_213' title='bbox 932 1022 957 1042; x_wconf 83' lang='lat'>²⁰</span> <span class='ocrx_word' id='word_1_214' title='bbox 978 1027 1061 1059; x_wconf 77' lang='lat' dir='ltr'>sicut</span> <span class='ocrx_word' id='word_1_215' title='bbox 1089 1036 1151 1069; x_wconf 73' lang='lat' dir='ltr'>per</span> <span class='ocrx_word' id='word_1_216' title='bbox 1178 1025 1271 1057; x_wconf 88' lang='lat' dir='ltr'>illam</span> <span class='ocrx_word' id='word_1_217' title='bbox 1303 1026 1428 1066; x_wconf 86' lang='lat' dir='ltr'>anima,</span> <span class='ocrx_word' id='word_1_218' title='bbox 1456 1026 1500 1057; x_wconf 86' lang='lat' dir='ltr'>ita</span> <span class='ocrx_word' id='word_1_219' title='bbox 1528 1037 1589 1069; x_wconf 87' lang='lat' dir='ltr'>per</span> <span class='ocrx_word' id='word_1_220' title='bbox 1616 1025 1704 1058; x_wconf 84' lang='lat' dir='ltr'>hanc</span> <span class='ocrx_word' id='word_1_221' title='bbox 1732 1036 1854 1069; x_wconf 72' lang='lat' dir='ltr'>corpus</span> <span class='ocrx_word' id='word_1_222' title='bbox 1882 1029 2026 1058; x_wconf 82' lang='lat' dir='ltr'>curatur.</span> 
     </span>
    </p>
   </div>
   <div class='ocr_carea' id='block_1_15' title="bbox 1205 1290 1507 1333">
    <p class='ocr_par' dir='ltr' id='par_1_17' title="bbox 1205 1290 1507 1333">
     <span class='ocr_line' id='line_1_28' title="bbox 1205 1290 1507 1333; baseline 0 0"><span class='ocrx_word' id='word_1_223' title='bbox 1205 1290 1363 1333; x_wconf 86' lang='lat' dir='ltr'>ER</span> <span class='ocrx_word' id='word_1_224' title='bbox 1453 1291 1507 1333; x_wconf 87' lang='lat' dir='ltr'>V.</span> 
     </span>
    </p>
   </div>
   <div class='ocr_carea' id='block_1_16' title="bbox 978 1402 1679 1447">
    <p class='ocr_par' dir='ltr' id='par_1_18' title="bbox 978 1402 1679 1447">
     <span class='ocr_line' id='line_1_29' title="bbox 978 1402 1679 1447; baseline 0.001 -13"><span class='ocrx_word' id='word_1_225' title='bbox 978 1402 1049 1434; x_wconf 83' lang='lat' dir='ltr'>Dc</span> <span class='ocrx_word' id='word_1_226' title='bbox 1102 1402 1439 1435; x_wconf 73' lang='lat' dir='ltr'>auctoribus</span> <span class='ocrx_word' id='word_1_227' title='bbox 1491 1403 1679 1447; x_wconf 77' lang='lat' dir='ltr'>legum.</span> 
     </span>
    </p>
   </div>
   <div class='ocr_carea' id='block_1_17' title="bbox 1233 1478 2159 1530">
    <p class='ocr_par' dir='ltr' id='par_1_19' title="bbox 1233 1478 2159 1530">
     <span class='ocr_line' id='line_1_30' title="bbox 1233 1478 2159 1530; baseline 0.005 -18"><span class='ocrx_word' id='word_1_228' title='bbox 1233 1481 1381 1513; x_wconf 91' lang='lat' dir='ltr'>omnium</span> <span class='ocrx_word' id='word_1_229' title='bbox 1395 1478 1420 1498; x_wconf 65' lang='lat'>²*</span> <span class='ocrx_word' id='word_1_230' title='bbox 1448 1481 1575 1513; x_wconf 82' lang='lat' dir='ltr'>divinas</span> <span class='ocrx_word' id='word_1_231' title='bbox 1599 1482 1692 1526; x_wconf 84' lang='lat' dir='ltr'>leges</span> <span class='ocrx_word' id='word_1_232' title='bbox 1720 1483 1819 1515; x_wconf 81' lang='lat' dir='ltr'>sacris</span> <span class='ocrx_word' id='word_1_233' title='bbox 1847 1479 1983 1516; x_wconf 51' lang='lat' dir='ltr'>litei-ism</span> <span class='ocrx_word' id='word_1_234' title='bbox 2009 1485 2159 1530; x_wconf 72' lang='lat' dir='ltr'>explica-</span> 
     </span>
    </p>
   </div>
   <div class='ocr_carea' id='block_1_18' title="bbox 375 1569 2158 1629">
    <p class='ocr_par' dir='ltr' id='par_1_20' title="bbox 375 1569 2158 1629">
     <span class='ocr_line' id='line_1_31' title="bbox 375 1569 2158 1629; baseline 0.002 -12"><span class='ocrx_word' id='word_1_235' title='bbox 375 1584 409 1619; x_wconf 81' lang='lat'>2.</span> <span class='ocrx_word' id='word_1_236' title='bbox 462 1585 650 1619; x_wconf 85' lang='lat' dir='ltr'>Mercurius</span> <span class='ocrx_word' id='word_1_237' title='bbox 676 1580 929 1629; x_wconf 67' lang='lat' dir='ltr'>Trimegistus‘ffi</span> <span class='ocrx_word' id='word_1_238' title='bbox 961 1583 1086 1628; x_wconf 74' lang='lat' dir='ltr'>primus</span> <span class='ocrx_word' id='word_1_239' title='bbox 1113 1584 1206 1628; x_wconf 76' lang='lat' dir='ltr'>leges</span> <span class='ocrx_word' id='word_1_240' title='bbox 1238 1583 1416 1628; x_wconf 66' lang='lat' dir='ltr'>Aegyptiis</span> <span class='ocrx_word' id='word_1_241' title='bbox 1451 1582 1597 1616; x_wconf 88' lang='lat' dir='ltr'>tradidit.</span> <span class='ocrx_word' id='word_1_242' title='bbox 1648 1582 1756 1615; x_wconf 89' lang='lat' dir='ltr'>Solon</span> <span class='ocrx_word' id='word_1_243' title='bbox 1785 1584 1911 1628; x_wconf 86' lang='lat' dir='ltr'>primus</span> <span class='ocrx_word' id='word_1_244' title='bbox 1945 1569 2158 1621; x_wconf 70' lang='lat' dir='ltr'>Atheniensi-</span> 
     </span>
    </p>
   </div>
   <div class='ocr_carea' id='block_1_19' title="bbox 210 1635 440 1672">
    <p class='ocr_par' dir='ltr' id='par_1_21' title="bbox 210 1635 440 1672">
     <span class='ocr_line' id='line_1_32' title="bbox 210 1635 440 1672; baseline -0.017 0"><span class='ocrx_word' id='word_1_245' title='bbox 210 1639 272 1672; x_wconf 77' lang='lat' dir='ltr'>bus</span> <span class='ocrx_word' id='word_1_246' title='bbox 284 1635 309 1656; x_wconf 72' lang='lat'>²⁷</span> <span class='ocrx_word' id='word_1_247' title='bbox 336 1636 440 1669; x_wconf 86' lang='lat' dir='ltr'>dedit.</span> 
     </span>
    </p>
   </div>
   <div class='ocr_carea' id='block_1_20' title="bbox 375 1632 1978 1732">
    <p class='ocr_par' dir='ltr' id='par_1_22' title="bbox 375 1632 1978 1732">
     <span class='ocr_line' id='line_1_33' title="bbox 496 1632 1978 1681; baseline -0.001 -12"><span class='ocrx_word' id='word_1_248' title='bbox 496 1637 672 1681; x_wconf 72' lang='lat' dir='ltr'>Lycurgus</span> <span class='ocrx_word' id='word_1_249' title='bbox 699 1637 825 1680; x_wconf 85' lang='lat' dir='ltr'>primus</span> <span class='ocrx_word' id='word_1_250' title='bbox 852 1633 1162 1668; x_wconf 68' lang='lat' dir='ltr'>Lacedaem011iis²⁸</span> <span class='ocrx_word' id='word_1_251' title='bbox 1193 1636 1263 1668; x_wconf 89' lang='lat' dir='ltr'>iura</span> <span class='ocrx_word' id='word_1_252' title='bbox 1274 1632 1298 1652; x_wconf 78' lang='lat'>²¹³</span> <span class='ocrx_word' id='word_1_253' title='bbox 1326 1647 1366 1668; x_wconf 81' lang='lat' dir='ltr'>ex</span> <span class='ocrx_word' id='word_1_254' title='bbox 1393 1634 1560 1679; x_wconf 78' lang='lat' dir='ltr'>Apollinis</span> <span class='ocrx_word' id='word_1_255' title='bbox 1586 1635 1783 1667; x_wconf 89' lang='lat' dir='ltr'>auctoritate</span> <span class='ocrx_word' id='word_1_256' title='bbox 1811 1635 1978 1668; x_wconf 77' lang='lat' dir='ltr'>confinxit.</span> 
     </span>
     <span class='ocr_line' id='line_1_34' title="bbox 375 1687 1446 1732; baseline -0.003 -11"><span class='ocrx_word' id='word_1_257' title='bbox 375 1687 408 1720; x_wconf 87' lang='grc'>3.</span> <span class='ocrx_word' id='word_1_258' title='bbox 462 1688 573 1721; x_wconf 86' lang='lat' dir='ltr'>Numa</span> <span class='ocrx_word' id='word_1_259' title='bbox 600 1688 804 1732; x_wconf 82' lang='lat' dir='ltr'>Pompilius,</span> <span class='ocrx_word' id='word_1_260' title='bbox 837 1688 894 1731; x_wconf 91' lang='lat' dir='ltr'>qui</span> <span class='ocrx_word' id='word_1_261' title='bbox 922 1688 1071 1720; x_wconf 82' lang='lat' dir='ltr'>Romulo</span> <span class='ocrx_word' id='word_1_262' title='bbox 1099 1687 1254 1721; x_wconf 73' lang='lat' dir='ltr'>successit</span> <span class='ocrx_word' id='word_1_263' title='bbox 1280 1687 1311 1719; x_wconf 93' lang='lat' dir='ltr'>in</span> <span class='ocrx_word' id='word_1_264' title='bbox 1340 1698 1446 1730; x_wconf 81' lang='lat' dir='ltr'>regno</span> 
     </span>
    </p>
   </div>
   <div class='ocr_carea' id='block_1_21' title="bbox 1456 1683 2155 1730">
    <p class='ocr_par' dir='ltr' id='par_1_23' title="bbox 1456 1683 2155 1730">
     <span class='ocr_line' id='line_1_35' title="bbox 1456 1683 2155 1730; baseline 0.003 -13"><span class='ocrx_word' id='word_1_265' title='bbox 1456 1683 1498 1726; x_wconf 84' lang='lat'>³⁰,</span> <span class='ocrx_word' id='word_1_266' title='bbox 1532 1686 1659 1730; x_wconf 84' lang='lat' dir='ltr'>primus</span> <span class='ocrx_word' id='word_1_267' title='bbox 1686 1687 1779 1730; x_wconf 82' lang='lat' dir='ltr'>leges</span> <span class='ocrx_word' id='word_1_268' title='bbox 1815 1687 1975 1719; x_wconf 84' lang='lat' dir='ltr'>Romanis</span> <span class='ocrx_word' id='word_1_269' title='bbox 2002 1687 2107 1720; x_wconf 87' lang='lat' dir='ltr'>edidit</span> <span class='ocrx_word' id='word_1_270' title='bbox 2119 1685 2155 1730; x_wconf 82' lang='lat'>³¹,</span> 
     </span>
    </p>
   </div>
   <div class='ocr_carea' id='block_1_22' title="bbox 211 1737 2155 1785">
    <p class='ocr_par' dir='ltr' id='par_1_24' title="bbox 211 1737 2155 1785">
     <span class='ocr_line' id='line_1_36' title="bbox 211 1737 2155 1785; baseline 0.001 -13"><span class='ocrx_word' id='word_1_271' title='bbox 211 1737 334 1774; x_wconf 87' lang='lat' dir='ltr'>deinde</span> <span class='ocrx_word' id='word_1_272' title='bbox 361 1750 437 1773; x_wconf 91' lang='lat' dir='ltr'>cum</span> <span class='ocrx_word' id='word_1_273' title='bbox 464 1740 613 1785; x_wconf 84' lang='lat' dir='ltr'>populus</span> <span class='ocrx_word' id='word_1_274' title='bbox 639 1740 812 1774; x_wconf 88' lang='lat' dir='ltr'>seditiosos</span> <span class='ocrx_word' id='word_1_275' title='bbox 839 1740 1049 1785; x_wconf 83' lang='lat' dir='ltr'>magistratus</span> <span class='ocrx_word' id='word_1_276' title='bbox 1076 1739 1164 1772; x_wconf 87' lang='lat' dir='ltr'>serre</span> <span class='ocrx_word' id='word_1_277' title='bbox 1192 1750 1257 1771; x_wconf 89' lang='lat' dir='ltr'>non</span> <span class='ocrx_word' id='word_1_278' title='bbox 1285 1744 1413 1784; x_wconf 78' lang='lat' dir='ltr'>posset,</span> <span class='ocrx_word' id='word_1_279' title='bbox 1441 1738 1656 1771; x_wconf 73' lang='lat' dir='ltr'>Decemviros</span> <span class='ocrx_word' id='word_1_280' title='bbox 1687 1738 1820 1783; x_wconf 85' lang='lat' dir='ltr'>legibus</span> <span class='ocrx_word' id='word_1_281' title='bbox 1855 1738 2036 1772; x_wconf 87' lang='lat' dir='ltr'>scribendis</span> <span class='ocrx_word' id='word_1_282' title='bbox 2063 1750 2155 1773; x_wconf 86' lang='lat' dir='ltr'>crea-</span> 
     </span>
    </p>
   </div>
   <div class='ocr_carea' id='block_1_23' title="bbox 211 1848 1164 2399">
    <p class='ocr_par' dir='ltr' id='par_1_25' title="bbox 211 1848 1164 2399">
     <span class='ocr_line' id='line_1_37' title="bbox 298 1848 1159 1888; baseline 0.001 -12"><span class='ocrx_word' id='word_1_283' title='bbox 298 1851 323 1880; x_wconf 89' lang='lat'>1)</span> <span class='ocrx_word' id='word_1_284' title='bbox 346 1848 395 1876; x_wconf 76' lang='lat' dir='ltr'>Sic</span> <span class='ocrx_word' id='word_1_285' title='bbox 411 1848 506 1878; x_wconf 84' lang='lat' dir='ltr'>Gu-l.</span> <span class='ocrx_word' id='word_1_286' title='bbox 530 1866 571 1871; x_wconf 93' lang='lat'>-—</span> <span class='ocrx_word' id='word_1_287' title='bbox 594 1859 688 1887; x_wconf 77' lang='lat' dir='ltr'>quare</span> <span class='ocrx_word' id='word_1_288' title='bbox 707 1849 786 1887; x_wconf 86' lang='lat' dir='ltr'>vulg.</span> <span class='ocrx_word' id='word_1_289' title='bbox 809 1866 849 1870; x_wconf 95' lang='lat'><strong>—</strong></span> <span class='ocrx_word' id='word_1_290' title='bbox 872 1848 901 1888; x_wconf 74' lang='grc'>2)</span> <span class='ocrx_word' id='word_1_291' title='bbox 925 1848 974 1876; x_wconf 83' lang='lat' dir='ltr'>Sic</span> <span class='ocrx_word' id='word_1_292' title='bbox 998 1848 1053 1876; x_wconf 86' lang='lat' dir='ltr'>Gu.</span> <span class='ocrx_word' id='word_1_293' title='bbox 1072 1851 1098 1880; x_wconf 85' lang='lat'>1.</span> <span class='ocrx_word' id='word_1_294' title='bbox 1121 1865 1159 1870; x_wconf 88' lang='lat'>—-</span> 
     </span>
     <span class='ocr_line' id='line_1_38' title="bbox 212 1890 1160 1931; baseline -0.001 -12"><span class='ocrx_word' id='word_1_295' title='bbox 212 1894 289 1919; x_wconf 77' lang='lat' dir='ltr'>inter</span> <span class='ocrx_word' id='word_1_296' title='bbox 305 1896 358 1920; x_wconf 82' lang='lat' dir='ltr'>cet.</span> <span class='ocrx_word' id='word_1_297' title='bbox 375 1891 425 1919; x_wconf 79' lang='lat' dir='ltr'>lib.</span> <span class='ocrx_word' id='word_1_298' title='bbox 443 1890 562 1929; x_wconf 56' lang='lat' dir='ltr'>‹li-scffll.</span> <span class='ocrx_word' id='word_1_299' title='bbox 579 1892 635 1921; x_wconf 87' lang='lat' dir='ltr'>Gu.</span> <span class='ocrx_word' id='word_1_300' title='bbox 652 1895 680 1923; x_wconf 69' lang='grc'>2.</span> <span class='ocrx_word' id='word_1_301' title='bbox 698 1903 742 1931; x_wconf 82' lang='lat' dir='ltr'>pr.</span> <span class='ocrx_word' id='word_1_302' title='bbox 758 1902 804 1920; x_wconf 86' lang='lat' dir='ltr'>va.</span> <span class='ocrx_word' id='word_1_303' title='bbox 822 1907 863 1914; x_wconf 90' lang='lat'>—-</span> <span class='ocrx_word' id='word_1_304' title='bbox 887 1893 964 1919; x_wconf 76' lang='lat' dir='ltr'>inter</span> <span class='ocrx_word' id='word_1_305' title='bbox 981 1897 1090 1919; x_wconf 58' lang='lat' dir='ltr'>cetera-s&gt;</span> <span class='ocrx_word' id='word_1_306' title='bbox 1106 1902 1160 1919; x_wconf 77' lang='lat' dir='ltr'>ar-</span> 
     </span>
     <span class='ocr_line' id='line_1_39' title="bbox 213 1933 1161 1973; baseline -0.001 -11"><span class='ocrx_word' id='word_1_307' title='bbox 213 1940 255 1962; x_wconf 77' lang='lat' dir='ltr'>tes</span> <span class='ocrx_word' id='word_1_308' title='bbox 273 1933 325 1961; x_wconf 74' lang='lat' dir='ltr'>lib.</span> <span class='ocrx_word' id='word_1_309' title='bbox 340 1933 422 1971; x_wconf 84' lang='lat' dir='ltr'>vulg.</span> <span class='ocrx_word' id='word_1_310' title='bbox 439 1950 480 1956; x_wconf 96' lang='lat'>—</span> <span class='ocrx_word' id='word_1_311' title='bbox 503 1934 531 1972; x_wconf 81' lang='lat'>3)</span> <span class='ocrx_word' id='word_1_312' title='bbox 548 1935 597 1962; x_wconf 80' lang='lat' dir='ltr'>Sic</span> <span class='ocrx_word' id='word_1_313' title='bbox 618 1934 674 1962; x_wconf 91' lang='lat' dir='ltr'>Gu.</span> <span class='ocrx_word' id='word_1_314' title='bbox 690 1938 715 1964; x_wconf 91' lang='lat'>1.</span> <span class='ocrx_word' id='word_1_315' title='bbox 730 1945 774 1973; x_wconf 84' lang='lat' dir='ltr'>pr.</span> <span class='ocrx_word' id='word_1_316' title='bbox 792 1945 838 1963; x_wconf 79' lang='lat' dir='ltr'>va.</span> <span class='ocrx_word' id='word_1_317' title='bbox 860 1950 902 1956; x_wconf 98' lang='lat'><strong>—</strong></span> <span class='ocrx_word' id='word_1_318' title='bbox 925 1933 999 1962; x_wconf 70' lang='lat' dir='ltr'>mul.</span> <span class='ocrx_word' id='word_1_319' title='bbox 1016 1944 1076 1961; x_wconf 80' lang='lat' dir='ltr'>non</span> <span class='ocrx_word' id='word_1_320' title='bbox 1091 1945 1161 1962; x_wconf 79' lang='lat' dir='ltr'>con-</span> 
     </span>
     <span class='ocr_line' id='line_1_40' title="bbox 212 1976 1160 2014; baseline 0.002 -10"><span class='ocrx_word' id='word_1_321' title='bbox 212 1978 346 2004; x_wconf 71' lang='lat' dir='ltr'>timeatur</span> <span class='ocrx_word' id='word_1_322' title='bbox 363 1987 415 2003; x_wconf 72' lang='lat' dir='ltr'>(tr-s</span> <span class='ocrx_word' id='word_1_323' title='bbox 438 1976 494 2006; x_wconf 91' lang='lat' dir='ltr'>Gu.</span> <span class='ocrx_word' id='word_1_324' title='bbox 511 1980 540 2008; x_wconf 75' lang='grc'>2.</span> <span class='ocrx_word' id='word_1_325' title='bbox 563 1993 605 1998; x_wconf 82' lang='grc'>-</span> <span class='ocrx_word' id='word_1_326' title='bbox 627 1988 679 2004; x_wconf 73' lang='lat' dir='ltr'>ars</span> <span class='ocrx_word' id='word_1_327' title='bbox 700 1976 775 2005; x_wconf 79' lang='lat' dir='ltr'>med.</span> <span class='ocrx_word' id='word_1_328' title='bbox 796 1977 878 2014; x_wconf 81' lang='lat' dir='ltr'>vulg.</span> <span class='ocrx_word' id='word_1_329' title='bbox 902 1992 943 1998; x_wconf 93' lang='lat'>—</span> <span class='ocrx_word' id='word_1_330' title='bbox 965 1983 1102 2004; x_wconf 69' lang='lat' dir='ltr'>tencatur</span> <span class='ocrx_word' id='word_1_331' title='bbox 1121 1977 1160 2006; x_wconf 84' lang='lat' dir='ltr'>al.</span> 
     </span>
     <span class='ocr_line' id='line_1_41' title="bbox 211 2018 1162 2058; baseline 0.001 -12"><span class='ocrx_word' id='word_1_332' title='bbox 211 2035 251 2041; x_wconf 94' lang='lat'>—-</span> <span class='ocrx_word' id='word_1_333' title='bbox 274 2019 306 2057; x_wconf 77' lang='lat'>4)</span> <span class='ocrx_word' id='word_1_334' title='bbox 328 2018 375 2046; x_wconf 84' lang='lat' dir='ltr'>Sic</span> <span class='ocrx_word' id='word_1_335' title='bbox 399 2018 455 2048; x_wconf 89' lang='lat' dir='ltr'>Gu.</span> <span class='ocrx_word' id='word_1_336' title='bbox 474 2021 500 2048; x_wconf 91' lang='lat'>1.</span> <span class='ocrx_word' id='word_1_337' title='bbox 524 2035 564 2040; x_wconf 90' lang='lat'>-—</span> <span class='ocrx_word' id='word_1_338' title='bbox 586 2019 704 2047; x_wconf 71' lang='lat' dir='ltr'>iubetur</span> <span class='ocrx_word' id='word_1_339' title='bbox 716 2020 797 2057; x_wconf 74' lang='lat' dir='ltr'>vulg.</span> <span class='ocrx_word' id='word_1_340' title='bbox 816 2036 857 2042; x_wconf 93' lang='lat'>——-</span> <span class='ocrx_word' id='word_1_341' title='bbox 879 2018 907 2058; x_wconf 88' lang='lat'>5)</span> <span class='ocrx_word' id='word_1_342' title='bbox 931 2019 978 2047; x_wconf 87' lang='lat' dir='ltr'>Sic</span> <span class='ocrx_word' id='word_1_343' title='bbox 997 2020 1052 2048; x_wconf 90' lang='lat' dir='ltr'>Gu.</span> <span class='ocrx_word' id='word_1_344' title='bbox 1072 2023 1098 2050; x_wconf 89' lang='lat'>1.</span> <span class='ocrx_word' id='word_1_345' title='bbox 1121 2035 1162 2041; x_wconf 88' lang='lat'>·-—</span> 
     </span>
     <span class='ocr_line' id='line_1_42' title="bbox 214 2060 1161 2100; baseline 0 -11"><span class='ocrx_word' id='word_1_346' title='bbox 214 2060 369 2090; x_wconf 64' lang='lat' dir='ltr'>curandas</span> <span class='ocrx_word' id='word_1_347' title='bbox 384 2061 464 2098; x_wconf 79' lang='lat' dir='ltr'>vulg.</span> <span class='ocrx_word' id='word_1_348' title='bbox 484 2076 521 2082; x_wconf 94' lang='lat'>—</span> <span class='ocrx_word' id='word_1_349' title='bbox 538 2060 664 2100; x_wconf 82' lang='lat' dir='ltr'>6)Vu1g.</span> <span class='ocrx_word' id='word_1_350' title='bbox 676 2062 745 2091; x_wconf 83' lang='lat' dir='ltr'>add.</span> <span class='ocrx_word' id='word_1_351' title='bbox 758 2062 913 2096; x_wconf 69' lang='lat' dir='ltr'>horarum,</span> <span class='ocrx_word' id='word_1_352' title='bbox 928 2063 1008 2100; x_wconf 88' lang='lat' dir='ltr'>quod</span> <span class='ocrx_word' id='word_1_353' title='bbox 1031 2073 1087 2090; x_wconf 85' lang='lat' dir='ltr'>om.</span> <span class='ocrx_word' id='word_1_354' title='bbox 1105 2062 1161 2089; x_wconf 89' lang='lat' dir='ltr'>Gu.</span> 
     </span>
     <span class='ocr_line' id='line_1_43' title="bbox 215 2104 1162 2142; baseline 0 -11"><span class='ocrx_word' id='word_1_355' title='bbox 215 2107 290 2136; x_wconf 86' lang='lat'>1.—</span> <span class='ocrx_word' id='word_1_356' title='bbox 304 2114 505 2139; x_wconf 77' lang='lat' dir='ltr'>numerorum,</span> <span class='ocrx_word' id='word_1_357' title='bbox 517 2104 630 2132; x_wconf 84' lang='lat' dir='ltr'>omissis</span> <span class='ocrx_word' id='word_1_358' title='bbox 642 2115 689 2133; x_wconf 89' lang='lat' dir='ltr'>vv.</span> <span class='ocrx_word' id='word_1_359' title='bbox 698 2110 821 2142; x_wconf 69' lang='lat' dir='ltr'>propter</span> <span class='ocrx_word' id='word_1_360' title='bbox 835 2116 994 2132; x_wconf 68' lang='lat' dir='ltr'>nzmzcrum</span> <span class='ocrx_word' id='word_1_361' title='bbox 1004 2105 1162 2134; x_wconf 78' lang='lat' dir='ltr'>horarum.</span> 
     </span>
     <span class='ocr_line' id='line_1_44' title="bbox 214 2146 1161 2185; baseline -0.001 -11"><span class='ocrx_word' id='word_1_362' title='bbox 214 2163 255 2171; x_wconf 92' lang='lat'>--</span> <span class='ocrx_word' id='word_1_363' title='bbox 277 2147 306 2184; x_wconf 88' lang='grc'>7)</span> <span class='ocrx_word' id='word_1_364' title='bbox 329 2146 378 2174; x_wconf 82' lang='lat' dir='ltr'>Sic</span> <span class='ocrx_word' id='word_1_365' title='bbox 400 2146 456 2175; x_wconf 88' lang='lat' dir='ltr'>Gu.</span> <span class='ocrx_word' id='word_1_366' title='bbox 474 2149 501 2177; x_wconf 86' lang='lat'>1.</span> <span class='ocrx_word' id='word_1_367' title='bbox 525 2164 563 2167; x_wconf 88' lang='lat'><strong>—</strong></span> <span class='ocrx_word' id='word_1_368' title='bbox 587 2147 807 2175; x_wconf 62' lang='lat' dir='ltr'>accessionibus</span> <span class='ocrx_word' id='word_1_369' title='bbox 822 2148 904 2185; x_wconf 82' lang='lat' dir='ltr'>vulg.</span> <span class='ocrx_word' id='word_1_370' title='bbox 925 2164 967 2170; x_wconf 90' lang='lat'>-—-</span> <span class='ocrx_word' id='word_1_371' title='bbox 999 2147 1026 2183; x_wconf 80' lang='grc'>8)</span> <span class='ocrx_word' id='word_1_372' title='bbox 1050 2146 1161 2174; x_wconf 60' lang='lat' dir='ltr'>dictio-</span> 
     </span>
     <span class='ocr_line' id='line_1_45' title="bbox 215 2187 1162 2229; baseline -0.001 -12"><span class='ocrx_word' id='word_1_373' title='bbox 215 2200 287 2217; x_wconf 74' lang='lat' dir='ltr'>num</span> <span class='ocrx_word' id='word_1_374' title='bbox 303 2189 339 2218; x_wconf 82' lang='lat' dir='ltr'>al.</span> <span class='ocrx_word' id='word_1_375' title='bbox 364 2205 404 2211; x_wconf 87' lang='lat'>-</span> <span class='ocrx_word' id='word_1_376' title='bbox 426 2187 459 2229; x_wconf 82' lang='lat'>9)</span> <span class='ocrx_word' id='word_1_377' title='bbox 480 2191 692 2227; x_wconf 69' lang='lat' dir='ltr'>geometricum</span> <span class='ocrx_word' id='word_1_378' title='bbox 710 2200 754 2217; x_wconf 84' lang='lat' dir='ltr'>va.</span> <span class='ocrx_word' id='word_1_379' title='bbox 777 2206 818 2211; x_wconf 90' lang='lat'><strong>—</strong></span> <span class='ocrx_word' id='word_1_380' title='bbox 848 2189 892 2229; x_wconf 89' lang='lat'>10)</span> <span class='ocrx_word' id='word_1_381' title='bbox 912 2195 1033 2227; x_wconf 71' lang='lat' dir='ltr'>propter</span> <span class='ocrx_word' id='word_1_382' title='bbox 1056 2190 1162 2227; x_wconf 72' lang='lat' dir='ltr'>quali-</span> 
     </span>
     <span class='ocr_line' id='line_1_46' title="bbox 215 2230 1162 2271; baseline -0.001 -11"><span class='ocrx_word' id='word_1_383' title='bbox 215 2238 308 2260; x_wconf 80' lang='lat' dir='ltr'>tatem</span> <span class='ocrx_word' id='word_1_384' title='bbox 331 2232 367 2261; x_wconf 82' lang='lat' dir='ltr'>al.</span> <span class='ocrx_word' id='word_1_385' title='bbox 390 2247 431 2253; x_wconf 90' lang='lat'>-—</span> <span class='ocrx_word' id='word_1_386' title='bbox 456 2238 580 2270; x_wconf 73' lang='lat' dir='ltr'>propter</span> <span class='ocrx_word' id='word_1_387' title='bbox 600 2243 759 2260; x_wconf 75' lang='lat' dir='ltr'>numerum</span> <span class='ocrx_word' id='word_1_388' title='bbox 780 2233 944 2270; x_wconf 70' lang='lat' dir='ltr'>qualilales</span> <span class='ocrx_word' id='word_1_389' title='bbox 969 2233 1005 2261; x_wconf 77' lang='lat' dir='ltr'>al.</span> <span class='ocrx_word' id='word_1_390' title='bbox 1034 2248 1076 2253; x_wconf 91' lang='lat'><strong>—</strong></span> <span class='ocrx_word' id='word_1_391' title='bbox 1115 2230 1162 2271; x_wconf 86' lang='lat'>11)</span> 
     </span>
     <span class='ocr_line' id='line_1_47' title="bbox 216 2274 1162 2314; baseline -0.001 -11"><span class='ocrx_word' id='word_1_392' title='bbox 216 2285 362 2314; x_wconf 74' lang='lat' dir='ltr'>quemque</span> <span class='ocrx_word' id='word_1_393' title='bbox 377 2274 434 2302; x_wconf 91' lang='lat' dir='ltr'>Gu.</span> <span class='ocrx_word' id='word_1_394' title='bbox 450 2276 527 2306; x_wconf 79' lang='lat' dir='ltr'>2.al.</span> <span class='ocrx_word' id='word_1_395' title='bbox 552 2291 594 2297; x_wconf 92' lang='lat'>—</span> <span class='ocrx_word' id='word_1_396' title='bbox 618 2276 688 2313; x_wconf 76' lang='lat' dir='ltr'>quis</span> <span class='ocrx_word' id='word_1_397' title='bbox 705 2275 754 2303; x_wconf 87' lang='lat' dir='ltr'>Ar.</span> <span class='ocrx_word' id='word_1_398' title='bbox 776 2291 818 2296; x_wconf 90' lang='lat'>--</span> <span class='ocrx_word' id='word_1_399' title='bbox 843 2274 884 2312; x_wconf 68' lang='lat'>19)</span> <span class='ocrx_word' id='word_1_400' title='bbox 896 2275 942 2302; x_wconf 80' lang='lat' dir='ltr'>Sic</span> <span class='ocrx_word' id='word_1_401' title='bbox 969 2276 1024 2303; x_wconf 90' lang='lat' dir='ltr'>Gu.</span> <span class='ocrx_word' id='word_1_402' title='bbox 1046 2277 1071 2304; x_wconf 90' lang='lat'>1.</span> <span class='ocrx_word' id='word_1_403' title='bbox 1087 2275 1162 2304; x_wconf 67' lang='lat'>2³1.</span> 
     </span>
     <span class='ocr_line' id='line_1_48' title="bbox 216 2315 1163 2357; baseline 0.001 -12"><span class='ocrx_word' id='word_1_404' title='bbox 216 2334 256 2340; x_wconf 96' lang='lat'><strong>—</strong></span> <span class='ocrx_word' id='word_1_405' title='bbox 279 2317 382 2346; x_wconf 79' lang='lat' dir='ltr'>debeat</span> <span class='ocrx_word' id='word_1_406' title='bbox 405 2317 486 2355; x_wconf 70' lang='lat' dir='ltr'>vulg.</span> <span class='ocrx_word' id='word_1_407' title='bbox 511 2334 553 2339; x_wconf 92' lang='lat'><strong>—</strong></span> <span class='ocrx_word' id='word_1_408' title='bbox 582 2315 630 2357; x_wconf 84' lang='grc'>13)</span> <span class='ocrx_word' id='word_1_409' title='bbox 661 2318 708 2345; x_wconf 89' lang='lat' dir='ltr'>Sic</span> <span class='ocrx_word' id='word_1_410' title='bbox 739 2317 795 2345; x_wconf 90' lang='lat' dir='ltr'>Gu.</span> <span class='ocrx_word' id='word_1_411' title='bbox 816 2319 882 2347; x_wconf 79' lang='lat'>1.2.</span> <span class='ocrx_word' id='word_1_412' title='bbox 907 2327 954 2355; x_wconf 87' lang='lat' dir='ltr'>pr.</span> <span class='ocrx_word' id='word_1_413' title='bbox 975 2328 1021 2347; x_wconf 77' lang='lat' dir='ltr'>va.</span> <span class='ocrx_word' id='word_1_414' title='bbox 1051 2317 1097 2346; x_wconf 87' lang='lat' dir='ltr'>Ar.</span> <span class='ocrx_word' id='word_1_415' title='bbox 1124 2334 1163 2337; x_wconf 97' lang='lat'><strong>—</strong></span> 
     </span>
     <span class='ocr_line' id='line_1_49' title="bbox 220 2358 1164 2399; baseline -0.001 -11"><span class='ocrx_word' id='word_1_416' title='bbox 220 2362 344 2389; x_wconf 69' lang='lat' dir='ltr'>Graecis</span> <span class='ocrx_word' id='word_1_417' title='bbox 364 2360 445 2397; x_wconf 80' lang='lat' dir='ltr'>vulg.</span> <span class='ocrx_word' id='word_1_418' title='bbox 476 2377 516 2381; x_wconf 97' lang='lat'><strong>—</strong></span> <span class='ocrx_word' id='word_1_419' title='bbox 550 2358 596 2399; x_wconf 72' lang='lat'>14)</span> <span class='ocrx_word' id='word_1_420' title='bbox 618 2360 667 2389; x_wconf 83' lang='lat' dir='ltr'>Sic</span> <span class='ocrx_word' id='word_1_421' title='bbox 695 2360 752 2389; x_wconf 91' lang='lat' dir='ltr'>Gu.</span> <span class='ocrx_word' id='word_1_422' title='bbox 772 2363 798 2391; x_wconf 88' lang='lat'>1.</span> <span class='ocrx_word' id='word_1_423' title='bbox 813 2362 841 2391; x_wconf 81' lang='lat'>2.</span> <span class='ocrx_word' id='word_1_424' title='bbox 863 2369 907 2397; x_wconf 81' lang='lat' dir='ltr'>pr.</span> <span class='ocrx_word' id='word_1_425' title='bbox 929 2370 972 2388; x_wconf 84' lang='lat' dir='ltr'>va.</span> <span class='ocrx_word' id='word_1_426' title='bbox 997 2359 1045 2389; x_wconf 85' lang='lat' dir='ltr'>Ar.</span> <span class='ocrx_word' id='word_1_427' title='bbox 1076 2359 1164 2397; x_wconf 79' lang='lat' dir='ltr'>Vulg,</span> 
     </span>
    </p>
   </div>
   <div class='ocr_carea' id='block_1_24' title="bbox 1204 1846 2155 2099">
    <p class='ocr_par' dir='ltr' id='par_1_26' title="bbox 1204 1846 2155 2099">
     <span class='ocr_line' id='line_1_50' title="bbox 1204 1846 2154 1887; baseline -0.001 -12"><span class='ocrx_word' id='word_1_428' title='bbox 1204 1848 1332 1875; x_wconf 70' lang='lat' dir='ltr'>habetur</span> <span class='ocrx_word' id='word_1_429' title='bbox 1351 1846 1387 1875; x_wconf 80' lang='lat' dir='ltr'>de</span> <span class='ocrx_word' id='word_1_430' title='bbox 1405 1846 1521 1875; x_wconf 70' lang='lat' dir='ltr'>David.</span> <span class='ocrx_word' id='word_1_431' title='bbox 1546 1865 1582 1869; x_wconf 90' lang='lat'>—-</span> <span class='ocrx_word' id='word_1_432' title='bbox 1609 1846 1654 1886; x_wconf 86' lang='lat'>15)</span> <span class='ocrx_word' id='word_1_433' title='bbox 1677 1847 1750 1885; x_wconf 76' lang='lat' dir='ltr'>quia</span> <span class='ocrx_word' id='word_1_434' title='bbox 1771 1857 1817 1877; x_wconf 79' lang='lat' dir='ltr'>va.</span> <span class='ocrx_word' id='word_1_435' title='bbox 1835 1847 1886 1876; x_wconf 83' lang='lat' dir='ltr'>Ar.</span> <span class='ocrx_word' id='word_1_436' title='bbox 1910 1862 1951 1869; x_wconf 90' lang='lat'><em>-</em></span> <span class='ocrx_word' id='word_1_437' title='bbox 1975 1846 2022 1886; x_wconf 81' lang='lat'>16)</span> <span class='ocrx_word' id='word_1_438' title='bbox 2044 1848 2083 1876; x_wconf 75' lang='lat' dir='ltr'>ab</span> <span class='ocrx_word' id='word_1_439' title='bbox 2098 1859 2154 1887; x_wconf 86' lang='lat' dir='ltr'>pro</span> 
     </span>
     <span class='ocr_line' id='line_1_51' title="bbox 1206 1888 2155 1930; baseline 0.002 -13"><span class='ocrx_word' id='word_1_440' title='bbox 1206 1901 1225 1918; x_wconf 74' lang='lat' dir='ltr'><strong><em>a</em></strong></span> <span class='ocrx_word' id='word_1_441' title='bbox 1249 1890 1355 1929; x_wconf 82' lang='lat' dir='ltr'>scripsi</span> <span class='ocrx_word' id='word_1_442' title='bbox 1373 1900 1388 1919; x_wconf 85' lang='lat' dir='ltr'>e</span> <span class='ocrx_word' id='word_1_443' title='bbox 1407 1890 1462 1918; x_wconf 89' lang='lat' dir='ltr'>Gu.</span> <span class='ocrx_word' id='word_1_444' title='bbox 1482 1892 1509 1921; x_wconf 85' lang='lat'>1.</span> <span class='ocrx_word' id='word_1_445' title='bbox 1529 1892 1559 1920; x_wconf 81' lang='lat'>2.</span> <span class='ocrx_word' id='word_1_446' title='bbox 1577 1899 1623 1918; x_wconf 88' lang='lat' dir='ltr'>va.</span> <span class='ocrx_word' id='word_1_447' title='bbox 1652 1906 1693 1911; x_wconf 91' lang='lat'>—</span> <span class='ocrx_word' id='word_1_448' title='bbox 1730 1888 1774 1928; x_wconf 86' lang='lat'>17)</span> <span class='ocrx_word' id='word_1_449' title='bbox 1797 1889 1846 1917; x_wconf 85' lang='lat' dir='ltr'>Sic</span> <span class='ocrx_word' id='word_1_450' title='bbox 1869 1890 1926 1918; x_wconf 92' lang='lat' dir='ltr'>Gu.</span> <span class='ocrx_word' id='word_1_451' title='bbox 1943 1893 1969 1921; x_wconf 88' lang='lat'>1.</span> <span class='ocrx_word' id='word_1_452' title='bbox 1986 1890 2024 1919; x_wconf 82' lang='lat' dir='ltr'>al.</span> <span class='ocrx_word' id='word_1_453' title='bbox 2045 1901 2090 1930; x_wconf 87' lang='lat' dir='ltr'>pr.</span> <span class='ocrx_word' id='word_1_454' title='bbox 2106 1902 2155 1922; x_wconf 85' lang='lat' dir='ltr'>va.</span> 
     </span>
     <span class='ocr_line' id='line_1_52' title="bbox 1206 1931 2154 1973; baseline -0.001 -12"><span class='ocrx_word' id='word_1_455' title='bbox 1206 1951 1243 1954; x_wconf 83' lang='lat'><em>-</em></span> <span class='ocrx_word' id='word_1_456' title='bbox 1271 1934 1469 1961; x_wconf 69' lang='lat' dir='ltr'>mutationem</span> <span class='ocrx_word' id='word_1_457' title='bbox 1484 1931 1562 1969; x_wconf 85' lang='lat' dir='ltr'>vulg.</span> <span class='ocrx_word' id='word_1_458' title='bbox 1586 1948 1628 1952; x_wconf 92' lang='lat'>—</span> <span class='ocrx_word' id='word_1_459' title='bbox 1653 1934 1699 1969; x_wconf 84' lang='lat'>18)</span> <span class='ocrx_word' id='word_1_460' title='bbox 1724 1931 1853 1969; x_wconf 73' lang='lat' dir='ltr'>quidam</span> <span class='ocrx_word' id='word_1_461' title='bbox 1871 1934 1914 1961; x_wconf 79' lang='lat' dir='ltr'>ait</span> <span class='ocrx_word' id='word_1_462' title='bbox 1932 1932 1988 1961; x_wconf 84' lang='lat' dir='ltr'>Gu.</span> <span class='ocrx_word' id='word_1_463' title='bbox 2004 1935 2033 1964; x_wconf 83' lang='lat'>2.</span> <span class='ocrx_word' id='word_1_464' title='bbox 2049 1949 2086 1956; x_wconf 81' lang='lat'>—-</span> <span class='ocrx_word' id='word_1_465' title='bbox 2106 1932 2154 1973; x_wconf 90' lang='lat'>19)</span> 
     </span>
     <span class='ocr_line' id='line_1_53' title="bbox 1205 1973 2154 2013; baseline 0 -9"><span class='ocrx_word' id='word_1_466' title='bbox 1205 1976 1252 2004; x_wconf 90' lang='lat' dir='ltr'>Sic</span> <span class='ocrx_word' id='word_1_467' title='bbox 1267 1976 1323 2006; x_wconf 89' lang='lat' dir='ltr'>Gu.</span> <span class='ocrx_word' id='word_1_468' title='bbox 1344 1979 1369 2007; x_wconf 85' lang='lat'>1.</span> <span class='ocrx_word' id='word_1_469' title='bbox 1386 1979 1415 2007; x_wconf 83' lang='lat'>2.</span> <span class='ocrx_word' id='word_1_470' title='bbox 1433 1992 1469 1996; x_wconf 90' lang='lat'>-</span> <span class='ocrx_word' id='word_1_471' title='bbox 1491 1980 1587 2002; x_wconf 81' lang='lat' dir='ltr'>totum</span> <span class='ocrx_word' id='word_1_472' title='bbox 1600 1974 1659 2002; x_wconf 72' lang='lat' dir='ltr'>sibi</span> <span class='ocrx_word' id='word_1_473' title='bbox 1671 1976 1749 2003; x_wconf 79' lang='lat' dir='ltr'>lwm.</span> <span class='ocrx_word' id='word_1_474' title='bbox 1765 1975 1848 2012; x_wconf 74' lang='lat' dir='ltr'>vulg.</span> <span class='ocrx_word' id='word_1_475' title='bbox 1866 1991 1905 1995; x_wconf 93' lang='lat'>—</span> <span class='ocrx_word' id='word_1_476' title='bbox 1927 1973 1976 2013; x_wconf 83' lang='grc'>20)</span> <span class='ocrx_word' id='word_1_477' title='bbox 2001 1975 2083 2003; x_wconf 85' lang='lat' dir='ltr'>Nam</span> <span class='ocrx_word' id='word_1_478' title='bbox 2100 1986 2154 2004; x_wconf 81' lang='lat' dir='ltr'>us-</span> 
     </span>
     <span class='ocr_line' id='line_1_54' title="bbox 1206 2016 2152 2056; baseline -0.001 -9"><span class='ocrx_word' id='word_1_479' title='bbox 1206 2029 1262 2056; x_wconf 79' lang='lat' dir='ltr'>que</span> <span class='ocrx_word' id='word_1_480' title='bbox 1277 2019 1315 2047; x_wconf 86' lang='lat' dir='ltr'>ad</span> <span class='ocrx_word' id='word_1_481' title='bbox 1329 2020 1463 2056; x_wconf 68' lang='lat' dir='ltr'>ipsorum</span> <span class='ocrx_word' id='word_1_482' title='bbox 1487 2018 1525 2045; x_wconf 83' lang='lat' dir='ltr'>al.</span> <span class='ocrx_word' id='word_1_483' title='bbox 1544 2027 1602 2045; x_wconf 82' lang='lat' dir='ltr'>om.</span> <span class='ocrx_word' id='word_1_484' title='bbox 1628 2036 1663 2039; x_wconf 73' lang='lat'>—</span> <span class='ocrx_word' id='word_1_485' title='bbox 1688 2016 1737 2056; x_wconf 81' lang='grc'>21)</span> <span class='ocrx_word' id='word_1_486' title='bbox 1757 2019 1858 2055; x_wconf 62' lang='lat' dir='ltr'>gentis</span> <span class='ocrx_word' id='word_1_487' title='bbox 1877 2018 1907 2046; x_wconf 88' lang='lat' dir='ltr'>Z.</span> <span class='ocrx_word' id='word_1_488' title='bbox 1926 2017 1982 2045; x_wconf 90' lang='lat' dir='ltr'>Gu.</span> <span class='ocrx_word' id='word_1_489' title='bbox 2003 2021 2030 2049; x_wconf 75' lang='grc' dir='ltr'>ί.</span> <span class='ocrx_word' id='word_1_490' title='bbox 2050 2019 2086 2047; x_wconf 86' lang='lat' dir='ltr'>al.</span> <span class='ocrx_word' id='word_1_491' title='bbox 2107 2028 2152 2048; x_wconf 81' lang='lat' dir='ltr'>va.</span> 
     </span>
     <span class='ocr_line' id='line_1_55' title="bbox 1206 2058 2152 2099; baseline 0.001 -10"><span class='ocrx_word' id='word_1_492' title='bbox 1206 2062 1263 2090; x_wconf 87' lang='lat' dir='ltr'>llic</span> <span class='ocrx_word' id='word_1_493' title='bbox 1284 2061 1430 2099; x_wconf 78' lang='lat' dir='ltr'>genitivus</span> <span class='ocrx_word' id='word_1_494' title='bbox 1450 2059 1506 2088; x_wconf 91' lang='lat' dir='ltr'>nisi</span> <span class='ocrx_word' id='word_1_495' title='bbox 1528 2058 1725 2097; x_wconf 77' lang='lat' dir='ltr'>explicandus</span> <span class='ocrx_word' id='word_1_496' title='bbox 1745 2065 1789 2089; x_wconf 84' lang='lat' dir='ltr'>est</span> <span class='ocrx_word' id='word_1_497' title='bbox 1811 2061 1866 2089; x_wconf 82' lang='lat' dir='ltr'>ita:</span> <span class='ocrx_word' id='word_1_498' title='bbox 1897 2060 2014 2097; x_wconf 66' lang='lat' dir='ltr'>stloysea</span> <span class='ocrx_word' id='word_1_499' title='bbox 2033 2072 2046 2088; x_wconf 80' lang='lat' dir='ltr'>e</span> <span class='ocrx_word' id='word_1_500' title='bbox 2065 2067 2152 2099; x_wconf 74' lang='lat' dir='ltr'>gente</span> 
     </span>
    </p>
   </div>
   <div class='ocr_carea' id='block_1_25' title="bbox 1205 2101 2153 2226">
    <p class='ocr_par' dir='ltr' id='par_1_27' title="bbox 1205 2101 2153 2226">
     <span class='ocr_line' id='line_1_56' title="bbox 1205 2101 2153 2144; baseline 0 -12"><span class='ocrx_word' id='word_1_501' title='bbox 1205 2104 1375 2139; x_wconf 66' lang='grc' dir='ltr'>[ἰείη-αἶσα,</span> <span class='ocrx_word' id='word_1_502' title='bbox 1399 2107 1483 2131; x_wconf 87' lang='lat' dir='ltr'>ortus</span> <span class='ocrx_word' id='word_1_503' title='bbox 1504 2102 1622 2130; x_wconf 79' lang='lat' dir='ltr'>videtur</span> <span class='ocrx_word' id='word_1_504' title='bbox 1650 2113 1664 2129; x_wconf 85' lang='lat' dir='ltr'>a</span> <span class='ocrx_word' id='word_1_505' title='bbox 1681 2103 1781 2140; x_wconf 85' lang='lat' dir='ltr'>partit.</span> <span class='ocrx_word' id='word_1_506' title='bbox 1799 2103 1930 2141; x_wconf 66' lang='lat' dir='ltr'>primum.</span> <span class='ocrx_word' id='word_1_507' title='bbox 1953 2119 1994 2123; x_wconf 81' lang='lat'>—-</span> <span class='ocrx_word' id='word_1_508' title='bbox 2016 2101 2062 2144; x_wconf 87' lang='grc'>22)</span> <span class='ocrx_word' id='word_1_509' title='bbox 2086 2105 2153 2132; x_wconf 84' lang='lat' dir='ltr'>He-</span> 
     </span>
     <span class='ocr_line' id='line_1_57' title="bbox 1205 2145 2152 2182; baseline -0.001 -8"><span class='ocrx_word' id='word_1_510' title='bbox 1205 2147 1312 2174; x_wconf 71' lang='lat' dir='ltr'>braeae</span> <span class='ocrx_word' id='word_1_511' title='bbox 1328 2146 1363 2174; x_wconf 75' lang='lat' dir='ltr'>al.</span> <span class='ocrx_word' id='word_1_512' title='bbox 1377 2162 1418 2166; x_wconf 97' lang='lat'><strong>—</strong></span> <span class='ocrx_word' id='word_1_513' title='bbox 1440 2145 1488 2182; x_wconf 77' lang='grc'>23)</span> <span class='ocrx_word' id='word_1_514' title='bbox 1504 2145 1639 2182; x_wconf 72' lang='lat' dir='ltr'>primum</span> <span class='ocrx_word' id='word_1_515' title='bbox 1656 2145 1687 2172; x_wconf 90' lang='lat' dir='ltr'>Z.</span> <span class='ocrx_word' id='word_1_516' title='bbox 1704 2160 1746 2166; x_wconf 92' lang='lat'>—</span> <span class='ocrx_word' id='word_1_517' title='bbox 1768 2148 1816 2181; x_wconf 68' lang='lat'>24)</span> <span class='ocrx_word' id='word_1_518' title='bbox 1838 2146 1971 2173; x_wconf 77' lang='lat' dir='ltr'>omnium</span> <span class='ocrx_word' id='word_1_519' title='bbox 1985 2155 2044 2174; x_wconf 87' lang='lat' dir='ltr'>om.</span> <span class='ocrx_word' id='word_1_520' title='bbox 2059 2146 2152 2179; x_wconf 78' lang='lat' dir='ltr'>Gu.2.</span> 
     </span>
     <span class='ocr_line' id='line_1_58' title="bbox 1209 2187 2150 2226; baseline 0.001 -10"><span class='ocrx_word' id='word_1_521' title='bbox 1209 2206 1244 2211; x_wconf 97' lang='lat'><strong>—</strong></span> <span class='ocrx_word' id='word_1_522' title='bbox 1268 2189 1315 2226; x_wconf 70' lang='lat'>25)</span> <span class='ocrx_word' id='word_1_523' title='bbox 1338 2188 1458 2226; x_wconf 74' lang='lat' dir='ltr'>scriptis</span> <span class='ocrx_word' id='word_1_524' title='bbox 1479 2188 1572 2215; x_wconf 66' lang='lat' dir='ltr'>literis</span> <span class='ocrx_word' id='word_1_525' title='bbox 1594 2188 1630 2215; x_wconf 87' lang='lat' dir='ltr'>al.</span> <span class='ocrx_word' id='word_1_526' title='bbox 1654 2204 1691 2208; x_wconf 93' lang='lat'>—-</span> <span class='ocrx_word' id='word_1_527' title='bbox 1714 2198 1821 2215; x_wconf 62' lang='lat' dir='ltr'>sacra-s·</span> <span class='ocrx_word' id='word_1_528' title='bbox 1840 2188 1945 2216; x_wconf 73' lang='lat' dir='ltr'>literas</span> <span class='ocrx_word' id='word_1_529' title='bbox 1965 2187 2002 2215; x_wconf 85' lang='lat' dir='ltr'>al.</span> <span class='ocrx_word' id='word_1_530' title='bbox 2034 2205 2072 2209; x_wconf 81' lang='lat'><em>-</em></span> <span class='ocrx_word' id='word_1_531' title='bbox 2102 2190 2150 2226; x_wconf 71' lang='lat'>26)</span> 
     </span>
    </p>
   </div>
   <div class='ocr_carea' id='block_1_26' title="bbox 1206 2230 2153 2397">
    <p class='ocr_par' dir='ltr' id='par_1_28' title="bbox 1206 2230 2153 2397">
     <span class='ocr_line' id='line_1_59' title="bbox 1206 2230 2153 2269; baseline -0.002 -10"><span class='ocrx_word' id='word_1_532' title='bbox 1206 2232 1255 2260; x_wconf 87' lang='lat' dir='ltr'>Sic</span> <span class='ocrx_word' id='word_1_533' title='bbox 1271 2232 1326 2259; x_wconf 91' lang='lat' dir='ltr'>Gu.</span> <span class='ocrx_word' id='word_1_534' title='bbox 1347 2234 1373 2262; x_wconf 89' lang='lat'>1.</span> <span class='ocrx_word' id='word_1_535' title='bbox 1391 2234 1418 2261; x_wconf 78' lang='lat'>2.</span> <span class='ocrx_word' id='word_1_536' title='bbox 1436 2240 1480 2258; x_wconf 88' lang='lat' dir='ltr'>va.</span> <span class='ocrx_word' id='word_1_537' title='bbox 1506 2249 1543 2252; x_wconf 88' lang='lat'>—</span> <span class='ocrx_word' id='word_1_538' title='bbox 1574 2232 1716 2268; x_wconf 66' lang='lat' dir='ltr'>Trismeg.</span> <span class='ocrx_word' id='word_1_539' title='bbox 1739 2230 1818 2268; x_wconf 88' lang='lat' dir='ltr'>vulg.</span> <span class='ocrx_word' id='word_1_540' title='bbox 1840 2246 1882 2252; x_wconf 86' lang='lat'><em>-</em></span> <span class='ocrx_word' id='word_1_541' title='bbox 1904 2236 2024 2268; x_wconf 79' lang='lat' dir='ltr'>ter-meg.</span> <span class='ocrx_word' id='word_1_542' title='bbox 2041 2240 2087 2269; x_wconf 89' lang='lat' dir='ltr'>pr.</span> <span class='ocrx_word' id='word_1_543' title='bbox 2109 2247 2153 2254; x_wconf 88' lang='lat'>--</span> 
     </span>
     <span class='ocr_line' id='line_1_60' title="bbox 1206 2272 2152 2314; baseline -0.002 -13"><span class='ocrx_word' id='word_1_544' title='bbox 1206 2274 1253 2314; x_wconf 74' lang='lat'>27)</span> <span class='ocrx_word' id='word_1_545' title='bbox 1275 2272 1428 2312; x_wconf 85' lang='lat' dir='ltr'>praecedit</span> <span class='ocrx_word' id='word_1_546' title='bbox 1449 2273 1528 2310; x_wconf 64' lang='lat' dir='ltr'>vulg.</span> <span class='ocrx_word' id='word_1_547' title='bbox 1545 2273 1639 2311; x_wconf 57' lang='lat' dir='ltr'>leges,</span> <span class='ocrx_word' id='word_1_548' title='bbox 1663 2272 1743 2310; x_wconf 85' lang='lat' dir='ltr'>quod</span> <span class='ocrx_word' id='word_1_549' title='bbox 1759 2283 1815 2301; x_wconf 87' lang='lat' dir='ltr'>om.</span> <span class='ocrx_word' id='word_1_550' title='bbox 1829 2272 1885 2301; x_wconf 91' lang='lat' dir='ltr'>Gu.</span> <span class='ocrx_word' id='word_1_551' title='bbox 1905 2276 1930 2303; x_wconf 86' lang='lat'>1.</span> <span class='ocrx_word' id='word_1_552' title='bbox 1953 2288 1990 2295; x_wconf 91' lang='lat'><em>-</em></span> <span class='ocrx_word' id='word_1_553' title='bbox 2013 2272 2061 2310; x_wconf 75' lang='lat'>28)</span> <span class='ocrx_word' id='word_1_554' title='bbox 2083 2275 2152 2302; x_wconf 79' lang='lat' dir='ltr'>La-</span> 
     </span>
     <span class='ocr_line' id='line_1_61' title="bbox 1206 2315 2149 2354; baseline 0.002 -10"><span class='ocrx_word' id='word_1_555' title='bbox 1206 2315 1466 2344; x_wconf 69' lang='lat' dir='ltr'>cedaemoniorum</span> <span class='ocrx_word' id='word_1_556' title='bbox 1479 2316 1510 2345; x_wconf 82' lang='lat' dir='ltr'>Z.</span> <span class='ocrx_word' id='word_1_557' title='bbox 1538 2333 1569 2336; x_wconf 97' lang='lat'><strong>—</strong></span> <span class='ocrx_word' id='word_1_558' title='bbox 1595 2316 1642 2354; x_wconf 73' lang='lat'>29)</span> <span class='ocrx_word' id='word_1_559' title='bbox 1664 2315 1745 2353; x_wconf 78' lang='lat' dir='ltr'>vulg.</span> <span class='ocrx_word' id='word_1_560' title='bbox 1764 2315 1847 2344; x_wconf 79' lang='lat' dir='ltr'>addit</span> <span class='ocrx_word' id='word_1_561' title='bbox 1863 2315 1973 2353; x_wconf 72' lang='lat' dir='ltr'>legum,</span> <span class='ocrx_word' id='word_1_562' title='bbox 1997 2315 2077 2353; x_wconf 84' lang='lat' dir='ltr'>quod</span> <span class='ocrx_word' id='word_1_563' title='bbox 2092 2327 2149 2346; x_wconf 91' lang='lat' dir='ltr'>om.</span> 
     </span>
     <span class='ocr_line' id='line_1_62' title="bbox 1207 2356 2152 2397; baseline -0.001 -9"><span class='ocrx_word' id='word_1_564' title='bbox 1207 2360 1239 2388; x_wconf 91' lang='lat' dir='ltr'>Z.</span> <span class='ocrx_word' id='word_1_565' title='bbox 1257 2359 1315 2388; x_wconf 79' lang='lat' dir='ltr'>Gn.</span> <span class='ocrx_word' id='word_1_566' title='bbox 1332 2361 1359 2390; x_wconf 87' lang='lat'>1.</span> <span class='ocrx_word' id='word_1_567' title='bbox 1374 2361 1400 2390; x_wconf 84' lang='grc'>2.</span> <span class='ocrx_word' id='word_1_568' title='bbox 1417 2358 1467 2387; x_wconf 84' lang='lat' dir='ltr'>Ar.</span> <span class='ocrx_word' id='word_1_569' title='bbox 1483 2374 1524 2381; x_wconf 94' lang='lat'>—-</span> <span class='ocrx_word' id='word_1_570' title='bbox 1547 2360 1617 2386; x_wconf 76' lang='lat' dir='ltr'>iura</span> <span class='ocrx_word' id='word_1_571' title='bbox 1633 2359 1735 2397; x_wconf 76' lang='lat' dir='ltr'>legum</span> <span class='ocrx_word' id='word_1_572' title='bbox 1751 2356 1880 2386; x_wconf 60' lang='lat' dir='ltr'>tradidit</span> <span class='ocrx_word' id='word_1_573' title='bbox 1898 2364 1924 2386; x_wconf 78' lang='lat' dir='ltr'>et</span> <span class='ocrx_word' id='word_1_574' title='bbox 1936 2368 1969 2386; x_wconf 76' lang='lat' dir='ltr'>ex</span> <span class='ocrx_word' id='word_1_575' title='bbox 1985 2363 2041 2386; x_wconf 83' lang='lat' dir='ltr'>etc.</span> <span class='ocrx_word' id='word_1_576' title='bbox 2056 2368 2152 2387; x_wconf 83' lang='lat' dir='ltr'>va.—</span> 
     </span>
    </p>
   </div>
  </div>
 </body>
</html>
