2264 2830
772 109 1018 144 omGla‘UM

66 207 222 240 Horatius
239 203 274 238 ¹⁰:

295 256 422 289 Plures
448 256 590 289 calones
617 259 723 299 alque
755 254 887 288 caballi

298 308 488 348 '’cest-endi,
517 307 683 339 ducenda
694 303 716 322 '¹¹
753 308 919 352 petorita.

1058 112 1204 148 LIBER
1237 115 1310 149 XX.
1943 122 2015 156 631

64 362 168 393 Erant
195 366 304 392 autern
324 356 344 376 ⁸²
371 364 466 391 antea
493 359 619 403 pilenta
643 359 750 391 veneti
778 360 915 400 coloris,
943 371 1028 402 nou,
1065 367 1099 394 ut
1126 372 1214 395 nunc
1241 368 1334 403 sunt,
1362 364 1475 396 russati
1490 361 1529 404 ¹³,
1577 366 1695 408 quibus
1723 368 1782 400 nisi
1811 374 1920 402 castae
1948 381 2018 402 ma-

66 419 180 445 tronae
206 413 252 444 uti
280 423 345 444 non
373 416 546 455 poterant,
574 411 657 444 sicut
684 422 745 444 nec
772 411 865 445 vittis.

231 463 265 497 ἴ).
320 464 480 496 Basterua
504 462 695 496 vehiculum
711 459 745 495 ⁴⁴.

395 547 423 581 C
451 548 482 581 A
509 548 546 582 P.
600 548 691 581 Xlll.

772 547 839 581 Dc
872 548 1076 593 reliquis,
1119 560 1233 594 quac
1265 550 1308 581 in
1342 561 1416 584 usu
1451 551 1687 586 habentur.

234 618 263 650 l.
318 617 463 650 Baculus
491 629 509 649 a
546 617 685 650 Baccho
720 622 890 662 repertore
926 618 998 650 vitis
1011 614 1034 633 ⁴⁵
1069 618 1173 650 fertur
1206 618 1376 658 inventus,
1409 619 1441 651 in
1455 616 1479 636 ⁴⁶
1513 632 1581 664 quo
1595 617 1619 638 ⁴⁷
1646 621 1799 655 homines,
1836 625 1915 656 moti
1944 626 2018 657 vino

64 671 286 705 inniterentur.

230 721 263 753 2.
318 717 486 760 Fustesw,
515 720 607 763 quod
633 721 775 765 praefixi
803 722 834 753 in
862 718 1008 753 ωτι-3111ὁ

63 786 127 819 pro
154 772 343 807 criminibus
371 772 539 805 feriuntur.

1010 718 1022 737 0

339 669 432 702 sicut
454 673 565 701 autern
594 681 612 701 a
640 668 780 702 Baccho
810 670 965 708 baculus,
995 669 1038 701 ita
1065 681 1083 701 a
1113 670 1232 703 baculo
1261 670 1403 703 bacillus
1416 667 1441 687 ⁴⁸
1467 682 1528 715 per
1555 673 1817 707 diminutionem.

1048 725 1143 762 stent,
1171 732 1254 764 quos
1281 722 1379 766 palos
1406 720 1541 757 rustici⁵

1545 721 1551 740 ¹
1580 732 1717 765 vocant,
1745 726 1865 769 quibus
1888 727 2019 759 iuvenes

168 825 290 858 Vectes
318 824 414 864 dicti,
442 823 535 866 quod
558 823 707 856 manibus
733 827 918 863 vectentur,
954 821 1043 855 unde
1066 823 1175 856 hostia
1201 835 1347 868 saxaque
1376 823 1603 859 evellunturffl.

235 876 269 908 3.
323 875 473 909 Forssces
484 872 509 891 ⁵³

63 1033 231 1071 calidum,
259 1030 348 1064 unde
376 1035 408 1062 et
434 1030 598 1062 formosus
611 1025 645 1061 ⁵⁸.

228 1082 262 1116 4.
315 1081 489 1114 Novacula
510 1082 526 1101 *
540 1077 574 1113 ³⁹.

538 875 719 909 secundum
748 873 989 918 etymologiam
1023 875 1049 906 si
1077 887 1096 907 a
1124 875 1183 907 lilo
1210 873 1386 909 seruntur⁵

63 935 136 964 sunt
163 933 345 967 sartorum,
373 928 398 959 si
426 939 445 959 a
472 927 561 970 pilo,
588 923 685 971 per⁵5
707 938 749 971 p,
775 931 812 958 ut
839 922 1033 970 forpiceps5

63 988 99 1016 ut
126 975 351 1025 forpcipes⁵⁷,
388 990 428 1011 eo
456 978 549 1021 quod
576 978 723 1011 formum
751 978 903 1022 capiant,
948 989 1033 1021 quae
1060 984 1133 1012 sunt
1160 979 1342 1015 fabrorum.

1388 873 1417 919 ⁴,
1459 877 1476 910 f
1502 878 1656 922 ponitur,
1684 883 1719 910 ut
1747 878 1902 919 forfices,
1934 889 2019 921 quae

1035 923 1064 966 ⁰,
1099 938 1186 970 quae
1213 933 1286 960 sunt
1312 934 1504 971 tonsorum,
1538 930 1563 961 si
1591 930 1633 962 ab
1662 930 1878 974 accipiendo,
1902 941 1963 974 per
1990 941 2019 969 c,

1411 980 1573 1014 Formum
1603 982 1689 1015 enini
1718 982 1870 1015 dixerunt
1897 982 2019 1025 antiqui

164 1134 333 1168 Pectinem
362 1129 464 1166 dicim
492 1144 550 1173 eo,
577 1131 670 1176 quod
698 1142 802 1175 pexos
829 1131 971 1175 capillos
995 1132 1095 1164 faciat
1121 1137 1221 1175 atque
1248 1134 1462 1178 compositos.

165 1185 398 1220 calamistrum
426 1195 503 1217 acus
532 1189 579 1216 est
591 1181 636 1226 ⁶¹,
671 1194 757 1226 quae
785 1184 947 1216 calefacta
975 1188 1008 1215 et
1035 1182 1186 1217 adhibita
1212 1185 1368 1219 calefacit
1382 1182 1407 1202 ⁶²
1434 1191 1466 1219 et
1499 1191 1632 1230 torquet
1643 1184 1668 1204 ⁶³
1696 1187 1844 1231 capillos

1918 1186 2017 1219 Unde

62 1245 94 1273 et
105 1236 130 1256 ω
157 1236 368 1273 calamistrati
395 1236 625 1279 appellantur,
652 1235 710 1277 qui
737 1245 869 1267 comam
898 1239 1063 1278 torquent.

223 1287 257 1321 5.
313 1287 422 1320 Clavis
437 1284 462 1303 ¹⁵⁵

61 1394 118 1427 ubi
146 1405 165 1425 a
194 1393 291 1426 clavo
320 1401 380 1434 per
404 1389 505 1422 lineas
517 1386 542 1406 ⁷⁰

423 1475 451 1508 C
478 1476 509 1508 A
534 1476 571 1507 P.
624 1470 749 1507 xiv.⁷¹

496 1287 604 1325 dicta,
637 1285 729 1328 quod
762 1285 899 1318 claudat
929 1291 961 1318 et
988 1285 1123 1330 aperiat.

164 1339 395 1383 Horologium
408 1334 443 1379 ⁶⁷,
470 1338 563 1380 quod
592 1337 637 1370 ibi
665 1337 765 1369 horas
791 1337 943 1382 legamus
958 1335 993 1378 ⁶⁸,
1021 1337 1056 1370 id
1085 1341 1132 1369 est
1144 1333 1168 1353 ⁶⁰
1195 1339 1406 1383 colligamuS.

569 1389 672 1423 currit
698 1389 833 1429 umbra,
875 1394 909 1422 ut
935 1400 1171 1433 quamcunque
1195 1389 1261 1423 diei
1288 1390 1408 1423 horam
1436 1392 1598 1424 ostendat.

1181 1286 1376 1320 catenatum
1390 1285 1434 1330 δῦ,
1469 1288 1562 1331 quod
1591 1289 1759 1333 capiendo
1787 1294 1907 1323 teneat.

1460 1339 1520 1372 Est
1540 1341 1627 1373 enim
1655 1342 1688 1373 in
1708 1341 1832 1374 solariis
1860 1339 2015 1384 positum,

829 1474 898 1507 De
950 1475 1342 1509 instrumentis
1393 1477 1646 1510 rusticis.

231 1537 260 1568 1.
312 1536 438 1569 Vomer
459 1535 565 1569 dictus
578 1531 613 1577 ⁷²,
640 1534 733 1578 quod
762 1534 793 1566 vi
818 1533 959 1568 humum
975 1539 1085 1574 eruat,
1113 1546 1170 1568 seu
1196 1536 1240 1568 ab
1259 1536 1448 1570 evomendo
1462 1541 1593 1570 terram.
1629 1536 1681 1570 De
1701 1547 1769 1579 quo
1787 1534 2015 1570 Lucretius³³z

859 1586 977 1620 Uncus
1003 1587 1119 1619 aratri

288 1638 459 1681 Ferreus,
491 1637 626 1671 occulto
652 1637 824 1670 decrescit
851 1649 970 1672 vomer
997 1638 1032 1671 in
1058 1638 1164 1672 arvis.

60 1690 236 1734 Sumitque
246 1685 270 1706 ⁷⁴
303 1702 366 1735 per
392 1690 590 1724 detrimenta
601 1685 625 1706 ⁷⁵
651 1689 822 1734 fulgorem
834 1686 867 1722 ⁷⁶.

62 1760 92 1787 Z.
115 1774 156 1779 —
178 1756 338 1795 deportata
360 1758 410 1786 Ar.
432 1773 473 1779 —
508 1756 554 1794 45)
578 1768 598 1785 a
623 1762 769 1795 repertore
792 1758 864 1784 viti-s·
890 1756 1015 1784 Baeclzo

61 1802 92 1830 Z.
115 1815 156 1821 —-
179 1799 227 1839 46)
251 1801 285 1827 ιἰι
312 1799 413 1828 addidi
434 1810 449 1828 e
470 1800 526 1829 Gn.
546 1803 570 1831 1.
587 1802 616 1830 2.
640 1800 676 1830 al.
700 1809 746 1827 va.
771 1815 811 1820 —-
831 1798 877 1838 47)
902 1800 1015 1838 quibas

61 1844 91 1871 Z.
120 1858 152 1862 —
182 1844 229 1879 4⁸)
252 1842 399 1870 bacillum
423 1843 452 1871 Z.
472 1852 518 1871 va.
544 1859 581 1863 -
606 1841 652 1881 49)
678 1842 754 1869 dicti
779 1841 847 1870 add.
871 1843 950 1880 vulg.
975 1860 1008 1864 —

61 1886 128 1914 om.
153 1885 183 1914 Ζ.
209 1886 264 1912 Gu.
286 1888 311 1915 1.
329 1888 357 1916 2.
381 1895 427 1913 va.
456 1901 497 1906 —
533 1887 577 1921 50)
601 1886 633 1913 in
656 1890 736 1912 terra
759 1885 790 1912 Z.
815 1884 851 1912 al.
885 1901 926 1906 —
966 1884 1012 1924 51)

60 1928 108 1956 Sic
129 1927 159 1955 Z.
183 1926 238 1956 Gu.
256 1929 280 1957 l.
298 1929 327 1957 2.
345 1938 390 1966 pr.
412 1937 460 1955 va.
485 1944 522 1948 -—-
546 1933 621 1957 rust,
639 1928 704 1966 pal.
720 1927 801 1965 vulg.
824 1943 866 1948 —
890 1928 937 1963 52)
952 1928 1013 1955 vel-

60 1972 165 1998 lantur
189 1969 238 1998 Ar.
256 1984 297 1991 —
328 1972 372 2003 53)
388 1968 464 1997 dicti
487 1969 554 1997 add.
578 1970 634 1999 Gu.
646 1974 673 2002 1.
685 1973 712 2001 2.
730 1986 767 1991 -
791 1970 839 2006 54)
852 1969 900 1997 Sic
918 1970 972 1998 Gu.
985 1973 1010 2001 1.

59 2017 87 2045 2.
110 2027 151 2034 —-
175 2011 321 2039 dicantur
344 2012 424 2049 vulg.
442 2028 482 2033 —
497 2013 541 2048 55)
559 2022 614 2050 per
637 2023 694 2041 om.
710 2013 741 2043 Z.
757 2028 796 2033 —
820 2011 864 2051 56)
877 2013 1012 2050 forcipes

59 2056 90 2085 Z.
114 2071 153 2076 -—
172 2056 308 2092 foipices
331 2055 385 2084 Gu.
411 2058 437 2085 1.
460 2064 507 2082 va.
530 2070 571 2075 —
593 2054 639 2093 57)
661 2056 801 2093 forcipes
819 2065 864 2083 va.
890 2071 928 2075 —
961 2053 1010 2094 58)

54 2099 169 2135 fornax
190 2098 220 2126 Z.
245 2113 284 2118 —
310 2097 387 2126 Edit.
409 2107 457 2124 va.
480 2096 547 2126 add.
575 2096 610 2124 de
634 2097 745 2135 quibu-s·
769 2098 908 2125 omnihus
930 2099 1009 2124 scri—

1059 1755 1144 1795 qaod
1164 1757 1234 1784 licet
1261 1756 1373 1784 barbae
1396 1762 1521 1794 segetem
1551 1762 1644 1784 metat
1675 1758 1854 1794 impressam
1886 1766 2011 1793 corpori,

1058 1805 1157 1827 tamen
1182 1799 1389 1827 substantiam
1411 1800 1557 1837 relinquit
1581 1800 1734 1827 illaesam.
1772 1799 1938 1836 Utrumque
1955 1809 2010 1828 om.

1057 1842 1088 1870 Z.
1113 1842 1167 1870 Gu.
1196 1845 1221 1873 1.
1244 1844 1271 1873 2.
1295 1842 1363 1878 An,
1388 1842 1438 1880 qui
1461 1841 1520 1870 hoc
1543 1846 1657 1870 tantum
1681 1840 1816 1870 exhibet:
1850 1842 2011 1870 Novacum

1058 1895 1088 1913 eo
1112 1884 1197 1922 quod
1218 1886 1344 1912 innovat
1364 1885 1490 1920 faciem.
1517 1902 1553 1905 —
1584 1884 1632 1920 60)
1655 1883 1703 1912 Sic
1727 1884 1783 1913 Gu.
1808 1886 1834 1915 1·
1853 1887 1880 1916 2.
1907 1884 1943 1912 al.
1967 1894 2010 1912 va.

1058 1946 1094 1949 —
1121 1929 1229 1955 l’ecten
1252 1926 1356 1954 dictu-s*
1378 1926 1460 1964 vulg.
1486 1942 1527 1947 —
1550 1926 1597 1963 61)
1610 1926 1660 1955 Sic
1682 1927 1713 1954 Z.
1738 1926 1795 1955 Gu.
1816 1930 1842 1957 1.
1862 1929 1890 1957 2.
1908 1936 1953 1954 va.
1973 1942 2008 1947 —

1056 1975 1097 1997 est
1122 1980 1198 1996 aclis
1221 1969 1302 2006 vulg.
1327 1986 1365 1990 —-
1394 1967 1441 2008 62)
1467 1969 1630 2005 calefaciat
1653 1969 1709 1998 Gu.
1738 1973 1763 2000 1.
1792 1985 1829 1990 -—
1869 1968 1917 2008 63)
1945 1975 2008 1995 101-

1056 2017 1125 2050 qaet
1148 2012 1204 2041 Gu.
1224 2013 1462 2049 1.——z'nlorquet
1485 2012 1565 2049 vulg.
1590 2026 1632 2033 —
1656 2009 1702 2052 64)
1727 2017 1754 2040 et
1766 2022 1823 2041 om.
1838 2012 1870 2041 Z.
1891 2027 1933 2033 —-
1962 2013 2009 2045 65)

1058 2055 1162 2083 clavis
1182 2076 1188 2083 .
1206 2075 1213 2082 .
1236 2055 1355 2092 aperiat
1378 2064 1432 2082 om.
1463 2054 1493 2082 Z.
1517 2070 1558 2076 -
1588 2052 1634 2093 66)
1658 2055 1706 2083 Sic
1729 2055 1760 2083 Z.
1785 2054 1842 2084 Gn.
1865 2057 1889 2084 1.
1913 2056 1940 2084 2.
1963 2064 2007 2092 pr.

1052 2113 1093 2118 —
1121 2097 1237 2125 Calena
1260 2097 1340 2134 vulg.
1362 2112 1404 2118 -—
1426 2095 1473 2135 07)
1490 2097 1663 2134 Horologia
1684 2097 1715 2127 Z.
1736 2113 1777 2119 —·
1804 2096 1850 2135 65)
1873 2097 2007 2134 ligamus

59 2141 141 2168 bitur
162 2140 212 2167 liic
235 2150 353 2167 versus:
378 2139 492 2176 Forfice
511 2139 582 2177 pila
595 2140 673 2177 βίω·
696 2151 767 2178 cape
785 2142 919 2178 forpices
933 2141 1008 2177 for·
1054 2139 1110 2168 Gu.
1133 2142 1163 2171 2.
1188 2156 1225 2161 —
1250 2137 1297 2179 69)
1319 2144 1345 2166 et
1364 2148 1421 2177 pro
1444 2138 1480 2167 id
1501 2145 1543 2168 est
1565 2140 1596 2168 Ζ.
1620 2156 1660 2160 ——
1682 2139 1729 2179 70)
1753 2140 1802 2168 Sic
1825 2140 1855 2167 Z.
1874 2139 2005 2168 Gu.1.2.

59 2185 153 2221 rictpe
165 2183 299 2219 ferrum.
316 2200 353 2205 -—
379 2181 423 2221 59)
442 2182 603 2209 Novacum
628 2203 634 2209 .
655 2203 664 2211 .
688 2184 794 2210 Pet-ten
817 2206 824 2212 .
847 2207 853 2213 .
878 2194 1007 2221 compos.
1051 2191 1099 2211 va.
1120 2183 1170 2210 Ar.
1187 2198 1229 2203 —
1246 2192 1301 2220 per
1323 2181 1435 2210 lineam
1458 2182 1539 2221 vulg.
1565 2199 1607 2204 —
1629 2184 1674 2216 71)
1695 2183 1760 2211 Om.
1784 2182 1840 2211 hoc
1864 2184 1949 2218 caput
1974 2178 2002 2205 Z.

59 2236 115 2255 om.
125 2226 157 2255 Z.
175 2242 212 2246 —-
236 2225 324 2262 Vulg.
336 2226 486 2262 sequitur:
507 2225 625 2261 ferrum
647 2225 766 2260 subtile,
788 2227 1007 2264 satisqneaca-
1054 2240 1088 2245 —
1115 2223 1161 2263 72)
1186 2224 1273 2262 Vulg.
1296 2230 1338 2252 est
1362 2224 1482 2261 dictus,
1505 2225 1558 2254 sed
1581 2230 1624 2253 est
1647 2236 1705 2254 orn.
1731 2225 1785 2253 Gu.
1804 2228 1829 2254 1.
1847 2225 1876 2253 2.
1895 2222 1944 2249 Ar.
1962 2236 2002 2241 ——

61 2274 132 2296 tum.
178 2268 275 2296 Dicta
298 2273 398 2294 aulem
421 2267 573 2294 novacula
597 2277 627 2294 eo
653 2266 735 2305 quod
755 2269 879 2296 innovat
902 2270 1005 2307 (1'11110-
1052 2266 1124 2296 dict.
1148 2272 1190 2294 est
1212 2276 1259 2295 va.
1283 2283 1325 2289 ——-
1354 2267 1399 2303 73)
1424 2267 1543 2298 Lucret.
1565 2268 1588 2302 I,
1611 2267 1682 2299 214.
1703 2278 1763 2305 seq·
1786 2282 1818 2286 -
1849 2260 1896 2301 74)
1920 2272 2002 2289 Sum·

62 2317 105 2338 ret
128 2321 174 2350 pr.
192 2308 252 2348 va.)
266 2310 394 2346 faciem.
423 2310 543 2337 Vulcan.
568 2314 651 2337 notat
673 2309 702 2337 in
726 2310 855 2347 quodam
879 2311 946 2339 cod.
966 2311 1007 2339 ila
1048 2315 1170 2348 patique
1194 2309 1250 2338 Gu.
1276 2312 1302 2340 1.
1328 2325 1370 2331 —-
1391 2308 1436 2349 75)
1460 2309 1670 2338 detrimentum
1684 2320 1728 2348 pr.
1752 2323 1790 2328 —
1814 2303 1860 2342 76)
1880 2305 1927 2332 Sic
1945 2303 2000 2332 Gu-

61 2353 130 2390 legi:
155 2353 317 2381 Novacum
340 2358 381 2380 est
408 2354 440 2380 in
466 2351 602 2391 quadam
625 2352 794 2379 subtilitate
825 2358 941 2380 tensum
963 2354 1008 2381 la-
1056 2356 1081 2384 1.
1103 2355 1130 2384 2.
1147 2362 1194 2392 pr.
1218 2362 1264 2381 va.
1289 2352 1337 2381 Ar.
1360 2368 1401 2374 —
1424 2354 1553 2381 nitorem
1573 2353 1656 2390 vulg.

62 2396 124 2423 tius
137 2396 270 2432 ferrum,
292 2394 437 2424 radendis
454 2396 532 2433 pilis
545 2396 760 2423 (acuti-ssimum
779 2401 1010 2433 praeparatum,
