2255 2819
209 100 284 135 498

608 190 636 224 C
663 190 691 222 A
719 189 755 221 P.
810 190 884 225 VII.

906 100 1084 134 ISIDORI
1109 99 1288 133 HISPAL.
1314 99 1458 135 EPISC.

939 192 1014 225 De
1063 193 1458 226 viridioribus
1508 195 1749 240 gemmis.

377 268 408 300 1.
463 266 619 300 Omnium
653 277 862 309 gemmarum
897 267 1069 301 virentium
1098 269 1303 314 Smaragdus
1337 269 1558 314 principatum
1593 271 1697 304 habet
1712 267 1733 310 ¹,
1773 270 1825 304 cui
1860 275 1986 304 veteres
2021 271 2150 304 tertiam

211 326 286 365 post
317 319 509 363 margaritas
542 322 575 349 et
610 317 745 350 uniones
779 320 923 351 tribuunt
955 320 1159 364 dignitatem.

211 373 296 406 enim
320 371 394 403 satis
422 368 525 401 viride
548 365 721 401 amarum3
748 369 876 403 dicitur.

211 429 267 457 est.

208 520 340 565 fuerit⁹,
368 524 450 556 sicut
477 523 663 567 speculum,
694 525 737 557 ita
760 525 920 570 imagines
947 527 1057 560 reddit
1075 524 1107 558 ¹⁰.

208 576 316 622 ragdo
344 575 527 620 spectabat.

1213 321 1420 365 Smaragdus
1457 333 1475 353 a
1509 322 1607 355 nimia
1642 323 1805 355 viriditate
1841 322 1947 355 dictus
1963 319 1985 358 ².
2040 323 2151 356 Omne

931 372 1036 404 Nullis
1064 373 1150 404 enim
1178 373 1335 417 gemmis,
1363 373 1416 404 vel
1444 372 1554 406 herbis
1577 374 1682 406 maior
1716 385 1815 417 quam
1842 371 1947 407 huic⁴
1983 374 2150 407 austeritas

320 423 405 454 Nam
433 419 553 452 herbas
581 421 720 453 virentes
747 421 948 465 frondesque
976 429 1164 468 exsuperat,
1198 423 1345 456 inficiens
1381 423 1468 457 circa
1501 437 1534 457 se
1562 426 1725 458 viriditate
1752 422 2004 469 repercussum⁵
2027 437 2148 458 aerem.

209 468 473 517 Sculpentibuss
500 482 636 514 quoque
663 483 815 517 gemmas
842 475 931 506 nulla
958 476 1085 519 gratior
1112 476 1285 509 oculorum
1323 475 1461 507 refectio
1499 482 1546 508 est
1558 473 1579 508 ⁷.

1161 527 1296 571 Quippe
1324 527 1413 559 Nero
1436 526 1557 560 Caesar
1578 528 1802 573 gladiatorum
1835 540 1965 574 pugnas
1996 529 2028 560 in
2061 540 2149 561 sma-

1633 477 1733 510 Cuius
1761 488 1882 521 corpus
1909 478 1933 509 si
1962 474 2149 509 extentum⁸

373 635 405 668 2.
458 635 591 667 Genera
628 634 926 677 eiusaduodecim,
961 637 1018 669 sed
1053 636 1232 670 nobiliores
1259 637 1425 681 Scythici,
1461 639 1518 681 qui
1549 639 1582 671 in
1609 639 1767 683 Scythica
1802 645 1901 684 gente
1932 639 2148 683 reperiuntur.

209 686 401 721 Secundum
433 687 545 719 locum
580 691 691 718 tenent
725 687 902 721 Bactriani.

207 790 369 835 Aegyptii
406 790 539 821 habent.

207 893 386 937 proficiunt
413 893 501 931 oleo,
526 893 674 935 quamvis
695 898 808 925 natura
836 894 1034 927 imbuantur.

372 951 404 984 3.
459 951 788 997 Clialcosmaragdus
813 954 912 995 (licta,
941 955 1033 998 quod
1058 954 1168 987 viridis
1196 954 1252 996 sit,
1280 954 1430 996 turbida,
1468 953 1594 988 aereis¹

207 1003 260 1036 vel
288 1003 402 1047 Cypro
431 1003 534 1034 insula
562 1004 712 1037 nascitur.

371 1061 406 1095 ⁴.
460 1063 589 1094 Prasios
614 1074 677 1106 pro
704 1063 855 1096 viridanti
873 1061 896 1081 ¹⁷
922 1065 1036 1099 colore
1058 1065 1174 1104 dictus,
1202 1065 1259 1097 sed
1287 1066 1369 1100 vilis,

549 1113 701 1146 Tertium
730 1114 919 1148 distinctum
947 1117 1083 1160 virgulis
1105 1117 1206 1148 tribus
1241 1116 1398 1150 candidis.

207 1112 265 1146 ctis
293 1112 454 1145 obhorret
466 1110 497 1146 ¹⁸.

372 1171 387 1188 r

207 1223 335 1268 ragdo,
370 1224 428 1256 sed
464 1235 538 1257 cum
572 1225 712 1268 pallore.

208 1277 458 1319 repercussione
469 1272 494 1291 ²²
521 1277 718 1320 angulorum
746 1278 912 1310 excitetur.

370 1183 404 1205 ο.
457 1173 602 1205 Berillus
630 1174 660 1205 in
684 1174 777 1206 ludia
804 1172 990 1215 naseiturffi,
1017 1176 1123 1219 gentis
1151 1188 1228 1207 snae
1255 1177 1368 1220 lingna

767 1226 895 1258 Politur
928 1232 1037 1259 autem
1071 1227 1113 1259 ab
1137 1227 1226 1258 Indis
1258 1228 1290 1259 in
1325 1227 1521 1270 sexangulas
1537 1224 1560 1243 ²¹
1585 1228 1727 1267 formas,
1763 1233 1798 1260 ut
1825 1228 1996 1260 hebetudo
2024 1227 2147 1260 coloris

967 1279 1071 1311 Aliter
1098 1279 1221 1322 politus
1247 1289 1314 1310 non
1340 1278 1444 1310 habet
1469 1278 1647 1322 fulgorem.

956 689 1170 734 Colliguntur
1204 690 1289 721 enim
1330 689 1361 721 in
1395 690 1617 724 commissuris
1650 703 1801 723 saxorum
1837 692 1936 723 flante
1970 690 2148 733 Aquilone.

208 739 308 772 Tunc
336 739 421 771 enim
450 738 568 770 tellure
596 737 688 770 disco
718 737 870 782 operta¹¹
899 740 1121 780 intermicant,
1152 741 1229 784 quia
1255 741 1291 772 iis
1312 742 1415 774 ventis
1447 754 1566 775 arenae
1595 744 1736 775 maxime
1765 749 1945 775 moventur.

594 789 728 832 Reliqui
763 791 794 822 in
831 791 971 823 metallis
1005 793 1136 824 aerariis
1172 793 1396 833 inveniuntur,
1434 794 1493 826 sed
1528 794 1644 828 vitiosi.

207 842 358 885 plumb0,
392 837 483 873 vel¹⁴
518 841 759 883 capillamentis
777 838 810 882 ¹⁵,
846 844 898 874 vel
927 843 1001 875 salis
1035 844 1155 877 similes
1189 849 1281 876 notas
1316 844 1450 877 habent.

1996 742 2149 774 Tertium

1695 795 1780 826 Nam
1815 791 1904 827 aut¹²
1938 804 2030 833 aere,
2059 788 2148 824 aut¹³

1510 845 1689 890 Smaragdi
1725 851 1835 878 autem
1870 856 1961 878 mero
1990 850 2022 877 et
2052 843 2148 876 viridi

1598 952 1609 971 fi

1646 956 1742 988 venis.
1795 955 1891 989 Haec
1917 956 1949 988 in
1977 955 2148 999 Aegypto,

1423 1064 1523 1099 Cuius
1551 1065 1691 1098 alterum
1717 1078 1823 1111 genus
1849 1066 2034 1110 sanguineis
2059 1076 2147 1110 pun-

1384 1172 1409 1191 ²⁰
1435 1187 1556 1208 nomen
1581 1176 1717 1217 habens,
1745 1177 1907 1209 viriditate
1933 1177 2045 1208 similis
2059 1187 2147 1208 sma-

1701 1278 1834 1311 Genera
1861 1280 1929 1312 eius
1959 1290 2088 1311 novem.

371 1335 403 1368 6.
459 1335 730 1379 Clirysoberillus
758 1335 915 1378 ‹lictus²³,
950 1350 990 1371 eo
1028 1338 1121 1381 quod
1156 1338 1287 1383 pallida
1320 1339 1388 1371 eius
1416 1338 1563 1370 viriditas
1597 1338 1629 1370 in
1657 1349 1791 1371 aureum
1819 1339 1968 1372 colorem
1995 1338 2146 1383 resplen-

208 1386 283 1418 deat
299 1383 334 1427 ²¹,
363 1392 394 1419 et
417 1387 508 1420 hunc
531 1389 624 1420 lndia
652 1385 790 1421 mittit‘s'.

370 1438 402 1470 Ἴ.
457 1438 721 1484 chrysoprassus
742 1436 908 1472 Ιιιᾱίειιε26

936 1445 993 1478 est,
1022 1441 1136 1474 colore
1165 1442 1344 1475 commixto
1358 1437 1401 1481 ²¹⁷,
1435 1441 1525 1484 porri
1552 1452 1688 1475 succum
1715 1441 1878 1482 referens,
1912 1442 2018 1474 aureis
2045 1442 2147 1474 inter—

209 1488 410 1521 venientibus
437 1491 547 1534 guttis,
576 1492 663 1523 unde
692 1496 723 1523 et
751 1502 871 1523 nomen
899 1493 1040 1536 accepit,
1063 1504 1162 1535 quem
1190 1492 1326 1535 quidam
1354 1492 1556 1524 Berillorum
1584 1493 1715 1537 generis
1745 1489 2015 1526 iudicaveruntffl.

372 1540 406 1574 8.
460 1542 562 1584 Iaspis
589 1542 632 1574 de
660 1542 794 1576 Graeco
817 1544 847 1574 in
875 1543 1028 1576 Latinum
1062 1544 1173 1576 viridis
1207 1556 1341 1588 gemma
1371 1544 1612 1588 interpretatur.

596 1594 655 1625 Est
689 1600 796 1626 autem
832 1595 1011 1639 smaragdo
1047 1596 1238 1636 subsimilis,
1278 1595 1335 1627 sed
1351 1591 1376 1611 ³⁰
1408 1595 1504 1628 crassi
1537 1596 1665 1629 coloris,

207 1601 341 1634 gemma
381 1592 499 1625 dicitur
509 1589 542 1624 w.

1663 1545 1714 1577 las
1749 1545 1875 1588 quippe
1910 1543 2031 1584 viride,
2066 1544 2147 1587 pina

1724 1595 1861 1638 Species
1895 1596 1963 1628 eius
1990 1594 2097 1627 xvu.
2110 1591 2144 1626 ³¹.

209 1642 333 1674 Volunt
360 1650 469 1676 autem
491 1644 626 1687 quidam
654 1646 817 1689 iaspidem
839 1658 1009 1690 gemmam
1043 1652 1075 1680 et
1107 1648 1232 1692 gratiae
1267 1652 1299 1679 et
1334 1647 1456 1679 tutelae
1491 1657 1559 1679 esse
1592 1647 1814 1691 gestantibus,
1848 1647 1941 1690 quod
1957 1642 1981 1662 ³²
2008 1645 2145 1679 credere

209 1703 273 1725 non
300 1693 388 1733 fidei,
415 1695 473 1727 sed
501 1697 735 1739 superstitionis
768 1703 824 1730 est.

371 1745 404 1778 9.
457 1746 637 1791 Topazion
651 1744 676 1764 ³³
703 1759 741 1781 ex
769 1748 883 1781 virenti
911 1760 1034 1793 genere
1070 1754 1135 1790 est,
1170 1750 1326 1792 omnique
1361 1749 1475 1782 colore
1508 1748 1738 1792 resplendens,
1772 1748 1901 1781 inventa
1934 1748 2078 1792 primum
2112 1747 2144 1779 in

294 1858 323 1899 1)
353 1867 426 1889 tenet
455 1864 487 1893 Z.
522 1883 559 1888 —
600 1863 632 1905 2)
662 1866 711 1894 Sic
738 1867 794 1895 Gu.
820 1869 846 1896 1·
869 1882 909 1887 -—
935 1865 1050 1894 dicitur·
1074 1867 1157 1904 vulg.

210 1917 250 1924 -—
280 1910 405 1931 foculus
433 1906 464 1932 Z.
496 1907 552 1937 Cu.
583 1910 610 1938 2.
641 1918 686 1940 va,
717 1925 757 1930 —
798 1915 923 1936 vocatur
962 1909 1010 1937 Ar.
1040 1925 1081 1930 —
1126 1908 1157 1948 θ’)

209 1943 257 1971 Sic
276 1945 306 1973 Z.
331 1946 386 1975 Gu.
410 1950 435 1976 1.
460 1948 508 1976 Ar.
535 1967 571 1972 -—
597 1950 803 1988 Sttzarugclum
827 1951 904 1988 vulg.
928 1968 967 1973 ....
1011 1955 1038 1985 4)
1063 1952 1109 1979 Sic
1127 1953 1156 1978 Z.

212 1986 269 2015 Gu.
292 1990 317 2018 1.
340 1990 369 2018 2.
391 1998 437 2017 va.
463 1991 511 2019 Ar.
540 2008 573 2012 —
602 1993 658 2020 lwc
683 1994 762 2031 vulg.
778 2011 813 2014 -—
838 1997 867 2028 5)
890 2005 1081 2031 mpercussus
1102 1996 1157 2022 (iu.

213 2034 240 2060 1.
263 2045 298 2050 -—
331 2033 357 2062 6)
383 2031 481 2069 Scalp.
510 2033 559 2061 Ar.
583 2051 620 2056 -
653 2035 682 2073 7)
707 2037 793 2063 nulla
817 2037 893 2063 ocul.
915 2038 990 2073 pers]
1010 2042 1092 2074 grat.
1116 2042 1156 2063 est

212 2071 268 2099 Gu.
281 2073 309 2101 2.
341 2088 381 2092 -—
420 2077 446 2105 ὃ)
471 2080 619 2103 (Χίενιᾶιιιη
650 2078 686 2106 al,
718 2095 758 2099 —
794 2076 823 2117 bt)
847 2085 887 2106 eol
912 2081 967 2109 (ἆυ,
992 2082 1020 2109 2.
1046 2089 1091 2108 va.
1117 2095 1158 2101 -·

211 2129 251 2135 —
276 2113 320 2150 10)
343 2113 443 2142 redde!
474 2117 528 2144 Gn.
553 2120 582 2148 2.
606 2134 645 2139 —
674 2120 737 2149 On).
761 2130 809 2148 vv.
847 2122 942 2149 Cuius
957 2143 963 2149 .
981 2142 987 2148 .
1004 2121 1102 2149 reddit
1126 2122 1157 2149 Z.

211 2171 251 2176 —
286 2155 329 2192 11)
351 2157 398 2184 Sic
430 2158 487 2186 Gu.
513 2162 537 2188 1.
558 2160 586 2188 2.
609 2175 648 2180 —
679 2162 817 2199 deoperta
848 2164 928 2200 vulg.
960 2179 997 2184 —-
1035 2167 1082 2199 12)
1104 2170 1157 2191 aut

213 2207 269 2227 om.
291 2198 322 2225 Z.
346 2214 388 2220 —
412 2201 456 2236 13)
480 2205 504 2227 rt
528 2201 558 2229 Z.
583 2218 619 2222 —
646 2202 690 2242 14)
710 2205 757 2231 Sic
782 2206 811 2232 Z.
836 2208 892 2235 Gn.
916 2208 942 2235 1.
967 2215 1014 2234 va.
1042 2223 1075 2226 —
1102 2212 1157 2234 (tul

213 2240 292 2274 vulg.
313 2256 356 2261 —-
380 2239 425 2281 15)
443 2242 491 2270 Sic
515 2243 602 2271 Arev.
627 2259 665 2264 —
691 2246 787 2281 salsill.
810 2248 888 2284 vulg.
914 2266 949 2269 —
975 2248 1092 2285 lapillis
1109 2250 1158 2276 la-

209 2283 399 2320 pillamenlis
424 2285 455 2312 Z.
477 2300 518 2307 —-
541 2301 582 2306 —
604 2284 648 2324 16)
671 2287 719 2314 Sic
742 2288 797 2317 Gu.
823 2292 847 2319 1.
872 2292 899 2320 2.
924 2290 960 2317 al.
979 2300 1022 2327 pr.
1047 2301 1092 2319 va.
1116 2307 1157 2312 —

214 2326 293 2352 aeris
315 2326 395 2364 vulg.
418 2342 459 2348 —
480 2327 604 2356 haerens
633 2328 671 2356 al.
698 2344 739 2350 —
778 2332 822 2365 17)
845 2332 891 2359 Sic
915 2332 945 2359 Ζ.
976 2334 1030 2362 Gn.
1057 2336 1083 2364 1.
1107 2337 1156 2362 Ar.

1200 1883 1241 1888 —
1270 1865 1421 1895 viridante
1460 1866 1540 1901 vulg.
1579 1883 1611 1887 -—
1665 1865 1710 1906 18)
1739 1866 1874 1893 obhorret
1912 1875 1968 1904 pro
2006 1864 2144 1893 abhorret

1202 1910 1291 1939 Arcv.
1308 1909 1404 1937 ePlin⁴
1421 1908 1572 1943 XXXVII,
1591 1912 1615 1936 S.
1632 1924 1673 1930 —-
1697 1907 1744 1947 19)
1768 1909 1815 1936 Sic
1840 1909 1895 1936 Gn.
1908 1913 1931 1940 1.
1950 1924 1985 1928 ——
2001 1909 2144 1946 gignitur

1201 1952 1282 1989 vulg.
1305 1968 1344 1973 —
1367 1950 1411 1990 ΞΟ)
1436 1952 1559 1989 linguae
1581 1961 1624 1979 va.
1648 1966 1689 1972 —-
1726 1952 1773 1987 21)
1795 1951 2027 1988 swa-angulorum
2050 1951 2080 1978 Z.
2104 1965 2142 1970 —-

1200 1994 1376 2031 sexangulis
1407 2003 1452 2020 va.
1488 2010 1522 2014 —
1566 1997 1611 2026 2¹2)
1635 2004 1809 2031 repr-reuma
1832 1994 1865 2022 Z.
1894 1994 1950 2021 Gu.
1973 1995 2000 2023 2-
2031 1992 2080 2021 Ar.
2106 2007 2140 2013 —

1200 2036 1384 2076 23)‹l1·‹:i111r
1417 2036 1447 2064 Z.
1477 2053 1515 2057 —
1552 2039 1596 2072 Ξ-έ)
1627 2035 1781 2074 splendeat
1803 2037 1838 2065 Z.
1871 2052 1908 2057 -
1945 2038 1989 2067 ι25)
2018 2036 2143 2062 mittunt

1203 2080 1304 2109 Gu.1.
1334 2089 1368 2106 an
1399 2079 1520 2106 sortasse
1544 2078 1633 2106 ludia
1664 2088 1752 2107 sensu
1781 2078 1939 2106 collectivo
1969 2087 2025 2116 pro
2058 2075 2145 2106 [ndis

1199 2121 1443 2158 intelligendum?
1466 2137 1507 2141 -
1547 2122 1594 2157 1³5)
1626 2121 1750 2149 Indicus
1779 2131 1825 2149 om
1853 2121 1884 2149 Z.
1915 2136 1951 2141 —-·
1990 2118 2039 2160 ⁶27)
2067 2129 2143 2147 com-

1200 2166 1292 2191 mixlo
1316 2163 1417 2190 addidi
1441 2173 1455 2191 e
1480 2165 1537 2191 Gu.
1564 2166 1590 2194 1.
1617 2180 1652 2185 —
1678 2163 1722 2201 23)
1743 2165 1846 2201 generi
1867 2162 2046 2190 dicaverunt
2057 2161 2140 2190 Arev.

1200 2222 1240 2228 ——
1266 2208 1310 2241 29)
1335 2205 1388 2233 Vv.
1414 2206 1464 2233 Ias
1487 2206 1618 2243 (Graece
1641 2206 1707 2235 add.
1724 2205 1784 2243 va.)
1808 2207 1917 2244 quippe
1940 2204 2045 2240 viride,
2062 2204 2141 2240 pina

1202 2248 1271 2282 (Sic
1296 2248 1342 2275 Ar.
1366 2264 1405 2269 ——
1423 2250 1588 2286 pauiu-sius
1611 2249 1640 2277 Z.
1666 2264 1704 2270 —
1723 2250 1848 2287 plna-sin
1874 2249 1929 2276 Gu.
1954 2250 1981 2278 1.
1996 2246 2140 2282 -Ρίηα-

1201 2292 1249 2318 rin
1292 2290 1348 2318 Gu.
1376 2293 1403 2320 2.
1445 2309 1480 2312 —
1519 2293 1665 2329 pinnas-in
1700 2292 1738 2321 al,
1776 2293 1839 2328 va.)
1874 2299 1992 2328 gemma
2026 2286 2140 2315 dicitur

1200 2332 1302 2362 addidi
1326 2343 1340 2361 e
1363 2334 1392 2361 Z.
1416 2334 1471 2362 Cu.
1494 2337 1518 2365 1.
1536 2336 1564 2363 2.
1583 2334 1621 2362 al.
1645 2343 1690 2364 va.
1713 2334 1762 2362 Ar.
1784 2349 1824 2355 —
1846 2332 1892 2370 30)
1914 2330 1968 2359 sed
1987 2340 2042 2369 pro
2066 2335 2091 2358 et
2108 2330 2138 2357 Z.
