2203 2829
212 83 287 118 no

811 179 841 214 C
868 181 900 215 A
927 182 965 215 P.
1021 182 1144 216 XXXI.

377 259 410 292 1.
463 258 539 291 Nox
565 269 585 289 a
611 255 764 290 nocendo
792 256 899 301 dicta,
933 270 974 292 eo
1008 260 1101 304 quod
1127 265 1247 295 noceat
1274 260 1380 295 oculis
1392 257 1412 293 ¹.

905 78 1084 114 ISIDORI
1111 78 1296 116 HISPAL.
1321 79 1466 115 EPlsc.

1223 182 1308 217 De
1357 187 1566 218 nocte.

1467 261 1565 302 Quae
1591 261 1718 295 idcirco
1744 262 1843 296 lunae
1867 274 1907 298 ac
1934 263 2080 300 siderum
2108 266 2164 301 lu-

211 324 285 347 cem
311 312 428 352 habet,
455 322 496 343 ne
522 309 680 341 indecora
708 306 822 350 esset²‚
851 315 883 343 et
910 316 946 344 ut
972 309 1222 346 consolaretur³
1249 308 1387 345 omnes⁴
1415 317 1592 356 operantes
1618 310 1749 357 noete⁵‚
1777 311 1835 348 et⁶
1861 316 2062 360 quibusdam
2089 320 2164 352 ani-

210 365 391 403 mantibus,
419 373 504 406 quae
533 361 643 393 lucem
670 356 775 393 solis'
802 361 890 395 ferre
917 374 984 396 non
1010 368 1164 408 possunt,
1193 364 1236 397 ad
1264 364 1496 397 sufficientiam
1524 370 1767 410 temperaretur
1790 391 1798 399 .

376 414 408 448 2,
460 412 575 445 Noctis
607 416 716 445 autem
753 417 786 445 et
819 413 886 447 diei
922 415 1096 448 alternatio
1133 421 1276 460 propter
1311 415 1567 450 vicissitudinem
1602 417 1764 463 vigilandi
1802 417 2084 464 dormiendique⁹
2110 420 2163 455 ef-

210 468 298 501 fecta
325 471 391 505 est,
420 469 452 498 et
479 469 514 496 ut
540 464 652 507 operis
681 463 789 496 diurni
816 466 966 499 laborem
993 468 1099 501 noctis
1123 468 1253 511 requies
1279 472 1484 511 temperaret
1494 464 1528 502 ¹⁰.

375 516 409 549 3.
462 516 606 548 Noctem
623 512 643 531 ¹¹
672 520 783 548 autem
809 514 916 550 fieri¹²
943 518 1075 560 dicunt,
1099 524 1156 552 aut
1182 520 1259 563 quia
1286 519 1392 564 longo
1424 520 1540 552 itinere
1566 519 1705 553 lassatur
1716 516 1740 536 ¹³
1767 521 1837 562 sol,
1871 526 1904 554 et
1931 531 2008 555 cum
2035 522 2080 555 ad
2107 523 2161 556 ul-

208 569 325 602 timum
352 567 440 602 coeli
466 567 615 611 spacium
642 569 793 612 pervenit
805 564 829 585 ¹³
863 569 1068 615 elanguescit
1079 568 1102 588 ¹⁵
1135 581 1175 604 ac
1211 571 1395 604 labefactus
1406 567 1430 588 ¹⁶
1458 571 1550 604 efflat
1586 583 1662 605 suos
1697 572 1810 616 ignes,
1839 578 1896 605 aut
1929 574 2008 617 quia
2039 574 2160 608 eadem

207 616 273 653 vi¹⁷
299 620 359 653 sub
387 624 488 652 terras
516 619 648 663 cogitur
660 616 701 661 ¹⁸,
731 631 799 664 qua
810 616 835 637 ¹⁹
864 619 1000 667 super²⁰
1026 628 1129 656 terras
1156 623 1295 667 pertulit
1307 619 1330 639 ²¹
1361 623 1493 665 lumen,
1528 627 1561 656 et
1593 623 1639 658 sic
1666 624 1785 657 umbra
1811 629 1918 658 terrae
1944 630 2078 660 noctem
2106 626 2159 659 fa-

207 672 259 707 cit.
315 671 416 705 Unde
438 670 597 716 Virgilius
607 667 648 703 ²²:

974 724 1044 757 ruit
1055 721 1080 741 ²³
1111 724 1254 758 Oceano
1280 735 1367 769 nox,

436 772 620 807 Involvens
642 772 770 807 umbra
796 784 937 819 magna
953 779 1156 821 terramque
1170 778 1373 822 polumque.

371 831 406 865 4.
458 833 572 866 Noctis
599 839 709 878 partes
732 840 861 879 septem
888 840 972 877 sunt,
996 836 1031 869 id
1059 842 1106 870 est
1132 849 1307 882 vesperum
1318 834 1353 880 Ἠ,
1381 835 1627 881 crepusculum,
1655 837 1881 879 conticinium,
1907 836 2154 882 intempestum,

205 885 427 931 gallicinium,
455 885 671 926 matutinum,
700 886 897 920 diluculum.

372 934 406 971 5.
459 934 681 980 Vesperum²⁵
708 938 751 970 ab
778 939 873 971 stella
901 938 1102 972 occidentali
1129 936 1340 982 vocatum²⁰‚
1375 950 1463 984 quae
1489 939 1595 973 solem
1623 939 1803 974 occiduum
1829 940 1977 985 sequitur
2000 946 2033 974 et
2059 946 2153 974 tene·

204 987 280 1021 bras
306 992 480 1031 sequentes
509 989 691 1032 praecedit.
744 989 797 1022 De
823 1002 890 1034 qua
914 990 1091 1035 Virgilius:

432 1039 525 1072 Ante
547 1040 643 1072 diem
669 1041 788 1074 clauso
799 1038 824 1058 ²⁷
851 1046 1032 1086 componet
1042 1039 1068 1059 ²⁸
1094 1053 1219 1087 vesper
1250 1042 1412 1087 Olympo.

368 1088 402 1121 6.
457 1091 635 1124 Tenebrae
645 1088 669 1108 ²⁹
696 1097 806 1125 autem
836 1093 962 1133 dictae,
989 1094 1082 1137 quod
1110 1099 1242 1127 teneant
1268 1095 1412 1128 umbras.

368 1140 402 1172 7.
456 1141 699 1186 crepusculum
727 1149 776 1177 est
803 1144 905 1178 dubia
928 1145 993 1178 lux.

204 1195 235 1223 et
259 1191 422 1226 tenebras,

366 1242 400 1275 8.
454 1243 677 1278 Conticinium
705 1250 770 1286 est,
793 1245 929 1288 quando
955 1246 1067 1279 omnia
1081 1244 1105 1263 ³¹
1133 1247 1240 1282 silent.

1046 1146 1132 1179 Nam
1159 1156 1336 1191 creperum
1347 1143 1371 1163 ³⁰
1397 1145 1537 1178 dubium
1564 1143 1721 1187 dicimus,
1755 1142 1825 1178 hoc
1855 1149 1903 1178 est
1928 1144 2013 1178 inter
2039 1145 2151 1180 lucem

1293 1247 1527 1282 Conticescere
1553 1246 1640 1280 enim
1667 1247 1763 1280 silere
1791 1251 1849 1283 est.

366 1294 399 1326 9.
455 1295 696 1339 intempestum
708 1293 732 1312 ³²
759 1297 906 1329 medium
935 1302 967 1330 et
994 1299 1200 1331 inactuosum
1229 1299 1333 1332 noctis
1360 1304 1407 1333 est
1433 1303 1564 1342 tempus
1576 1295 1619 1340 ³³,
1646 1297 1783 1341 quando
1810 1298 1894 1331 nihil
1924 1294 2013 1342 agi³¹
2039 1303 2150 1344 potest

202 1348 234 1375 et
261 1344 371 1377 omnia
398 1347 511 1388 quieta
543 1352 616 1379 suut
650 1359 772 1392 sopore
783 1345 816 1380 ³³.

202 1394 355 1429 Medium
387 1402 497 1431 autem
524 1399 630 1431 noctis
656 1405 733 1432 actu
760 1404 859 1433 caret.

868 1349 954 1381 Nam
981 1355 1113 1394 tempus
1147 1361 1208 1394 per
1242 1362 1276 1383 se
1307 1362 1373 1384 non
1400 1350 1612 1396 intelligitur,
1649 1349 1708 1383 nisi
1733 1361 1796 1393 per
1822 1349 1986 1383 humanos
2011 1356 2102 1383 actus
2113 1347 2148 1385 ³⁵.

369 1447 424 1481 10.
480 1450 574 1493 Ergo
601 1450 798 1495 intempesta
810 1447 835 1466 ³³
862 1451 1051 1493 inactuosa,
1078 1453 1172 1495 quasi
1199 1452 1268 1486 sine
1294 1457 1465 1497 tempore,
1492 1452 1561 1487 hoc
1588 1457 1637 1486 est
1663 1452 1731 1485 sine
1757 1457 1852 1495 actu,
1879 1463 1942 1497 per
1967 1463 2069 1496 quem
2094 1451 2148 1485 di·

286 1551 316 1594 l)
339 1554 388 1583 Sic
404 1555 460 1584 Gu.
478 1559 560 1587 1.-
583 1558 681 1585 oculis
703 1565 807 1586 nocent
829 1559 911 1597 vulg.
936 1576 971 1581 —
1004 1560 1035 1597 2)
1059 1567 1153 1588 essent

202 1596 259 1623 Gu.
277 1599 304 1627 1.
327 1614 368 1618 ——
391 1609 426 1625 ne
448 1598 517 1626 inde
541 1605 645 1627 contra
668 1607 740 1628 casuve!
757 1602 791 1631 al,
812 1618 854 1623 —
879 1603 910 1640 3)
924 1603 1153 1631 consolarentur

200 1638 257 1667 Gu.
274 1641 302 1669 2,
327 1639 364 1667 al.
384 1656 426 1661 —
448 1642 619 1670 solarentur
642 1644 678 1671 al.
709 1659 750 1664 —
778 1645 808 1680 4)
830 1644 965 1672 hominm
988 1646 1023 1673 al.
1047 1662 1089 1667 —
1121 1646 1151 1685 5)

199 1681 249 1708 Sic
272 1681 328 1709 Gu.
350 1685 375 1712 1.
400 1699 439 1704 —
463 1684 549 1722 Vulg.
572 1691 656 1713 noete
681 1696 758 1724 oper.
775 1703 809 1707 —
835 1689 862 1724 6)
886 1687 972 1726 Vulg.
990 1694 1017 1716 et
1040 1694 1083 1725 ut,
1100 1689 1151 1717 sed

200 1729 234 1751 ut
258 1734 316 1752 om.
341 1725 396 1752 Gu.
417 1728 442 1756 1.
459 1728 487 1757 2,
514 1744 555 1749 -
582 1727 610 1766 7)
635 1729 710 1756 solta*
736 1739 795 1758 oin.
812 1730 843 1757 Z.
866 1746 907 1751 —
929 1733 959 1768 8)
974 1737 1151 1770 temperetur

200 1767 293 1796 Gu.1.
308 1782 349 1787 -—
372 1773 552 1806 temperatur
574 1771 631 1799 Gu.
647 1774 675 1802 2.
691 1787 733 1792 -
755 1769 784 1811 9)
803 1772 851 1800 sic
870 1773 927 1803 Gu.
947 1776 973 1805 1.
997 1790 1037 1797 -—-
1060 1774 1146 1811 vulg.

200 1808 370 1837 dormiendi
389 1817 413 1838 et
437 1812 599 1848 vigilandi.
623 1831 656 1835 —
678 1813 849 1842 dormiendi
877 1816 1092 1855 vigilandiqtce
1117 1819 1146 1845 Z.

200 1866 237 1872 -—
265 1855 307 1886 10)
332 1853 380 1880 Sic
401 1854 431 1882 Z.
456 1855 514 1884 Gu.
534 1858 559 1887 1.
577 1856 629 1886 Ar.
648 1873 684 1878 —
702 1863 839 1896 temperet
859 1859 939 1897 vulg.
955 1875 996 1881 -—
1020 1863 1061 1897 11)
1081 1861 1147 1888 No-

199 1899 272 1921 ctem
296 1904 390 1932 usque
414 1896 450 1924 ad
467 1896 492 1936 ἓ.
515 1897 543 1927 5.
577 1900 702 1938 Olympo
727 1910 783 1930 om.
803 1901 834 1928 Z.
864 1919 901 1923 —
935 1903 979 1941 12)
994 1902 1069 1940 fieri
1090 1914 1147 1932 om.

199 1936 257 1965 Gu.
280 1939 305 1967 1.
338 1942 367 1966 et
381 1938 503 1968 exhibet
525 1939 658 1969 dicimus
681 1953 747 1971 cum
771 1943 808 1971 al.
826 1959 867 1964 —
890 1944 977 1975 Arev.
1000 1950 1029 1974 et
1046 1946 1101 1975 Gu.
1117 1949 1147 1977 2.

199 1988 256 2006 om.
280 1980 405 2008 verbum
422 1982 549 2010 dicendi.
566 2001 602 2004 —
629 1988 671 2019 13)
683 1986 819 2013 [amatu-s·
841 1986 899 2015 Gu.
914 1990 942 2018 2.
958 2003 999 2008 —
1022 1990 1147 2028 14)pcr-

198 2023 309 2049 venerit
334 2023 392 2052 Gu.
407 2027 436 2055 2.
454 2025 492 2053 al.
515 2041 556 2047 —
587 2026 633 2063 15)
652 2033 677 2054 et
701 2029 871 2066 languescit
897 2030 954 2058 Gu.
981 2032 1007 2060 1.
1032 2048 1074 2052 —
1105 2034 1147 2069 16)

198 2064 367 2101 labefacto-5*
390 2067 429 2095 al.
442 2083 484 2088 —-
507 2068 674 2106 labefacto-s·
691 2071 778 2101 Arev.
795 2081 809 2099 e
826 2072 943 2102 Lucret.
962 2072 1013 2102 lib.
1030 2074 1067 2110 V,
1076 2075 1146 2105 651.

198 2107 242 2134 At
264 2118 322 2135 nox
335 2108 434 2136 obruit
453 2111 567 2148 ing-enti
588 2113 719 2150 caligine
735 2119 840 2150 ferrar,
863 2115 939 2151 Λιιί,
963 2116 1015 2143 ubi
1030 2116 1065 2144 de
1081 2117 1147 2144 lon-

194 2160 234 2187 go
259 2160 352 2178 eur-su
374 2152 422 2179 sol
443 2154 555 2180 ultima
577 2156 651 2182 coeli
674 2156 817 2194 Impulit,
848 2162 940 2195 atque
961 2169 1034 2186 suo-s·
1056 2160 1145 2197 ‘sss‘l'

200 2194 242 2219 vit
265 2193 438 2231 languidus
466 2197 579 2234 ignei-9,
613 2197 781 2225 Geticus-sos
805 2200 888 2235 itere,
920 2206 945 2227 et
978 2201 1144 2239 labqfiwtos

197 2246 264 2262 acre
286 2237 381 2264 multo
402 2242 460 2267 etc.
483 2255 525 2260 —
547 2239 719 2275 lczbrsactus
741 2252 793 2279 pro
817 2242 987 2278 taleiaectus
1012 2245 1109 2283 recepi
1129 2255 1144 2273 e

197 2278 315 2306 Lucret.
338 2296 379 2300 —
402 2282 446 2317 17)
463 2281 508 2308 vis
531 2281 587 2311 Gu,
602 2284 632 2312 2.
647 2299 689 2304 —
713 2282 759 2321 18)
775 2285 855 2320 cogit
882 2285 920 2314 al.
945 2302 986 2306 —
1018 2289 1063 2323 19)
1081 2298 1143 2325 qua

198 2321 254 2348 (ἆυ.
281 2322 306 2350 1.
336 2324 416 2352 2.-
439 2326 485 2360 20)
505 2324 560 2351 sab
584 2325 620 2353 al.
648 2343 685 2347 —-
709 2326 757 2363 21)
769 2327 901 2363 protulit
926 2328 982 2357 Gu.
1000 2331 1027 2359 2.
1052 2330 1088 2357 al.
1105 2349 1141 2352 -

197 2365 241 2395 22)
264 2363 348 2402 Vulg.
381 2364 464 2394 (stade
483 2372 509 2394 et
536 2367 638 2406 Virga,
681 2367 731 2397 sed
760 2374 786 2395 ct
809 2378 866 2398 om.
898 2369 953 2398 Gu.
978 2373 1003 2401 1.
1028 2388 1067 2393 —
1097 2372 1143 2411 23)

1193 1562 1278 1599 pluit
1302 1561 1358 1590 Gu.
1377 1563 1403 1592 1.
1417 1577 1460 1582 —
1479 1566 1545 1588 ruet
1565 1560 1622 1589 Gu.
1638 1562 1668 1591 2.
1712 1561 1809 1589 Locus
1825 1564 1867 1589 est
1883 1560 1953 1589 Aen.
1972 1561 2009 1598 11,
2023 1562 2147 1593 250.—

1196 1604 1244 1640 24)
1263 1604 1312 1632 Sic
1338 1604 1393 1632 Gu.
1411 1606 1438 1635 1,
1465 1602 1494 1632 h.
1509 1603 1527 1630 l.
1549 1607 1577 1630 et
1599 1608 1710 1641 postea.
1735 1605 1764 1633 2.
1781 1613 1827 1632 va.
1851 1619 1892 1626 —
1919 1605 1964 1640 25)
1983 1603 2017 1632 In
2042 1604 2096 1632 Gu.
2115 1607 2145 1636 1.

1196 1647 1392 1685 praeponitur
1417 1645 1594 1683 Crepusculc’
1616 1645 1833 1683 interpretatio.
1856 1649 1886 1674 et
1909 1655 2063 1683 vesperum
2087 1656 2146 1676 ex-

1195 1689 1298 1717 hibent
1317 1693 1435 1728 praeter
1450 1689 1508 1717 Gu.
1529 1691 1556 1719 1.
1570 1690 1600 1719 2.
1619 1697 1665 1716 va.
1683 1688 1771 1717 etiam
1788 1687 1854 1717 cod.
1871 1687 1966 1716 Tolet.
1984 1693 2045 1717 vet.
2061 1688 2145 1726 goth.

1195 1748 1236 1755 -—
1259 1732 1298 1760 ab
1321 1742 1377 1771 pro
1401 1742 1421 1759 a
1442 1731 1549 1769 scripsi
1564 1740 1580 1759 e
1600 1730 1657 1760 Gu.
1680 1733 1704 1761 1.
1719 1746 1760 1753 --
1782 1729 1828 1769 26)
1844 1730 1892 1758 Sic
1912 1730 1968 1759 Gu.
1989 1733 2013 1761 1.
2029 1733 2058 1761 2.
2075 1731 2144 1761 cod.

1191 1774 1287 1803 Tolet.
1316 1780 1377 1804 vet.
1409 1773 1492 1812 goth.
1526 1783 1592 1801 cum
1620 1772 1666 1800 his
1702 1773 1781 1802 notis
1817 1772 1992 1802 charactere
2021 1772 2143 1811 gothico

1191 1817 1327 1846 cursivo:
1352 1817 1487 1856 „Vesper
1507 1816 1621 1850 dietus,
1649 1815 1720 1843 dum
1744 1816 1789 1844 sol
1813 1821 1864 1845 aut
1885 1815 1957 1844 luna
1980 1815 2142 1854 ferrugini-

1190 1859 1245 1888 bus
1274 1869 1453 1898 quacunque
1484 1859 1543 1888 diei
1572 1863 1624 1886 aut
1648 1859 1744 1886 noctis
1766 1857 1842 1887 hora
1866 1858 1995 1896 tegitur,
2029 1863 2060 1889 et
2082 1858 2142 1890 hoc

1190 1913 1296 1931 nomen
1321 1903 1392 1931 facit
1413 1902 1552 1940 vesperis.
1600 1901 1731 1940 Vespera
1748 1911 1819 1929 vero
1836 1900 1871 1929 ab
1887 1900 1960 1930 hora
1981 1911 2059 1930 nona
2076 1902 2141 1934 sole

1191 1945 1365 1974 descensum
1392 1944 1566 1973 inchoante:
1600 1944 1650 1972 sed
1680 1943 1738 1972 hoc
1769 1954 1875 1972 nomen
1910 1943 2140 1974 declinationem

1191 1998 1250 2016 non
1275 1988 1373 2016 habet.
1422 1987 1571 2025 Vespera&
1596 1991 1659 2023 est,
1699 1986 1771 2014 dum
1800 1986 1863 2015 sole
1891 1986 2045 2015 occidente
2074 1986 2139 2017 dies

1191 2031 1304 2067 deficit,
1328 2035 1357 2059 et
1377 2029 1419 2058 sie
1442 2029 1659 2065 declinabitur,
1683 2040 1837 2067 vesperus,
1868 2030 1995 2067 vesperi,
2018 2039 2138 2067 vespero

1189 2079 1218 2102 et
1240 2074 1366 2112 reliqua.
1413 2072 1542 2110 Vespera
1565 2071 1611 2111 (ln
1634 2072 1687 2101 Ms.
1710 2070 1838 2110 veapere)
1861 2076 1918 2107 est,
1947 2081 2040 2109 quum
2059 2072 2137 2102 lucis

1189 2116 1302 2145 oriente
1321 2125 1429 2144 aurora
1452 2125 1515 2143 nox
1538 2114 1656 2150 finitur,
1685 2115 1770 2143 etsie
1787 2113 1988 2143 declinabitur
2004 2125 2136 2153 vespera,

1188 2170 1341 2197 vesperae,
1366 2159 1529 2195 1·e.vpe1-cze.⁴‘
1574 2157 1680 2185 Mirum
1711 2162 1769 2193 est,
1797 2156 1879 2195 quod
1896 2156 1997 2186 eadem
2014 2157 2135 2196 reperi-

1188 2206 1277 2230 untur
1294 2201 1323 2229 in
1349 2200 1453 2229 codice
1480 2199 1558 2228 Festi
1579 2200 1765 2234 monacensi,
1796 2209 1885 2238 quem
1907 2199 2063 2229 Cramerus
2083 2199 2135 2229 Vir

1188 2244 1230 2272 lll⁴
1248 2243 1377 2272 contulit
1400 2243 1428 2270 in
1446 2243 1638 2271 Lindemanni
1664 2252 1766 2278 usum,
1789 2242 1873 2270 cuius
1896 2246 1996 2271 notam
2012 2242 2080 2272 vide
2095 2241 2133 2271 ad

1189 2287 1306 2315 Festum
1326 2296 1353 2324 p.
1372 2288 1439 2317 162.
1456 2285 1497 2324 2.)
1542 2285 1599 2313 Sed
1619 2285 1685 2313 cod.
1704 2285 1816 2315 Monac.
1830 2290 1971 2323 corrupte
1985 2285 2082 2314 locum
2100 2285 2132 2316 in

1187 2329 1245 2357 fine
1266 2329 1345 2357 Festi
1361 2328 1399 2356 ita
1417 2327 1516 2356 affort:
1553 2328 1639 2366 Vens-p.
1657 2328 1791 2366 quotiens
1811 2337 1828 2355 c
1854 2325 1935 2367 (lac.)
1951 2337 2070 2366 cunque
2086 2327 2131 2357 sol

1187 2371 1317 2400 nubibus
1340 2375 1393 2400 aut
1412 2371 1480 2399 luna
1496 2370 1694 2410 ferruginibus
1713 2379 1890 2409 quacunque
1905 2370 1965 2400 diei
1983 2380 2019 2401 ac
2032 2370 2129 2401 noctis
