2255 2819
254 78 330 115 578
950 77 1128 112 ISIDORI
1155 78 1335 112 HISPAL.
1361 79 1502 114 EBISC.

777 193 930 227 CAP.
983 194 1104 229 XLVI.
1190 195 1270 229 De
1323 198 1674 232 comoedis.

419 272 584 308 Comoedi
608 275 699 310 sunt,
728 271 785 313 qui
812 271 1018 315 privatorum
1045 271 1218 304 hominum
1248 277 1321 305 acta
1350 273 1462 314 dictis,
1490 271 1568 308 aut¹
1595 281 1690 321 gestu
1718 275 1882 309 canebant
1896 270 1924 316 ²,
1960 281 2059 319 atque
2087 280 2197 321 stupra

255 328 419 373 virginum
447 331 478 358 et
505 334 634 357 amores
662 322 871 355 meretricum
900 323 931 354 in
961 324 1023 356 suis
1054 323 1176 356 fabulis
1211 324 1448 368 exprimebant.

723 407 873 442 CAP.
926 408 1063 441 XLVII.
1150 409 1233 442 De
1291 408 1719 453 thymelicis,

414 476 608 521 Thymelici
635 480 744 510 autem
773 474 889 510 erant³
913 477 1028 510 musici
1053 477 1190 518 scenici,
1224 477 1282 521 qui
1309 477 1341 510 in
1369 478 1502 523 organis
1529 483 1561 511 et
1587 476 1685 522 lyris⁴
1723 484 1755 512 et
1781 478 1913 513 citharis
1947 479 2194 524 praecinebant.

251 532 296 565 Et
318 530 399 564 dicti
425 528 617 573 thymelici,
644 528 736 572 quod
764 529 845 562 olim
872 529 904 561 in
931 528 1103 563 orchestra
1135 535 1254 563 stantes
1283 530 1459 564 cantabant
1486 541 1585 574 super
1612 530 1800 576 pulpitum,
1833 530 1926 575 quod
1954 530 2106 575 thymele
2133 541 2195 563 vo-

251 577 421 616 eabaturss.

748 655 898 690 CAP.
952 656 1106 691 XLVIII.
1188 657 1255 689 Dc
1308 657 1694 691 histrionibus.

414 731 596 766 Histriones
623 738 714 772 sunt,
748 733 803 776 qui
830 733 983 766 muliebri
1018 733 1212 766 indumento
1243 738 1355 778 gestus
1389 734 1635 778 impudicarum
1669 734 1865 766 feminarum
1901 733 2145 779 exprimebant,
2173 734 2196 765 ii

250 791 359 820 autem
386 784 538 818 saltando
570 784 667 816 etiam
696 784 846 817 historias
875 790 906 816 et
934 796 984 817 res
1010 789 1119 829 gestas
1149 785 1429 820 demonstrabant.
1481 786 1569 819 Dicti
1594 790 1703 818 autem
1735 786 1909 818 histriones
1937 785 2002 817 sive
2031 785 2123 829 quod
2151 785 2194 817 ab

250 836 373 871 Histria
397 834 433 869 id
449 847 554 882 genus
580 836 620 869 sit
640 836 822 870 adductum
833 832 855 877 ὓ,
883 836 948 868 sive
976 836 1066 879 quod
1089 837 1267 880 perplexas
1291 837 1432 870 historiis
1455 838 1586 870 fabulas
1607 838 1845 882 exprimerent,
1872 837 1963 880 quasi
1987 837 2193 870 historiones.

836 920 987 955 CAP.
1040 921 1159 954 XLIX.
1239 922 1322 955 De
1382 923 1604 955 mimis.

412 989 510 1021 Mimi
538 995 611 1022 sunt
638 989 718 1022 dicti
748 989 879 1022 Graeca
907 989 1151 1033 appellatione,
1180 990 1271 1033 quod
1299 1002 1407 1023 rerum
1436 990 1655 1023 humanarum
1682 991 1743 1022 sint
1765 991 1955 1029 imitatores,
1983 1002 2060 1023 nam
2086 989 2194 1022 habe-

248 1042 326 1073 bant
352 1051 446 1073 suum
469 1045 656 1081 auctorem,
686 1041 760 1083 qui,
790 1045 966 1083 antequam
996 1041 1131 1073 mimum
1160 1048 1296 1085 agerent
1313 1038 1334 1082 ⁷,
1372 1042 1520 1074 fabulam
1548 1041 1812 1086 pronunciari-eff.
1871 1043 1958 1075 Nam
1989 1041 2123 1075 fabulae
2149 1041 2194 1073 ita

248 1092 536 1138 componebantur
563 1104 581 1124 a
608 1092 734 1137 poetis,
762 1096 796 1123 ut
823 1092 1010 1135 aptissimae
1039 1092 1142 1124 motui
1170 1093 1320 1137 corporis
1347 1090 1484 1127 essentll.

777 1175 863 1208 CA
892 1177 928 1211 P.
983 1173 1058 1209 L.¹⁰
1137 1177 1207 1210 Dc
1259 1178 1656 1213 saltatoribus.

412 1244 593 1277 Saltatores
620 1249 730 1277 autem
759 1244 944 1277 nominatos
972 1245 1079 1278 Varro
1115 1244 1195 1278 dicit
1229 1246 1272 1277 ab
1303 1246 1437 1279 Arcade
1471 1246 1581 1287 Salio,
1622 1257 1722 1289 quem
1750 1246 1880 1279 Aeneas
1916 1247 1949 1278 in
1983 1245 2109 1278 ltaliam
2140 1256 2192 1277 se-

248 1307 323 1330 eum
336 1293 357 1313 ¹¹
387 1295 545 1338 adduxit,
572 1297 696 1340 quique
720 1297 829 1340 primo
858 1296 971 1329 docuit
1000 1297 1170 1329 Romanos
1198 1296 1425 1331 adolescentes
1453 1298 1580 1330 nobiles
1609 1298 1736 1330 saltare.

684 1381 770 1415 CA
798 1383 833 1415 P.
889 1382 944 1415 LI.
1030 1382 1146 1429 Quid
1197 1394 1277 1427 quo
1324 1388 1520 1428 patrono
1568 1387 1748 1429 agatur.

411 1449 471 1481 Est
495 1450 596 1493 plane
622 1451 655 1482 in
683 1451 805 1483 artibus
832 1451 967 1484 scenicis
994 1451 1108 1483 Liberi
1132 1456 1164 1484 et
1186 1452 1323 1485 Veneris
1350 1452 1591 1495 patrocinium,
1620 1464 1706 1495 quae
1733 1451 1860 1495 privata
1887 1454 1920 1482 et
1941 1450 2080 1494 propria
2109 1454 2192 1489 sunt,

246 1510 364 1534 scenae
391 1500 435 1532 de
462 1506 559 1544 gestu
587 1508 619 1534 et
646 1503 796 1546 corporis
831 1499 962 1535 flexu¹².
1030 1504 1117 1535 Nam
1152 1501 1368 1536 molliciam¹³
1403 1504 1527 1537 Libero
1561 1509 1594 1536 et
1620 1504 1740 1537 Veneri
1773 1502 2007 1541 immolabant,
2049 1500 2096 1533 illi
2130 1511 2192 1545 per

247 1563 359 1584 sexum
372 1548 412 1593 ¹⁴,
441 1551 486 1583 illi
513 1563 574 1596 per
600 1553 713 1586 luxum
729 1551 751 1570 ¹⁵
779 1554 939 1586 dissoluti.
994 1554 1091 1595 Quae
1115 1566 1194 1587 vero
1222 1555 1267 1587 ibi
1286 1555 1422 1588 vocibus
1449 1560 1481 1588 et
1508 1555 1615 1587 modis
1643 1560 1675 1588 et
1698 1554 1830 1599 organis
1854 1559 1886 1586 et
1900 1553 1978 1596 lyris
2003 1552 2191 1596 transigun-

247 1609 316 1643 tur,
353 1602 528 1647 Apollines
555 1608 587 1636 et
615 1604 728 1637 Musas
756 1612 787 1637 et
815 1606 981 1638 Minervas
1009 1611 1041 1638 et
1069 1605 1255 1639 Mercurios
1280 1612 1439 1651 patronos
1467 1606 1601 1639 habent.
1663 1606 1766 1646 Quod
1801 1603 2027 1649 spectaculum
2039 1600 2061 1619 ¹⁰
2089 1603 2190 1636 Chri-

247 1655 349 1686 stiane
377 1654 471 1687 odire
499 1655 602 1687 debes
614 1652 655 1698 ¹⁷,
683 1667 825 1699 quorum
853 1657 950 1689 odisti
978 1662 1138 1690 auctores.

759 1741 845 1774 CA
874 1742 910 1777 P,
965 1742 1038 1775 LII.
1119 1742 1186 1774 De
1239 1742 1663 1787 amphitheatro.

416 1807 448 1839 l.
475 1807 773 1852 Amphitheatrum
797 1810 891 1844 locus
910 1815 958 1842 est
972 1811 1163 1855 spectaculi,
1191 1811 1246 1843 ubi
1261 1815 1411 1855 pugnant
1428 1810 1639 1854 gladiatores.
1668 1810 1711 1842 Et
1727 1808 1804 1842 inde
1818 1809 1933 1841 ludum
1951 1808 2189 1853 gladiatorium

249 1856 374 1890 dictum
387 1854 426 1899 ¹⁸,
466 1859 557 1901 quod
591 1861 624 1892 in
652 1872 692 1893 eo
719 1861 852 1896 iuvenes
890 1873 982 1894 usum
1011 1873 1179 1895 armorum
1207 1862 1337 1896 diverso
1363 1867 1455 1895 motu
1468 1858 1490 1877 ¹⁹
1520 1861 1730 1901 condiscant,
1772 1866 1804 1894 et
1832 1860 1936 1893 modo
1967 1860 2050 1893 inter
2073 1871 2107 1894 se
2133 1865 2189 1894 aut

249 1908 386 1953 gladiis,
414 1914 469 1940 aut
496 1912 616 1954 pugnis
643 1917 824 1954 certantes,
852 1913 958 1946 modo
986 1919 1102 1947 contra
1128 1914 1245 1946 bestias
1275 1913 1481 1954 incedentes,
1515 1913 1572 1945 ubi
1599 1924 1664 1946 non
1691 1913 1789 1953 odio,
1825 1912 1884 1945 sed
1911 1911 2060 1956 praemio
2085 1911 2188 1946 illecti

251 1960 390 1993 subeunt
416 1960 518 1992 ferale
544 1967 720 1996 certamen.

334 2043 363 2079 1)
388 2051 424 2069 ac
446 2053 493 2071 va.
518 2059 558 2064 —
581 2051 669 2083 (tique
694 2049 740 2074 Ar.
759 2063 799 2068 —-
825 2049 922 2085 gestis
945 2049 1000 2076 Gu.
1021 2052 1045 2078 1.
1070 2058 1125 2087 pro
1148 2060 1197 2087 ge·
1239 2048 1320 2086 vulg.
1345 2065 1381 2069 ·-
1409 2047 1595 2085 c07p.fl11xu
1619 2048 1674 2076 Gu.
1697 2049 1725 2078 2.
1749 2063 1791 2069 -
1816 2045 1860 2088 13)
1883 2047 1932 2075 Sic
1959 2048 2015 2075 Gu-
2041 2049 2068 2077 1·
2087 2048 2115 2077 2·
2139 2055 2185 2074 ΨΒ-

249 2091 310 2115 Silh-
333 2101 375 2107 -
400 2086 428 2120 2)
454 2086 619 2114 Cfflllsshfflll
638 2089 669 2117 Z·
695 2090 790 2120 611-2.
815 2093 862 2120 Ar.
879 2106 921 2112 ——
946 2093 976 2125 3)
993 2097 1063 2118 sunt
1088 2101 1124 2118 va
1155 2107 1192 2112 —
1239 2107 1278 2113 ——
1305 2090 1462 2118 molliciem
1489 2090 1567 2126 vulg.
1590 2106 1630 2112 —
1661 2091 1704 2123 14)
1727 2089 1777 2118 illa*
1800 2100 1855 2128 per
1876 2099 1978 2117 sexum
2001 2098 2058 2117 om.
2082 2088 2138 2120 Gu.
2158 2090 2185 2118 1.

250 2125 280 2168 4)
305 2129 337 2155 in
353 2128 423 2155 liri-5·
445 2137 500 2165 pro
525 2133 551 2155 et
573 2129 640 2156 ll'rl’s
665 2141 711 2159 va.
734 2147 774 2152 —-
802 2132 830 2171 5)
856 2133 974 2161 Graeca
996 2134 1199 2171 appellatione
1240 2150 1277 2154 -
1310 2132 1354 2171 15)
1378 2132 1425 2160 Sic
1449 2132 1504 2160 Gu.
1535 2135 1556 2162 Ι.
1583 2136 1610 2164 2.
1639 2132 1684 2161 ed.
1708 2130 1797 2161 Golh.
1832 2149 1866 2153 —
1895 2132 2015 2168 fluxum
2042 2131 2122 2169 vulg.
2143 2144 2186 2152 *-

251 2174 278 2197 et
300 2172 344 2198 sic
365 2175 451 2197 erant
472 2172 647 2208 spectac-ula
670 2173 735 2200 add.
759 2174 790 2202 Z.
822 2190 860 2195 -
897 2178 924 2210 6)
949 2175 1115 2203 abductum
1140 2177 1195 2204 Gu.
1228 2176 1345 2214 flexum,
1368 2173 1416 2202 Ar.
1440 2191 1480 2196 -—
1508 2176 1555 2212 16)
1581 2176 1666 2213 Quae
1687 2175 1861 2213 spectacula
1886 2174 1942 2205 Gn.
1963 2176 1991 2204 2.
2015 2190 2056 2195 --
2076 2175 2120 2208 17)
2136 2172 2184 2199 Sic

254 2214 280 2242 1.
301 2229 342 2233 —
377 2211 406 2251 7)
436 2218 535 2250 ageret
559 2213 614 2241 Gu.
637 2216 665 2244 2.
695 2225 740 2253 pr.
778 2234 813 2237 —
851 2216 878 2254 S)
904 2220 1141 2255 pronuntiarent
1164 2218 1194 2247 Z.
1240 2218 1295 2247 Gu.
1316 2219 1341 2246 1.
1362 2219 1390 2246 2.
1414 2227 1458 2247 va,
1482 2235 1519 2238 —
1545 2217 1628 2245 odire
1651 2216 1761 2257 (odisse
1779 2215 1841 2257 Ar.)
1864 2216 1948 2244 debes
1970 2216 2036 2246 Chr.
2054 2215 2181 2252 vulg.—

251 2263 296 2281 va.
320 2272 358 2277 -—-
392 2256 420 2291 9)
444 2255 492 2283 Sic
520 2256 576 2285 Gn.
601 2259 626 2286 1.
654 2271 695 2277 -—
720 2263 811 2284 essent
835 2262 929 2286 motui
951 2271 1031 2298 corp.
1054 2261 1132 2298 vulg.
1157 2277 1194 2282 —
1239 2259 1285 2297 18)
1314 2259 1361 2287 Sic
1385 2260 1439 2287 Gu.
1466 2263 1491 2289 1.
1517 2263 1545 2291 2·
1569 2270 1613 2289 va·
1643 2276 1686 2282 -·
1721 2259 1814 2288 ladas
1846 2259 2054 2297 glssdlutffl'ius
2082 2256 2183 2284 dicum

253 2298 297 2332 10)
324 2297 395 2336 Cap.
418 2297 449 2325 L.
475 2320 481 2327 .
507 2319 514 2326 .
544 2298 620 2326 LIX.
644 2308 701 2326 om.
727 2299 792 2327 cod.
814 2300 918 2329 Zinav.
947 2319 985 2324 —-
1019 2302 1061 2341 11)
1087 2313 1139 2332 sec.
1162 2304 1195 2330 in
1237 2301 1317 2339 vulg.
1348 2319 1386 2324 —
1418 2304 1460 2340 19)
1484 2300 1571 2330 modo
1594 2312 1641 2332 va.
1664 2319 1697 2323 -—-
1726 2302 1774 2340 ΞΟ)
1799 2301 1847 2330 Sic
1870 2302 1968 2331 Gu.1.
1989 2303 2019 2331 2·
2047 2317 2083 2320 -
2109 2300 2181 2337 Pri*

255 2337 325 2369 Ital.
348 2349 393 2368 va.
429 2355 472 2361 —
509 2340 554 2377 12)
578 2341 626 2368 Sic
652 2341 709 2368 Gu-
734 2343 759 2371 1.
789 2351 834 2370 va.
859 2343 908 2371 Ar.
934 2362 969 2365 —
997 2346 1093 2381 fluxu
1116 2356 1195 2383 corp.
1238 2354 1320 2372 mum
1356 2344 1437 2382 vulg.
1474 2363 1510 2367 -
1553 2347 1599 2381 21)
1628 2346 1678 2374 Sic
1715 2344 1770 2372 Gu.
1800 2347 1826 2376 1,
1853 2353 1900 2373 va.
1930 2342 1979 2373 ΔΓ.
2010 2358 2046 2364 -
2088 2347 2180 2370 morte
