2264 2830
768 106 1015 142 ORIGINUM
1058 109 1203 144 LIBER
1231 111 1287 145 lV.

49 219 162 248 more,
191 206 342 250 quotiens
364 204 592 238 exuberaverit
604 201 629 222 ⁴⁰
657 208 689 237 et
715 204 756 236 ad
781 203 956 236 cerebrum
980 215 1158 240 conversus
1170 203 1190 223 ‘¹¹
1224 206 1332 240 fuerit.

49 272 90 293 eo
117 258 209 303 quod
237 257 360 292 cadens
387 269 491 301 aeger
516 268 664 300 spasmos
676 253 699 272 '¹¹
726 256 877 300 patiatur.

1929 113 1999 146 141

1387 205 1482 238 llaec
1509 204 1618 249 passio
1645 204 1773 239 caduca
1785 201 1809 222 ⁴²
1836 204 2000 248 ‹lleitur¹³,

214 318 248 352 6.
302 318 374 350 Hos
403 317 500 350 etiam
534 316 654 361 vulgus
687 316 849 350 lunaticos
879 320 979 348 vocat
991 312 1033 357 ⁴⁵,
1074 317 1168 359 quod
1196 328 1258 362 per
1284 316 1376 350 hunc
1412 327 1543 350 cursum
1555 312 1580 333 ⁴⁸
1614 315 1813 349 comitentur
1841 328 1898 349 eos
1924 317 2003 351 insi—

48 372 124 404 diae
135 367 159 387 ’ἵ
186 370 400 403 daemonum.
455 365 585 400 Μειιιω
613 374 645 400 et
672 368 810 400 larvatio
825 364 863 409 ¹⁹,
891 364 1003 399 ἰιῐυιιι5

49 423 140 456 vinus
154 418 197 463 ⁵²,
224 433 291 465 quo
314 420 432 454 caduci
460 424 621 452 tenentur.

215 481 247 515 7.
301 480 485 514 Comitialis
514 484 624 512 autem
649 479 773 520 dictus,
800 478 892 522 quod
921 479 1011 524 apud
1025 476 1050 495 ⁵⁵
1082 480 1224 525 gentiles
1253 491 1328 513 cum
1362 479 1573 513 comitiorum
1602 479 1656 512 die
1684 479 1839 522 cuiquam

713 528 829 564 Εηιῑ58
864 536 974 564 autem
1001 532 1092 576 apud
1121 531 1294 565 Romanos
1321 531 1534 566 comitiorum
1561 530 1631 562 dies·
1656 531 1797 563 solennis
1825 532 1858 563 in
1885 531 2002 564 kalen-

48 534 165 577 disset,
194 532 329 567 comitia
357 527 650 564 ‹liinittebantui·⁵⁷.

251 584 269 591 ..
284 580 310 600 5„

47 587 98 619 dis
132 586 271 619 lanuarn
313 612 320 619 ,

212 636 246 670 8.
300 634 417 667 Blania
443 634 485 666 ab
513 634 636 666 insania
663 635 715 667 v‹·l
745 634 856 667 surore
884 640 1013 667 vocata.

1045 374 1092 400 est
1119 375 1151 401 et
1179 370 1314 401 morbus
1343 368 1534 408 comitialis,
1572 366 1606 399 id
1643 371 1691 398 est
1703 363 1725 383 ⁵¹
1755 368 1861 400 maior
1888 373 1921 402 et
1950 369 2004 401 di-

676 419 777 452 Cuius
789 417 813 436 ⁵³
839 424 928 451 tanta
949 419 995 451 vis
1023 424 1090 460 est,
1118 426 1154 453 ut
1181 420 1287 453 homo
1316 420 1427 453 valens
1455 419 1610 453 concidat
1631 423 1832 462 spumetque
1844 417 1877 452 ⁵³.

1854 475 1878 496 ⁵⁶
1913 480 2003 513 acci—

1067 634 1153 667 Nam
1170 633 1381 667 Graecorum
1409 637 1551 666 vetustas
1578 632 1725 665 furorem
1752 630 1925 677 μανιάνω
1941 645 2005 678 ap-

46 688 187 733 pellavit
199 685 234 728 ⁰¹,
264 688 332 719 sive
360 687 402 718 ab
432 686 612 729 iniquitate,
641 698 740 730 quam
770 686 893 720 Graeci
919 686 1056 732 μανίαν
1084 692 1285 719 vocaverunt
1296 683 1331 727 ¹¹²,
1358 686 1426 719 sive
1453 697 1472 718 a
1495 684 1706 725 divinatione,
1734 682 1845 727 quia⁸⁵³
1872 685 2005 719 Graece

45 743 174 785 μανεῖν
201 739 324 773 dicitur
351 734 542 773 divinare‘³¹‚

211 798 246 832 9.
300 798 531 833 Melancholia
558 797 648 830 (licta
676 802 724 829 est
743 809 762 844 a
790 798 886 843 nigro
914 798 1003 831 felle.

419 850 592 895 Epilepsia
623 854 733 882 autem
755 849 787 881 in
814 850 989 894 phantasia
1016 850 1070 888 fit;
1097 849 1323 884 melancholia
1351 850 1383 881 in
1412 848 1557 886 ratione;
1587 848 1696 880 mania
1723 848 1755 880 in
1783 847 1953 879 memoria.

46 847 154 898 χολήν
181 852 365 896 appellant.

1064 797 1188 831 Graeci
1216 798 1303 830 enim
1338 797 1472 843 nigrum
1505 797 1618 840 μέλαν
1654 800 1791 836 vocant,
1821 795 1866 827 fel
1894 800 2004 828 autem

211 911 270 945 10.
324 907 452 954 Typi⁰5
479 914 552 942 sunt
576 909 720 953 frigidae
747 909 877 952 febres,
906 907 998 953 (μιί66
1019 911 1155 943 abusive
1183 910 1253 954 typi
1281 909 1497 954 appellantur
1508 902 1533 923 δ’
1560 908 1603 940 ab
1628 907 1735 941 herba
1755 918 1842 951 quae
1865 907 1896 939 in
1919 918 2005 950 aqua

45 963 188 996 nascitur
199 960 235 1003 ⁶⁸,
263 963 382 996 Latine
395 959 420 979 ⁰⁰
447 962 556 994 forma
583 967 683 1003 atque
710 966 809 994 status
836 961 966 995 dicitur.

45 1026 106 1059 per
132 1020 251 1048 statuta
277 1020 469 1058 temporum
496 1013 678 1048 intervalla.

214 1074 270 1107 ll.

1021 963 1080 995 Est
1107 962 1194 995 enim
1222 962 1450 995 accessionum
1478 959 1532 992 vel
1560 955 1817 993 recessionum⁷⁰
1840 959 2005 992 revolutio

326 1075 459 1107 Reuma
485 1073 636 1114 Graece,
663 1073 782 1106 Latine
810 1075 964 1119 eruptio,
992 1074 1059 1107 sive
1087 1073 1174 1106 fluor
1197 1074 1400 1118 appellatur.

209 1134 393 1168 Catarrhus
420 1139 469 1167 est
496 1134 583 1167 fluor
610 1145 745 1166 reumae
772 1134 859 1178 iugis
883 1145 923 1167 ex
950 1136 1099 1175 naribus,
1127 1145 1216 1177 quae
1228 1130 1252 1150 ⁷¹
1281 1134 1361 1166 dum
1389 1132 1433 1165 ad
1461 1130 1576 1165 fauces
1604 1131 1741 1171 venerit,
1768 1127 1925 1177 βράγχος
1944 1141 2005 1162 vo—

44 1192 155 1226 catur3
180 1186 262 1219 dum
289 1186 333 1219 ad
361 1185 556 1227 thoracem,
584 1186 637 1218 vel
664 1185 880 1230 pulmonem,
909 1183 1035 1225 πτύσις
1048 1183 1073 1202 ⁷²
1101 1186 1231 1219 dicitur.

210 1245 268 1278 12.

325 1242 496 1288 Coryza³³
524 1251 590 1285 est,
624 1246 756 1288 quoties
790 1242 949 1277 infusiou

976 1246 1093 1289 capitis
1121 1246 1154 1277 in
1183 1256 1219 1277 os
1230 1240 1255 1261 ⁷⁵
1283 1243 1407 1276 venerit
1434 1242 1583 1283 narium,
1619 1245 1653 1273 et
1679 1240 1966 1284 praefocationem
1979 1239 2005 1260 ‘¹⁸

45 1297 162 1333 fecerit
188 1309 266 1332 cum
294 1296 547 1333 sternutatione,
576 1297 666 1329 unde
694 1301 727 1328 et
746 1307 867 1338 coryza
895 1308 1017 1328 nomen
1046 1296 1187 1340 accepit.

212 1356 274 1390 13.
325 1355 502 1389 Branchos
529 1360 577 1387 est
599 1355 807 1400 praefocatio
830 1355 978 1389 faucium
1005 1351 1059 1388 a⁷³
1086 1355 1212 1400 frigido
1230 1353 1383 1388 humore.
1419 1351 1543 1385 Graeci
1554 1347 1579 1368 ⁷⁸
1607 1350 1695 1384 enim
1717 1355 1833 1395 guttur
1847 1347 2004 1397 βράγχος

45 1408 178 1448 dicunt,
206 1408 295 1441 circa
321 1418 421 1450 quem
435 1403 460 1423 ³⁹
487 1407 600 1440 fauces
627 1410 716 1447 sunt,
744 1403 862 1450 quos¹⁵⁰

215 1467 273 1501 14.
326 1466 491 1500 Raucedo
527 1466 711 1510 amputatio
723 1463 748 1483 ⁵³²
775 1467 874 1501 vocis.

45 1524 78 1551 et
104 1518 251 1552 clausam
278 1518 400 1551 reddat
426 1518 469 1551 ab
497 1518 690 1550 arteriarum
717 1517 834 1550 iniuria
844 1513 878 1550 δ’.

42 1644 83 1651 —
99 1639 155 1666 per
170 1628 252 1656 hunc
266 1638 356 1656 cursu
372 1628 428 1656 Gu.
448 1631 474 1659 1.
498 1644 540 1650 —-
557 1639 616 1666 pro
632 1628 725 1656 lanae
739 1639 833 1656 ειινειι
850 1628 902 1657 Ar.
927 1629 997 1656 La-

41 1681 97 1699 nae
111 1671 291 1699 vocabulum
316 1671 416 1709 potius
439 1681 455 1699 e
479 1671 631 1699 lunaticos
656 1672 860 1710 repetendum.
885 1688 926 1692 —
948 1670 997 1710 47)

41 1713 90 1742 sic
113 1714 170 1742 Gu.
183 1717 209 1744 1.
226 1714 263 1742 al.
280 1724 342 1742 var.
356 1714 425 1742 lect.
441 1724 488 1753 ap.
505 1713 643 1742 Gothosr.
659 1730 700 1735 —
722 1715 771 1752 48)
797 1716 845 1743 Sic
861 1714 916 1742 Gu.
933 1717 958 1745 1.
969 1717 997 1746 2.

41 1756 77 1784 al.
98 1771 142 1778 -—
168 1755 286 1784 Eadem
306 1756 387 1794 vulg.
409 1772 450 1777 —
483 1756 531 1792 49)
555 1757 730 1785 larbaeicus
752 1759 810 1786 Gu.
828 1759 856 1788 2.
877 1773 919 1778 -
950 1755 996 1794 50)

40 1799 89 1828 Sic
109 1798 216 1837 scripsi
240 1809 255 1827 e
271 1799 462 1835 coniectura,
499 1809 591 1837 quum
612 1800 642 1827 in
666 1800 725 1829 Gu.
748 1801 774 1829 1.
790 1804 867 1828 esset
890 1798 925 1827 id
943 1804 995 1835 est,

40 1840 120 1880 quod
138 1850 224 1879 saepe
248 1851 315 1870 cum
339 1840 418 1869 idem
439 1842 635 1871 confunditur
654 1842 686 1870 in
710 1841 798 1871 codd.
820 1842 904 1879 Vulg.
922 1842 993 1880 ipse.

41 1900 79 1905 —
105 1883 153 1921 51)
177 1883 257 1911 idem
272 1883 322 1912 Ar.
342 1899 384 1906 -—
406 1887 453 1919 52)
478 1885 526 1913 Sic
541 1885 597 1913 Gu.
618 1887 645 1916 1.
661 1888 690 1916 2,
713 1886 763 1914 Ar.
785 1901 827 1907 —
851 1885 993 1912 diutinas

39 1926 122 1964 vulg.
144 1926 261 1954 Caelius
287 1925 415 1955 L'sard.
439 1937 503 1965 cap.
518 1927 546 1957 4.
570 1938 693 1955 sacram
716 1927 789 1956 dicit
812 1928 991 1966 appellatam

35 1970 222 2008 passionem,
235 1970 297 1996 ειῖιέ
317 1967 402 2006 quod
416 1968 569 1998 divinitus
587 1976 715 2008 putetur
732 1972 871 1998 immi-ssa
884 1974 993 2000 etc.—

41 2013 87 2049 53)
113 2012 173 2040 Cui
190 2011 226 2040 al.
239 2021 286 2039 va.
311 2027 352 2031 —
374 2007 420 2049 54)
443 2019 622 2051 spumatque
641 2014 695 2042 Gu.
715 2017 740 2044 1.
757 2023 802 2052 pr.
820 2023 865 2041 va.
883 2030 921 2034 —
945 2012 992 2052 55)

40 2053 125 2093 apud
138 2053 240 2082 addidi
255 2063 269 2082 e
286 2052 341 2080 Gu.
362 2056 389 2083 1.
406 2055 434 2083 2.
449 2064 492 2083 va.
509 2055 558 2085 Ar.
578 2072 620 2077 —
642 2056 686 2094 56)
709 2057 875 2094 quiequam
893 2055 949 2085 Gu.
962 2059 991 2087 2.

40 2112 81 2118 —
102 2095 148 2135 57)
173 2095 353 2124 dicebantur
375 2096 431 2124 Gu.
448 2098 476 2127 2.
508 2114 546 2119 —
577 2098 625 2136 58)
649 2104 734 2126 erant
755 2099 811 2127 Gu.
832 2102 857 2129 1.
880 2113 922 2119 —
944 2096 991 2138 59)

40 2138 88 2167 Sic
109 2139 164 2167 Gu.
179 2141 205 2170 1.
230 2155 271 2161 —
295 2138 451 2166 Ianuarii-r
465 2148 513 2168 va.
535 2156 576 2161 —
599 2142 632 2168 in
654 2141 802 2169 kalenda-9
823 2141 992 2169 Ianuarias

40 2181 77 2210 al.
99 2196 141 2202 —
163 2181 218 2210 Ill.
235 2181 295 2209 kal.
312 2180 379 2211 Ian.
393 2181 480 2210 AreV.
496 2197 538 2203 —·
559 2184 603 2220 60)
624 2186 762 2212 manicen
780 2184 835 2212 Gu.
856 2186 881 2214 1.
899 2186 927 2214 2.
944 2193 990 2222 pr.

42 2240 77 2245 —
102 2221 249 2263 μαντικήν
272 2224 361 2252 Arev.
391 2239 433 2244 —
461 2223 507 2263 61)
540 2224 588 2253 Sic
611 2225 714 2258 Gu.1.
743 2244 784 2248 —
812 2226 989 2264 appellabat

40 2266 118 2304 vulg.
135 2283 177 2288 —-
200 2265 393 2305 appellabant
411 2275 456 2303 pr.
479 2282 521 2287 —-
544 2273 631 2295 vocat
644 2268 699 2298 Gu.
714 2271 741 2300 2.
758 2285 794 2290 -
810 2272 856 2309 62)
874 2268 986 2297 Verba:

40 2309 100 2337 sive
113 2308 151 2337 ab
165 2310 238 2348 iniq,
259 2317 353 2347 usque
375 2308 414 2336 ad
438 2316 616 2337 vocaverunt
640 2310 742 2339 addidi
762 2321 777 2339 e
794 2312 850 2341 Gu.
869 2314 896 2342 1.
913 2314 941 2342 2.
958 2312 987 2342 3.

40 2360 83 2389 pr.
97 2361 144 2381 va.
157 2351 208 2381 Ar.
227 2367 269 2373 —
291 2350 330 2379 ab
345 2352 496 2379 inanitate
511 2353 596 2381 Arev.
614 2353 650 2381 al.
674 2354 713 2381 ab
728 2355 919 2393 antiquitate.
939 2353 985 2382 Al.

42 2399 159 2424 vocant.
180 2410 222 2416 —
243 2394 289 2430 63)
312 2394 455 2433 Sequitur
470 2394 554 2433 vulg.
564 2393 712 2431 divinare,
732 2397 813 2435 quod
832 2398 888 2425 Gu.
907 2399 934 2428 1.
953 2396 984 2424 in

890 1418 950 1440 nos
978 1413 1136 1451 corrupte
1163 1401 1332 1439 brancia'51
1360 1404 1510 1438 dicimus.

928 1467 1026 1501 Haec
1053 1472 1087 1500 et
1115 1466 1276 1500 arteriasis
1304 1469 1460 1504 vocatur,
1499 1473 1541 1495 eo
1568 1461 1662 1506 quod
1687 1471 1821 1494 raucam
1849 1470 1968 1494 vocem

1979 1458 2004 1478 83

1040 1628 1098 1658 fine
1111 1627 1204 1657 addit.
1241 1644 1274 1648 ——
1306 1625 1352 1665 64)
1377 1625 1426 1654 Sic
1449 1624 1536 1653 Arev.
1559 1623 1654 1653 Codd.
1672 1621 1728 1650 Gu.
1758 1623 1782 1652 1.
1801 1624 1829 1653 2.
1846 1622 1875 1652 3.
1891 1632 1938 1660 pr.
1956 1632 2000 1650 va.

1041 1673 1147 1699 manin
1167 1681 1223 1710 pro
1247 1666 1405 1709 μαντεύειν
1424 1667 1573 1697 exhibent.
1604 1684 1643 1688 —
1676 1661 1725 1704 65)
1748 1663 1796 1712 S'ic
1816 1666 1871 1691 Gn.
1892 1667 1918 1695 1.
1933 1663 1962 1693 h.
1982 1666 2000 1693 l,

1041 1719 1071 1743 et
1088 1719 1199 1753 postea.
1215 1723 1260 1752 pr.
1275 1713 1328 1742 Ar.
1346 1730 1384 1734 —
1408 1711 1466 1739 tihi
1483 1711 1539 1740 Gu.
1555 1713 1584 1742 2.
1605 1725 1647 1731 —
1676 1706 1769 1745 Jypln
1786 1707 1866 1745 vulg.
1888 1723 1930 1728 —
1953 1707 1999 1746 66)

1041 1758 1092 1785 Sic
1104 1758 1161 1786 Gu.
1182 1760 1208 1787 1.
1219 1773 1251 1776 —
1263 1766 1341 1794 qnae
1356 1755 1439 1792 vulg.
1465 1770 1497 1774 —
1526 1756 1574 1788 67)
1584 1749 1821 1790 appellabantur
1841 1759 1888 1788 pr.
1902 1759 1948 1779 va.
1962 1767 1998 1772 —

1041 1800 1088 1836 68)
1101 1799 1222 1837 febreS,
1247 1800 1322 1837 quia
1336 1795 1430 1833 τύπος
1448 1797 1561 1825 Latine
1571 1797 1682 1833 forma
1700 1798 1791 1830 alque
1803 1798 1905 1820 status
1920 1792 1999 1820 dict-

1037 1848 1098 1871 tur.
1121 1843 1178 1870 Est
1193 1843 1272 1870 enim
1294 1846 1351 1871 etc.
1369 1840 1456 1869 Arev.
1480 1855 1521 1860 —
1544 1836 1592 1878 69)
1615 1836 1693 1873 Vulg
1710 1845 1789 1874 quae
1804 1837 1925 1871 Latine,
1946 1835 1998 1864 sed

1036 1895 1115 1924 qaae
1130 1895 1186 1916 om,
1206 1885 1263 1913 Gu.
1280 1886 1306 1914 1.
1339 1898 1376 1904 —
1410 1880 1460 1922 70)
1483 1881 1538 1910 Vv.
1561 1881 1609 1908 vel
1628 1879 1829 1908 recessionum
1853 1877 1956 1906 addidi
1982 1888 1998 1907 e

1036 1928 1092 1956 Gu.
1113 1931 1139 1959 1.
1155 1931 1184 1960 2.
1200 1938 1246 1967 pr.
1264 1937 1311 1955 va.
1328 1926 1377 1954 Ar.
1401 1941 1442 1947 —
1472 1926 1518 1959 71)
1541 1925 1596 1962 qui
1611 1923 1667 1952 Gu.
1679 1925 1709 1954 2.
1722 1921 1759 1949 al.
1783 1937 1825 1942 —
1853 1923 1899 1956 72)
1925 1926 1996 1948 tas-

1035 1972 1080 1998 sis
1094 1971 1152 2000 Gu.
1171 1974 1199 2002 1.
1221 1986 1263 1992 —
1286 1970 1355 1996 tisis
1374 1968 1429 1996 Gu.
1445 1970 1474 1999 2.
1492 1977 1538 2005 pr.
1564 1983 1602 1988 —-
1627 1966 1736 2005 φθίσις
1755 1964 1836 2002 vulg.
1862 1980 1899 1984 —
1923 1961 1996 1993 πτύ-

1037 2023 1083 2049 σις
1097 2013 1146 2042 Ar.
1169 2023 1205 2041 ex
1228 2011 1328 2041 Aurel.
1350 2011 1400 2039 lib.
1416 2010 1454 2039 ΙΙ.
1477 2009 1554 2038 rard.
1577 2019 1641 2048 cap.
1657 2011 1685 2040 7.
1715 2023 1758 2029 —
1792 2008 1836 2043 73)
1875 2005 1995 2034 Coris-iu

1035 2065 1081 2084 va.
1098 2061 1229 2094 utroque
1246 2055 1321 2083 loco.
1340 2070 1382 2076 —
1404 2052 1451 2092 74)
1474 2053 1603 2091 influxio
1618 2051 1705 2080 Arev.
1725 2059 1740 2078 e
1756 2049 1835 2077 Cael.
1849 2050 1885 2083 2,
1908 2051 1937 2079 7.
1954 2065 1993 2070 —

1035 2099 1083 2137 75)
1106 2098 1156 2128 Sic
1170 2100 1224 2126 Gu.
1244 2101 1270 2128 1.
1286 2113 1330 2118 —-
1353 2107 1424 2124 ossa
1441 2095 1521 2133 vulg,
1548 2113 1585 2117 -
1610 2094 1657 2132 76)
1676 2093 1926 2132 provocationem
1943 2092 1991 2119 Ar.

1037 2156 1074 2162 —
1098 2143 1146 2178 77)
1171 2152 1190 2169 α
1208 2151 1265 2169 om.
1280 2140 1336 2168 Gu.
1354 2142 1383 2170 2.
1407 2154 1450 2159 -
1473 2148 1543 2166 cum
1562 2138 1641 2175 frig.
1660 2136 1696 2165 al.
1723 2152 1757 2155 —
1783 2133 1829 2173 78)
1856 2135 1969 2162 Graece
1984 2154 1990 2160 .

1036 2205 1042 2211 .
1060 2204 1066 2210 .
1082 2207 1087 2212 .
1105 2204 1113 2213 .
1137 2183 1255 2211 dicitur
1279 2183 1334 2211 Gu.
1353 2185 1384 2214 2.
1405 2197 1447 2202 -
1468 2181 1517 2218 79)
1541 2181 1590 2208 Sic
1615 2180 1671 2208 Gu.
1688 2182 1713 2210 1.
1741 2177 1780 2206 al.
1805 2187 1850 2215 pr.
1879 2186 1924 2204 va.
1948 2191 1989 2197 -—

1034 2225 1118 2264 quod
1145 2227 1226 2264 vulg.
1257 2242 1298 2246 —
1329 2224 1378 2262 80)
1403 2235 1482 2263 quas
1503 2224 1551 2252 Ar.
1568 2233 1615 2262 pr.
1644 2237 1686 2244 —-
1716 2230 1794 2259 quae
1817 2220 1872 2247 Gu.
1896 2220 1923 2248 2.
1947 2232 1988 2239 —-

1032 2279 1124 2306 quam
1144 2279 1192 2298 va.
1219 2284 1261 2289 —-
1292 2266 1337 2307 81)
1360 2267 1504 2295 brancias
1522 2267 1577 2294 Gu.
1596 2267 1625 2296 2.
1642 2264 1679 2293 al.
1695 2274 1741 2292 va.
1762 2279 1797 2284 —
1823 2260 1986 2289 branchias

1030 2312 1082 2339 Ar.
1104 2327 1146 2334 —
1168 2310 1216 2350 82)
1239 2316 1281 2338 est
1300 2316 1416 2348 amput.
1431 2310 1486 2338 Gu.
1501 2312 1530 2341 2.
1552 2324 1594 2330 -
1616 2306 1661 2346 83)
1685 2307 1734 2335 Sic
1747 2306 1802 2333 Gu.
1825 2308 1848 2334 1.
1868 2318 1912 2351 .—.'
1937 2312 1984 2348 no-

1029 2364 1090 2381 cem
1105 2364 1230 2382 raucam
1251 2353 1332 2390 vulg.
1363 2369 1406 2374 —
1428 2353 1472 2389 84)
1496 2352 1544 2380 Sic
1559 2351 1615 2379 Gu.
1638 2352 1660 2379 1.
1678 2351 1705 2379 2.
1721 2349 1770 2376 Ar.
1800 2362 1834 2366 —
1860 2353 1983 2371 [murus

1027 2397 1107 2435 vulg.
1129 2412 1172 2418 —
1193 2396 1231 2425 ab
1247 2401 1305 2424 art.
1321 2395 1373 2424 ini.
1389 2395 1425 2424 al.
1439 2405 1495 2424 om.
