2264 2830
816 48 1062 84 OBIGINUM
1099 50 1244 85 LIBER
1273 52 1347 88 Vll.
1984 62 2058 96 239

268 140 326 173 76.
380 141 559 173 leroboam
587 141 744 174 iudicatio
757 139 782 159 ²²
815 144 882 176 sivo
915 156 1014 178 causa
1035 146 1176 190 populi,
1205 147 1256 179 vel
1270 143 1312 187 ²³,
1347 153 1382 181 ut
1408 149 1544 192 quidam
1571 152 1678 193 aiunt,
1714 152 1830 185 divisio
1858 155 2056 199 interpreta-

99 198 175 233 tur,
205 203 268 236 pro
296 204 337 225 eo
364 193 456 236 quod
484 189 550 225 in²⁴
578 204 683 237 regno
711 194 779 226 eius
806 195 929 229 divisus
956 198 995 230 sit
1027 198 1176 242 populus
1204 199 1326 239 lsrael,
1361 207 1393 233 et
1420 203 1586 245 praecisus
1613 216 1632 236 a
1668 215 1774 249 regno
1802 206 1909 250 stirpis
1936 209 2055 243 David.

99 245 273 278 Divisionis
299 245 385 277 enim
413 245 532 289 populi
560 256 657 277 causa
684 243 777 278 istc²⁵
804 249 914 282 extitit.

266 295 325 329 Τί.
381 297 515 329 zambri
537 297 700 340 psalmus,
728 299 782 331 vel
810 302 976 335 canticum
1005 305 1152 334 nostrum
1167 299 1200 334 ²⁸³.

201 345 330 382 Amri²⁷
358 349 502 392 crispans
524 360 624 381 meus.

197 400 320 434 Achab
348 400 450 433 srater
477 401 590 444 patris.

266 452 325 486 75.
380 452 514 484 lezabel
543 453 648 484 ssuxns
675 454 859 497 sanguinis,
887 455 939 488 vel
968 454 1073 487 ssuens
1101 454 1350 500 sariguirleni²”:
1389 458 1446 490 sed
1476 459 1613 499 melius,
1643 461 1697 492 ubi
1726 467 1772 493 est
1800 463 2049 505 sterquilinium.

97 500 357 547 I'raecipitata²⁵'
385 505 472 536 enim
501 503 657 537 deorsum
673 506 894 539 comederunt
922 518 1019 540 canes
1047 518 1161 540 carnes
1188 505 1309 549 eius-²¹⁰.
1338 510 1422 543 sicut
1447 511 1658 554 praedixerat
1687 511 1845 552 llelias²⁵¹„
1876 514 1922 547 Et
1942 520 2052 555 crunt,

97 555 212 598 inquit,
241 566 366 588 earnes
390 555 533 588 Iezabel
563 560 597 589 ιιί
609 553 634 572 ³²
657 561 790 591 stercus
816 569 923 603 super
945 558 1080 603 faciem
1107 563 1235 593 terrae.

261 605 319 638 w.
373 607 543 641 ochozias
571 609 829 653 apprehendens
856 611 966 644 Deum
979 608 1012 642 ³³³.

198 658 255 690 len
284 659 354 701 ipse
383 665 430 692 est
441 656 483 699 ³⁸,
511 661 563 692 vel
591 666 647 693 est.

194 709 316 742 loatha
327 707 352 727 ³³
378 712 543 745 robustus.

194 761 288 793 Sella
299 758 323 778 ³⁰
345 764 464 795 umbra
492 764 578 803 eius,
608 764 658 796 vel
680 763 809 808 petitio,

192 812 351 847 Manaem
380 812 596 849 consola11s³⁷.

193 865 319 899 Paceas
332 862 357 882 ³⁸
384 867 545 911 aperiens.

255 927 315 961 80.
370 928 690 961 Nabuchodonosor
730 924 913 970 prophetia
925 922 949 942 ³⁹
986 926 1187 971 lagunculae
1198 923 1223 943 ⁴⁰
1265 933 1445 972 angustae,
1499 929 1566 961 sive
1609 928 1817 974 prophetans
1862 931 2046 963 istiusmodi

89 979 219 1024 signum
248 991 311 1023 per
335 981 498 1012 somnium
512 977 535 996 '⁸¹
568 979 693 1011 scilicet
719 978 925 1019 futurorum,
953 979 1045 1021 quod
1074 979 1195 1011 vidisse
1223 985 1390 1021 narratur,
1421 986 1452 1012 et
1481 981 1597 1013 Daniel
1627 982 1859 1026 interpretatus
1888 989 1952 1023 est,
1980 983 2046 1015 sive

89 1032 188 1064 sessio
200 1027 224 1047 ⁴²
250 1031 282 1063 in
310 1032 480 1075 agnitione
493 1028 516 1047 ⁴³
544 1030 716 1075 angustiae
743 1041 806 1074 pro
834 1029 886 1070 iis,
914 1030 971 1073 qui
999 1031 1041 1063 ab
1070 1043 1110 1063 eo
1122 1027 1146 1046 ⁴⁴
1174 1031 1206 1063 in
1235 1033 1461 1076 captivitatem
1490 1033 1581 1066 ducti
1610 1039 1691 1068 sunt.

250 1090 312 1125 81.
366 1092 560 1124 Zorobabel
588 1090 679 1134 apud
708 1090 884 1123 Hebraeos
913 1102 952 1122 ex
985 1091 1089 1123 tribus
1117 1092 1253 1135 integris
1288 1093 1474 1126 nominibus
1502 1093 1642 1126 traditur
1672 1106 1741 1127 esse
1769 1095 1992 1139 compositum
2006 1091 2045 1127 45ε

89 1143 140 1175 Zo
166 1142 246 1181 iste,
274 1154 311 1175 ro
340 1144 516 1187 magister,
544 1142 648 1175 babel
675 1143 813 1186 proprie
840 1142 1068 1186 Babylonium
1080 1139 1104 1159 ⁴⁴⁵
1133 1148 1241 1176 sonat:
1266 1150 1299 1176 et
1326 1145 1470 1177 efficitur
1497 1157 1618 1178 nomen
1647 1146 1857 1185 Zorobabel,
1886 1149 1946 1179 iste
1971 1158 2043 1178 ina-

87 1195 189 1238 gister
221 1194 264 1228 de
292 1195 478 1239 Babylone.
533 1195 572 1227 ln
599 1195 778 1238 Babylone
806 1194 892 1226 enim
922 1199 1012 1230 ortus
1041 1199 1103 1235 est,
1132 1195 1189 1226 ubi
1204 1191 1225 1210 ⁴⁷
1258 1201 1290 1228 et
1317 1196 1473 1240 princeps
1500 1198 1610 1241 gentis
1637 1198 1783 1230 Iudaeae
1811 1198 1924 1233 extitit.

630 1295 782 1329 CAP.
836 1296 911 1330 vll.
992 1296 1064 1328 De
1111 1297 1489 1340 patriarchis.

255 1373 287 1405 l.
341 1373 565 1414 Quorundam
593 1373 860 1417 patriarcharum
889 1373 1118 1417 etymologiae
1142 1371 1308 1405 notandae
1337 1379 1426 1413 sunt,
1455 1379 1490 1406 ut
1517 1375 1670 1414 sciamus,
1697 1374 1777 1417 quid
1806 1376 1838 1407 in
1852 1372 1874 1391 *Β
1898 1387 1955 1408 suo
1978 1387 2039 1409 vo-

86 1425 209 1458 cabulo
237 1422 434 1457 resonantffl.
488 1425 576 1457 Nam
612 1425 766 1468 plerique
794 1436 908 1456 eorum
946 1436 985 1457 ex
1021 1425 1167 1468 propriis
1195 1421 1337 1456 causis-⁵⁰
1369 1426 1501 1458 nomina
1535 1431 1747 1470 acceperunt.
1806 1424 2037 1461 Patriarcha⁵¹

83 1477 321 1521 interpretatur
348 1481 480 1520 patrum
510 1477 677 1520 princeps.
731 1473 854 1522 Αρχός
879 1476 965 1508 enim
999 1476 1132 1509 Graece
1158 1475 1316 1519 princeps
1329 1471 1354 1491 ⁵²
1381 1482 1437 1510 est,

247 1537 280 1569 2.
334 1537 460 1568 Abram
488 1536 633 1580 primum
662 1541 797 1568 vocatus
822 1540 868 1567 est
895 1541 992 1579 pater
1019 1536 1132 1568 videns
1152 1535 1329 1578 populum,
1354 1541 1494 1581 propter
1522 1536 1685 1569 Israelitas
1748 1536 1872 1570 scilicet
1899 1543 2034 1571 tantum.

81 1589 201 1621 Postea
229 1588 418 1633 appellatus
440 1593 488 1620 est
499 1584 524 1603 ⁵⁴
552 1587 742 1627 Abraham,
771 1587 863 1630 quod
892 1588 1085 1620 transfertur
1111 1592 1209 1632 pater
1235 1587 1411 1620 multarum
1440 1589 1607 1633 gentium,
1636 1587 1729 1631 quod
1755 1594 1823 1620 erat
1844 1589 1957 1622 adhuc
1973 1601 2035 1633 per

79 1640 183 1673 fidem
210 1640 368 1672 futurum.
423 1639 582 1672 Gentium
610 1644 721 1672 autem
750 1651 816 1671 non
844 1638 988 1672 habetur
1019 1640 1050 1672 in
1078 1639 1229 1679 nomine,
1253 1638 1312 1671 sed
1333 1640 1547 1681 subauditur,
1574 1640 1663 1673 iuxta
1689 1640 1793 1672 illud:
1827 1638 1944 1673 ΕνίΙ55
1970 1653 2032 1674 ηυ-

78 1703 158 1725 men
183 1696 280 1724 tuum
306 1691 512 1731 Abraham,
541 1691 624 1736 quia
646 1695 791 1736 patrem
814 1691 1007 1724 multarum
1034 1691 1195 1736 gentium
1217 1691 1321 1735 posui
1349 1695 1391 1725 te.

245 1751 278 1786 3.
330 1751 513 1785 Sciendum
541 1757 671 1791 autem,
700 1751 792 1794 quod
821 1757 964 1794 quatuor
991 1752 1024 1784 in
1052 1751 1154 1783 veteri
1181 1756 1377 1784 testamento
1405 1751 1532 1794 absque
1559 1751 1630 1784 ullo
1652 1751 1816 1784 velamine
1844 1752 2029 1784 nominibus·

78 1803 158 1847 suis,
185 1807 362 1847 antequam
390 1809 616 1844 nascerentur,
644 1804 754 1837 vocati
781 1808 872 1836 sunt:
900 1803 1065 1844 Ismahel‚
1091 1803 1203 1844 Isaac,
1238 1803 1401 1837 Salomon
1429 1808 1461 1836 et
1488 1803 1601 1836 [osias.
1654 1804 1751 1848 Lege
1778 1802 1956 1847 scripturas
1967 1800 1999 1835 ⁵⁰.

1696 1532 1721 1552 53

77 1912 127 1940 Sic
151 1912 207 1940 Gu.
226 1915 249 1943 1.
272 1929 314 1933 -
336 1912 422 1950 Vulg.
444 1922 549 1940 carnes
571 1914 638 1940 eiu-9
660 1923 758 1941 caneS.
791 1929 828 1935 —
857 1913 903 1948 31)
923 1914 942 1942 2
960 1913 1028 1950 Reg.
1072 1929 1113 1935 —
1140 1914 1322 1951 compositus
1355 1913 1435 1950 vulg.
1463 1928 1503 1932 —
1547 1912 1593 1949 46)
1617 1912 1824 1950 Babyloniam
1852 1912 1909 1939 Gu.
1933 1915 1961 1943 2.
1986 1928 2022 1934 -

77 1957 112 1992 9,
135 1956 185 1986 36.
207 1970 250 1976 —
278 1954 323 1993 32)
348 1955 396 1982 Sic
421 1955 478 1984 Gu.
499 1957 523 1985 1.
550 1971 586 1976 —
614 1957 695 1984 sicut
721 1955 799 1993 vulg.
825 1973 863 1978 —-
886 1956 931 1991 33)
955 1956 1030 1983 Do-
1072 1956 1117 1991 47)
1143 1955 1187 1983 ihi
1211 1958 1266 1984 Gu.
1281 1958 1308 1986 2.
1331 1971 1372 1976 -
1395 1959 1439 1989 48)
1460 1954 1510 1982 Sic
1534 1954 1629 1985 Gu.1.
1647 1958 1676 1986 2,
1697 1966 1742 1993 pr.
1761 1965 1809 1983 va.
1828 1954 1877 1984 Ar.
1896 1971 1931 1975 ——
1951 1965 2024 1993 quo-

77 1999 192 2026 minum
224 1998 279 2026 Gu.
301 2001 329 2029 2.
359 2013 400 2020 --
429 1995 477 2037 34)
508 2004 550 2025 est
581 1998 684 2027 addidi
713 2010 728 2028 e
759 1999 814 2029 (iu,
841 2001 867 2029 1.
898 2014 935 2018 -—
966 1999 1029 2036 ipse
1072 1998 1160 2026 modo
1184 2009 1239 2026 suu
1263 2003 1318 2027 etc.
1341 1997 1421 2033 vulg.
1446 2014 1480 2018 -
1501 1995 1550 2036 49)
1574 1997 1622 2025 Sic
1643 1999 1699 2026 Gu.
1724 2000 1749 2029 1.
1775 1999 1802 2028 2.
1825 2013 1867 2018 —
1890 2004 2022 2026 resonent

76 2051 143 2068 vero
167 2046 209 2068 est
233 2041 271 2069 al.
298 2055 331 2060 —-
359 2042 404 2075 35)
432 2040 481 2068 Sic
507 2041 564 2069 Gu.
584 2045 607 2072 1.
632 2045 660 2073 2.
676 2042 729 2071 Ar.
745 2058 784 2063 —
806 2040 938 2069 joathan
948 2041 1027 2078 vulg.
1070 2042 1151 2079 vulg.
1178 2057 1219 2063 —
1248 2040 1294 2079 50)
1319 2041 1367 2068 Sic
1391 2040 1448 2070 Gu.
1476 2042 1503 2070 1.
1525 2057 1562 2061 —
1598 2040 1683 2078 Vulg.
1706 2050 1739 2067 ex
1769 2050 1865 2067 calma
1883 2042 2020 2078 propria.

78 2101 116 2106 --
140 2083 190 2120 36)
212 2083 298 2110 Zella
327 2082 384 2111 Gu.
410 2085 436 2112 1.
456 2099 498 2104 —
526 2084 619 2111 Stella
643 2094 689 2122 pr.
723 2101 758 2105 —
801 2087 845 2120 37)
870 2083 1028 2111 consulens
1069 2101 1111 2105 —
1129 2084 1184 2112 Gu.
1202 2087 1231 2115 2.
1256 2093 1299 2121 pr.
1318 2084 1365 2111 Ar.
1389 2094 1422 2110 ex
1445 2084 1549 2110 causis
1565 2085 1711 2121 propriis.
1730 2099 1768 2103 —-
1793 2093 1826 2109 ex
1849 2084 1954 2110 causis
1975 2094 2018 2112 va.

75 2126 114 2155 al.
130 2142 168 2147 -
191 2128 237 2159 38)
261 2124 369 2153 Facees
393 2125 448 2153 Gu.
471 2127 498 2156 2.
522 2141 560 2146 —
593 2124 640 2165 39)
664 2126 712 2154 Sic
739 2128 796 2156 Gu.
821 2130 847 2157 1.
862 2128 890 2157 2.
914 2126 963 2154 Ar.
986 2142 1028 2147 .-
1068 2142 1109 2147 —
1131 2124 1176 2164 51)
1199 2126 1403 2154 Patriarclzae
1429 2150 1435 2156 .
1458 2149 1464 2155 .
1490 2147 1496 2154 .
1515 2127 1680 2164 principes.
1724 2124 1769 2153 Al.
1787 2130 1914 2163 patrum
1927 2127 2017 2163 prin-

70 2168 247 2207 prophetiae
267 2168 347 2206 vulg.
368 2183 409 2189 -—
431 2168 479 2204 40)
503 2168 708 2205 langunculam
732 2170 787 2197 Gn.
807 2172 834 2200 1.
848 2186 890 2190 —
904 2169 1025 2197 nabun,-
1068 2170 1201 2207 cipatch,
1230 2185 1264 2189 —
1290 2167 1337 2207 52)
1362 2169 1410 2197 Sic
1439 2168 1494 2197 Gn.
1515 2172 1539 2198 1.
1562 2170 1590 2198 2.
1617 2179 1663 2207 pr.
1679 2178 1725 2197 va.
1743 2168 1793 2196 Ar.
1809 2183 1849 2190 —
1873 2165 1948 2207 ἀρχή
1963 2190 1972 2198 .
1986 2188 2014 2198 ..

75 2212 160 2240 culae
184 2212 238 2239 Gn.
262 2213 290 2241 2.
322 2229 360 2233 —-
391 2210 583 2238 nabunt-ulae
605 2218 767 2249 angustae,
796 2213 860 2239 sive
889 2218 1024 2248 Sanctae,
1062 2213 1260 2249 principatus
1293 2211 1373 2249 vulg.
1402 2228 1443 2232 —
1479 2209 1525 2249 53)
1552 2212 1687 2249 populus
1714 2210 1812 2240 lsrael
1839 2210 1894 2239 Gu.
1917 2213 1944 2240 2.
1973 2225 2013 2229 -

74 2255 137 2282 sive
159 2259 215 2283 etc.
238 2253 277 2282 al.
301 2269 343 2275 —
365 2255 409 2290 41)
429 2263 486 2291 pro
510 2255 626 2281 somnio
651 2254 688 2282 al.
708 2265 753 2293 pr.
771 2264 816 2284 va.
835 2270 876 2276 —
898 2254 947 2292 42)
963 2265 1023 2282 ces-
1065 2255 1112 2288 54)
1136 2260 1178 2281 est
1209 2265 1266 2282 om.
1290 2255 1339 2282 Ar.
1369 2270 1410 2276 —
1440 2254 1614 2292 appellatur
1644 2254 1700 2284 Gu.
1723 2257 1750 2285 1.
1776 2269 1812 2274 —
1843 2251 1889 2292 55)
1920 2252 2011 2278 Locus

73 2298 119 2324 sio
142 2297 181 2326 al.
216 2313 254 2317 —
284 2296 331 2333 43)
363 2298 533 2332 cognitione
566 2296 602 2324 al.
626 2312 667 2317 —
701 2300 749 2332 44)
771 2297 820 2325 Sic
850 2297 908 2326 Gu.
934 2300 960 2328 1.
981 2313 1022 2319 —
1066 2300 1110 2324 est
1140 2296 1247 2325 Genes.
1274 2299 1327 2333 17,
1359 2298 1389 2328 5.
1414 2312 1455 2318 -
1486 2296 1532 2335 56)
1561 2298 1594 2325 in
1623 2307 1697 2325 ηωό
1728 2295 1786 2325 duo
1816 2294 1961 2323 lohannes
1984 2298 2008 2319 et

73 2339 161 2378 Vulg.
183 2340 217 2368 in
238 2340 348 2378 captiv.
372 2339 410 2367 αῖ)
440 2349 470 2366 eo
500 2337 587 2366 ducti
609 2344 690 2367 sunt.
715 2355 752 2361 —
784 2337 831 2379 45)
849 2339 897 2367 Sic
921 2340 978 2369 Gu.
998 2342 1024 2370 1.
1063 2338 1147 2368 Iesus
1169 2339 1237 2369 add.
1260 2349 1309 2369 va.
