<?xml version="1.0" encoding="UTF-8"?>
<!DOCTYPE html PUBLIC "-//W3C//DTD XHTML 1.0 Transitional//EN"
    "http://www.w3.org/TR/xhtml1/DTD/xhtml1-transitional.dtd">
<html xmlns="http://www.w3.org/1999/xhtml" xml:lang="en" lang="en">
 <head>
  <title>
</title>
<meta http-equiv="Content-Type" content="text/html;charset=utf-8" />
  <meta name='ocr-system' content='tesseract 3.04.00' />
  <meta name='ocr-capabilities' content='ocr_page ocr_carea ocr_par ocr_line ocrx_word'/>
</head>
<body>
  <div class='ocr_page' id='page_1' title='image "./corpusgrammatico03linduoft_0244.png"; bbox 0 0 2203 2829; ppageno 0'>
   <div class='ocr_carea' id='block_1_1' title="bbox 148 101 1403 142">
    <p class='ocr_par' dir='ltr' id='par_1_1' title="bbox 148 101 1403 142">
     <span class='ocr_line' id='line_1_1' title="bbox 148 101 1403 142; baseline -0.003 0"><span class='ocrx_word' id='word_1_1' title='bbox 148 106 224 142; x_wconf 80' lang='lat'>226</span> <span class='ocrx_word' id='word_1_2' title='bbox 847 101 1025 137; x_wconf 89' lang='lat' dir='ltr'>ISIDORI</span> <span class='ocrx_word' id='word_1_3' title='bbox 1050 102 1232 138; x_wconf 86' lang='lat' dir='ltr'>HISPAL.</span> <span class='ocrx_word' id='word_1_4' title='bbox 1259 103 1403 139; x_wconf 88' lang='lat' dir='ltr'>EPISC.</span> 
     </span>
    </p>
   </div>
   <div class='ocr_carea' id='block_1_2' title="bbox 149 195 2107 1170">
    <p class='ocr_par' dir='ltr' id='par_1_2' title="bbox 149 195 2099 351">
     <span class='ocr_line' id='line_1_2' title="bbox 149 195 2099 247; baseline 0 -12"><span class='ocrx_word' id='word_1_5' title='bbox 149 200 337 247; x_wconf 78' lang='lat' dir='ltr'><strong>temporale</strong></span> <span class='ocrx_word' id='word_1_6' title='bbox 364 199 525 233; x_wconf 86' lang='lat' dir='ltr'>amittunt.</span> <span class='ocrx_word' id='word_1_7' title='bbox 580 197 648 232; x_wconf 87' lang='lat' dir='ltr'>Alii</span> <span class='ocrx_word' id='word_1_8' title='bbox 674 196 883 242; x_wconf 89' lang='lat' dir='ltr'>paracletum</span> <span class='ocrx_word' id='word_1_9' title='bbox 912 197 1027 231; x_wconf 88' lang='lat' dir='ltr'>dicunt</span> <span class='ocrx_word' id='word_1_10' title='bbox 1059 198 1178 231; x_wconf 86' lang='lat' dir='ltr'>Latine</span> <span class='ocrx_word' id='word_1_11' title='bbox 1211 203 1379 232; x_wconf 89' lang='lat' dir='ltr'>oratorem</span> <span class='ocrx_word' id='word_1_12' title='bbox 1414 197 1467 231; x_wconf 87' lang='lat' dir='ltr'>vel</span> <span class='ocrx_word' id='word_1_13' title='bbox 1503 197 1706 232; x_wconf 82' lang='lat' dir='ltr'>advocatum</span> <span class='ocrx_word' id='word_1_14' title='bbox 1733 198 1943 242; x_wconf 83' lang='lat' dir='ltr'>interpretari</span> <span class='ocrx_word' id='word_1_15' title='bbox 1954 195 1975 233; x_wconf 87' lang='lat'>¹.</span> <span class='ocrx_word' id='word_1_16' title='bbox 2020 200 2099 245; x_wconf 84' lang='lat' dir='ltr'>Ipse</span> 
     </span>
     <span class='ocr_line' id='line_1_3' title="bbox 152 247 2099 297; baseline -0.001 -10"><span class='ocrx_word' id='word_1_17' title='bbox 152 254 238 288; x_wconf 89' lang='lat' dir='ltr'>enim</span> <span class='ocrx_word' id='word_1_18' title='bbox 265 252 406 297; x_wconf 76' lang='lat' dir='ltr'>Spiritus</span> <span class='ocrx_word' id='word_1_19' title='bbox 429 255 559 285; x_wconf 81' lang='lat' dir='ltr'>sanctus</span> <span class='ocrx_word' id='word_1_20' title='bbox 579 247 699 283; x_wconf 73' lang='lat' dir='ltr'>dicit²z</span> <span class='ocrx_word' id='word_1_21' title='bbox 742 250 820 294; x_wconf 84' lang='lat' dir='ltr'>Ipse</span> <span class='ocrx_word' id='word_1_22' title='bbox 848 249 959 291; x_wconf 86' lang='lat' dir='ltr'>docet,</span> <span class='ocrx_word' id='word_1_23' title='bbox 986 261 1049 295; x_wconf 90' lang='lat' dir='ltr'>per</span> <span class='ocrx_word' id='word_1_24' title='bbox 1075 251 1184 294; x_wconf 84' lang='lat' dir='ltr'>ipsum</span> <span class='ocrx_word' id='word_1_25' title='bbox 1212 251 1308 283; x_wconf 90' lang='lat' dir='ltr'>datur</span> <span class='ocrx_word' id='word_1_26' title='bbox 1336 261 1446 284; x_wconf 78' lang='lat' dir='ltr'>sermo</span> <span class='ocrx_word' id='word_1_27' title='bbox 1473 250 1671 294; x_wconf 78' lang='lat' dir='ltr'>sapientiae:</span> <span class='ocrx_word' id='word_1_28' title='bbox 1695 250 1738 283; x_wconf 89' lang='lat' dir='ltr'>ab</span> <span class='ocrx_word' id='word_1_29' title='bbox 1762 250 1836 294; x_wconf 84' lang='lat' dir='ltr'>ipso</span> <span class='ocrx_word' id='word_1_30' title='bbox 1861 247 1995 285; x_wconf 83' lang='lat' dir='ltr'>sancta³</span> <span class='ocrx_word' id='word_1_31' title='bbox 2017 253 2099 286; x_wconf 85' lang='lat' dir='ltr'>scri-</span> 
     </span>
     <span class='ocr_line' id='line_1_4' title="bbox 153 304 518 351; baseline -0.014 -11"><span class='ocrx_word' id='word_1_32' title='bbox 153 312 251 351; x_wconf 89' lang='lat' dir='ltr'>ptura</span> <span class='ocrx_word' id='word_1_33' title='bbox 277 304 434 348; x_wconf 81' lang='lat' dir='ltr'>inspirata</span> <span class='ocrx_word' id='word_1_34' title='bbox 461 308 518 336; x_wconf 85' lang='lat' dir='ltr'>est.</span> 
     </span>
    </p>

    <p class='ocr_par' dir='ltr' id='par_1_3' title="bbox 149 349 2103 545">
     <span class='ocr_line' id='line_1_5' title="bbox 321 349 2098 397; baseline 0 -10"><span class='ocrx_word' id='word_1_35' title='bbox 321 355 376 387; x_wconf 83' lang='lat'>13.</span> <span class='ocrx_word' id='word_1_36' title='bbox 431 354 513 386; x_wconf 86' lang='lat' dir='ltr'>Ideo</span> <span class='ocrx_word' id='word_1_37' title='bbox 540 352 681 396; x_wconf 75' lang='lat' dir='ltr'>Spiritus</span> <span class='ocrx_word' id='word_1_38' title='bbox 707 349 862 386; x_wconf 76' lang='lat' dir='ltr'>sanctus⁴</span> <span class='ocrx_word' id='word_1_39' title='bbox 889 352 1090 396; x_wconf 79' lang='lat' dir='ltr'>septiformis</span> <span class='ocrx_word' id='word_1_40' title='bbox 1117 357 1338 397; x_wconf 74' lang='lat' dir='ltr'>nuncupatur,</span> <span class='ocrx_word' id='word_1_41' title='bbox 1366 357 1507 397; x_wconf 87' lang='lat' dir='ltr'>propter</span> <span class='ocrx_word' id='word_1_42' title='bbox 1535 352 1635 394; x_wconf 86' lang='lat' dir='ltr'>dona,</span> <span class='ocrx_word' id='word_1_43' title='bbox 1663 363 1750 396; x_wconf 89' lang='lat' dir='ltr'>quae</span> <span class='ocrx_word' id='word_1_44' title='bbox 1778 351 1822 385; x_wconf 88' lang='lat' dir='ltr'>de</span> <span class='ocrx_word' id='word_1_45' title='bbox 1850 353 1981 386; x_wconf 83' lang='lat' dir='ltr'>unitatis</span> <span class='ocrx_word' id='word_1_46' title='bbox 2004 350 2098 387; x_wconf 79' lang='lat' dir='ltr'>eius⁵</span> 
     </span>
     <span class='ocr_line' id='line_1_6' title="bbox 153 401 2102 454; baseline -0.002 -11"><span class='ocrx_word' id='word_1_47' title='bbox 153 407 359 454; x_wconf 87' lang='lat' dir='ltr'>plenitudine</span> <span class='ocrx_word' id='word_1_48' title='bbox 393 401 639 449; x_wconf 67' lang='lat' dir='ltr'>particulatimfi</span> <span class='ocrx_word' id='word_1_49' title='bbox 673 404 797 447; x_wconf 89' lang='lat' dir='ltr'>quique</span> <span class='ocrx_word' id='word_1_50' title='bbox 831 408 868 437; x_wconf 89' lang='lat' dir='ltr'>ut</span> <span class='ocrx_word' id='word_1_51' title='bbox 903 404 998 449; x_wconf 86' lang='lat' dir='ltr'>digni</span> <span class='ocrx_word' id='word_1_52' title='bbox 1031 409 1104 437; x_wconf 81' lang='lat' dir='ltr'>sunt</span> <span class='ocrx_word' id='word_1_53' title='bbox 1138 405 1298 448; x_wconf 79' lang='lat' dir='ltr'>consequi</span> <span class='ocrx_word' id='word_1_54' title='bbox 1332 409 1573 448; x_wconf 83' lang='lat' dir='ltr'>promerentur.</span> <span class='ocrx_word' id='word_1_55' title='bbox 1635 403 1719 450; x_wconf 83' lang='lat' dir='ltr'>Ipse</span> <span class='ocrx_word' id='word_1_56' title='bbox 1747 405 1836 437; x_wconf 79' lang='lat' dir='ltr'>enim</span> <span class='ocrx_word' id='word_1_57' title='bbox 1870 405 2014 450; x_wconf 78' lang='lat' dir='ltr'>spiritus</span> <span class='ocrx_word' id='word_1_58' title='bbox 2040 416 2102 439; x_wconf 84' lang='lat' dir='ltr'>sa-</span> 
     </span>
     <span class='ocr_line' id='line_1_7' title="bbox 149 455 2103 506; baseline -0.002 -12"><span class='ocrx_word' id='word_1_59' title='bbox 149 460 305 506; x_wconf 73' lang='lat' dir='ltr'>pientiae</span> <span class='ocrx_word' id='word_1_60' title='bbox 332 461 364 490; x_wconf 83' lang='lat' dir='ltr'>et</span> <span class='ocrx_word' id='word_1_61' title='bbox 387 456 600 491; x_wconf 80' lang='lat' dir='ltr'>intellectus.-</span> <span class='ocrx_word' id='word_1_62' title='bbox 634 457 778 502; x_wconf 81' lang='lat' dir='ltr'>spiritus</span> <span class='ocrx_word' id='word_1_63' title='bbox 803 456 936 489; x_wconf 81' lang='lat' dir='ltr'>consilii</span> <span class='ocrx_word' id='word_1_64' title='bbox 959 460 992 489; x_wconf 85' lang='lat' dir='ltr'>et</span> <span class='ocrx_word' id='word_1_65' title='bbox 1014 455 1252 502; x_wconf 71' lang='lat' dir='ltr'>fortitudinis.-</span> <span class='ocrx_word' id='word_1_66' title='bbox 1284 457 1429 501; x_wconf 77' lang='lat' dir='ltr'>spiritus</span> <span class='ocrx_word' id='word_1_67' title='bbox 1448 456 1615 490; x_wconf 76' lang='lat' dir='ltr'>scientiae</span> <span class='ocrx_word' id='word_1_68' title='bbox 1638 460 1670 490; x_wconf 88' lang='lat' dir='ltr'>et</span> <span class='ocrx_word' id='word_1_69' title='bbox 1694 456 1857 502; x_wconf 80' lang='lat' dir='ltr'>pietatis:</span> <span class='ocrx_word' id='word_1_70' title='bbox 1892 457 2037 502; x_wconf 75' lang='lat' dir='ltr'>spiritus</span> <span class='ocrx_word' id='word_1_71' title='bbox 2057 457 2103 490; x_wconf 82' lang='lat' dir='ltr'>ti-</span> 
     </span>
     <span class='ocr_line' id='line_1_8' title="bbox 153 509 442 545; baseline -0.017 0"><span class='ocrx_word' id='word_1_72' title='bbox 153 513 260 545; x_wconf 82' lang='lat' dir='ltr'>moris</span> <span class='ocrx_word' id='word_1_73' title='bbox 287 509 442 543; x_wconf 84' lang='lat' dir='ltr'>Domini.</span> 
     </span>
    </p>

    <p class='ocr_par' dir='ltr' id='par_1_4' title="bbox 153 555 2103 812">
     <span class='ocr_line' id='line_1_9' title="bbox 317 555 2102 604; baseline -0.001 -11"><span class='ocrx_word' id='word_1_74' title='bbox 317 560 374 593; x_wconf 69' lang='lat'>1⁴.</span> <span class='ocrx_word' id='word_1_75' title='bbox 428 560 572 603; x_wconf 77' lang='lat' dir='ltr'>Spiritus</span> <span class='ocrx_word' id='word_1_76' title='bbox 598 564 709 591; x_wconf 85' lang='lat' dir='ltr'>autem</span> <span class='ocrx_word' id='word_1_77' title='bbox 737 559 930 603; x_wconf 86' lang='lat' dir='ltr'>principalis</span> <span class='ocrx_word' id='word_1_78' title='bbox 964 559 997 591; x_wconf 95' lang='lat' dir='ltr'>in</span> <span class='ocrx_word' id='word_1_79' title='bbox 1025 559 1159 591; x_wconf 83' lang='lat' dir='ltr'>Psalmo</span> <span class='ocrx_word' id='word_1_80' title='bbox 1181 555 1482 603; x_wconf 65' lang='lat' dir='ltr'>quinquagesimo²</span> <span class='ocrx_word' id='word_1_81' title='bbox 1508 558 1651 604; x_wconf 77' lang='lat' dir='ltr'>legitur,</span> <span class='ocrx_word' id='word_1_82' title='bbox 1685 559 1745 591; x_wconf 88' lang='lat' dir='ltr'>ubi</span> <span class='ocrx_word' id='word_1_83' title='bbox 1772 559 1852 602; x_wconf 89' lang='lat' dir='ltr'>quia</span> <span class='ocrx_word' id='word_1_84' title='bbox 1878 559 1976 592; x_wconf 86' lang='lat' dir='ltr'>tertio</span> <span class='ocrx_word' id='word_1_85' title='bbox 2004 559 2102 604; x_wconf 85' lang='lat' dir='ltr'>spiri-</span> 
     </span>
     <span class='ocr_line' id='line_1_10' title="bbox 153 607 2101 657; baseline -0.001 -10"><span class='ocrx_word' id='word_1_86' title='bbox 153 619 203 647; x_wconf 81' lang='lat' dir='ltr'>tus</span> <span class='ocrx_word' id='word_1_87' title='bbox 230 613 408 657; x_wconf 76' lang='lat' dir='ltr'>repetitur,</span> <span class='ocrx_word' id='word_1_88' title='bbox 439 612 587 644; x_wconf 89' lang='lat' dir='ltr'>nonnulli</span> <span class='ocrx_word' id='word_1_89' title='bbox 615 611 813 643; x_wconf 84' lang='lat' dir='ltr'>Trinitatem</span> <span class='ocrx_word' id='word_1_90' title='bbox 841 611 1071 643; x_wconf 82' lang='lat' dir='ltr'>intellexerunt</span> <span class='ocrx_word' id='word_1_91' title='bbox 1105 611 1137 642; x_wconf 93' lang='lat' dir='ltr'>iu</span> <span class='ocrx_word' id='word_1_92' title='bbox 1168 609 1283 651; x_wconf 66' lang='lat' dir='ltr'>l)e0²⁵‚</span> <span class='ocrx_word' id='word_1_93' title='bbox 1317 610 1395 653; x_wconf 89' lang='lat' dir='ltr'>quia</span> <span class='ocrx_word' id='word_1_94' title='bbox 1429 611 1590 654; x_wconf 80' lang='lat' dir='ltr'>scriptum</span> <span class='ocrx_word' id='word_1_95' title='bbox 1623 615 1686 643; x_wconf 83' lang='lat' dir='ltr'>est:</span> <span class='ocrx_word' id='word_1_96' title='bbox 1713 610 1813 643; x_wconf 79' lang='lat' dir='ltr'>Deus</span> <span class='ocrx_word' id='word_1_97' title='bbox 1841 610 1996 655; x_wconf 77' lang='lat' dir='ltr'>Spiritus</span> <span class='ocrx_word' id='word_1_98' title='bbox 2023 607 2101 646; x_wconf 66' lang='lat' dir='ltr'>est-⁹.</span> 
     </span>
     <span class='ocr_line' id='line_1_11' title="bbox 154 659 2103 708; baseline -0.002 -10"><span class='ocrx_word' id='word_1_99' title='bbox 154 666 258 707; x_wconf 83' lang='lat' dir='ltr'>Quod</span> <span class='ocrx_word' id='word_1_100' title='bbox 286 665 373 697; x_wconf 88' lang='lat' dir='ltr'>enim</span> <span class='ocrx_word' id='word_1_101' title='bbox 400 675 467 696; x_wconf 90' lang='lat' dir='ltr'>non</span> <span class='ocrx_word' id='word_1_102' title='bbox 494 668 543 696; x_wconf 84' lang='lat' dir='ltr'>est</span> <span class='ocrx_word' id='word_1_103' title='bbox 570 674 702 707; x_wconf 81' lang='lat' dir='ltr'>corpus,</span> <span class='ocrx_word' id='word_1_104' title='bbox 722 668 754 695; x_wconf 86' lang='lat' dir='ltr'>et</span> <span class='ocrx_word' id='word_1_105' title='bbox 774 668 884 695; x_wconf 81' lang='lat' dir='ltr'>tamen</span> <span class='ocrx_word' id='word_1_106' title='bbox 909 667 977 705; x_wconf 68' lang='lat' dir='ltr'>est,</span> <span class='ocrx_word' id='word_1_107' title='bbox 1002 662 1132 694; x_wconf 80' lang='lat' dir='ltr'>videtur</span> <span class='ocrx_word' id='word_1_108' title='bbox 1159 668 1281 695; x_wconf 78' lang='lat' dir='ltr'>restare</span> <span class='ocrx_word' id='word_1_109' title='bbox 1292 659 1330 702; x_wconf 76' lang='lat'>¹⁰,</span> <span class='ocrx_word' id='word_1_110' title='bbox 1359 667 1393 694; x_wconf 93' lang='lat' dir='ltr'>ut</span> <span class='ocrx_word' id='word_1_111' title='bbox 1420 662 1550 706; x_wconf 79' lang='lat' dir='ltr'>spiritus</span> <span class='ocrx_word' id='word_1_112' title='bbox 1577 662 1627 696; x_wconf 84' lang='lat' dir='ltr'>sit.</span> <span class='ocrx_word' id='word_1_113' title='bbox 1680 662 1841 695; x_wconf 81' lang='lat' dir='ltr'>Nonnulli</span> <span class='ocrx_word' id='word_1_114' title='bbox 1869 674 1951 708; x_wconf 85' lang='lat' dir='ltr'>ergo</span> <span class='ocrx_word' id='word_1_115' title='bbox 1979 663 2103 695; x_wconf 86' lang='lat' dir='ltr'>intelli-</span> 
     </span>
     <span class='ocr_line' id='line_1_12' title="bbox 154 713 2103 763; baseline -0.002 -13"><span class='ocrx_word' id='word_1_116' title='bbox 154 721 238 763; x_wconf 83' lang='lat' dir='ltr'>gunt</span> <span class='ocrx_word' id='word_1_117' title='bbox 263 713 341 750; x_wconf 84' lang='lat' dir='ltr'>ibi¹¹</span> <span class='ocrx_word' id='word_1_118' title='bbox 369 715 566 749; x_wconf 85' lang='lat' dir='ltr'>Trinitatem</span> <span class='ocrx_word' id='word_1_119' title='bbox 593 715 791 760; x_wconf 83' lang='lat' dir='ltr'>significari:</span> <span class='ocrx_word' id='word_1_120' title='bbox 817 715 849 747; x_wconf 91' lang='lat' dir='ltr'>in</span> <span class='ocrx_word' id='word_1_121' title='bbox 877 715 1006 758; x_wconf 86' lang='lat' dir='ltr'>Spiritu</span> <span class='ocrx_word' id='word_1_122' title='bbox 1033 714 1211 758; x_wconf 86' lang='lat' dir='ltr'>principali</span> <span class='ocrx_word' id='word_1_123' title='bbox 1239 715 1390 747; x_wconf 83' lang='lat' dir='ltr'>Patrem:</span> <span class='ocrx_word' id='word_1_124' title='bbox 1416 714 1448 746; x_wconf 92' lang='lat' dir='ltr'>iu</span> <span class='ocrx_word' id='word_1_125' title='bbox 1476 714 1603 758; x_wconf 88' lang='lat' dir='ltr'>Spiritu</span> <span class='ocrx_word' id='word_1_126' title='bbox 1630 718 1723 747; x_wconf 88' lang='lat' dir='ltr'>recto</span> <span class='ocrx_word' id='word_1_127' title='bbox 1750 713 1893 747; x_wconf 86' lang='lat' dir='ltr'>Filium:</span> <span class='ocrx_word' id='word_1_128' title='bbox 1920 715 1953 747; x_wconf 93' lang='lat' dir='ltr'>in</span> <span class='ocrx_word' id='word_1_129' title='bbox 1975 715 2103 759; x_wconf 86' lang='lat' dir='ltr'>Spiritu</span> 
     </span>
     <span class='ocr_line' id='line_1_13' title="bbox 155 767 646 812; baseline -0.008 -10"><span class='ocrx_word' id='word_1_130' title='bbox 155 773 268 802; x_wconf 81' lang='lat' dir='ltr'>sancto</span> <span class='ocrx_word' id='word_1_131' title='bbox 299 767 460 812; x_wconf 90' lang='lat' dir='ltr'>Spiritum</span> <span class='ocrx_word' id='word_1_132' title='bbox 487 772 646 801; x_wconf 81' lang='lat' dir='ltr'>sanctum.</span> 
     </span>
    </p>

    <p class='ocr_par' dir='ltr' id='par_1_5' title="bbox 155 815 2105 1019">
     <span class='ocr_line' id='line_1_14' title="bbox 320 815 2104 862; baseline -0.002 -11"><span class='ocrx_word' id='word_1_133' title='bbox 320 817 379 851; x_wconf 86' lang='lat'>15.</span> <span class='ocrx_word' id='word_1_134' title='bbox 431 818 573 862; x_wconf 80' lang='lat' dir='ltr'>Spiritus</span> <span class='ocrx_word' id='word_1_135' title='bbox 600 823 730 852; x_wconf 79' lang='lat' dir='ltr'>sanctus</span> <span class='ocrx_word' id='word_1_136' title='bbox 757 817 833 849; x_wconf 87' lang='lat' dir='ltr'>ideo</span> <span class='ocrx_word' id='word_1_137' title='bbox 855 816 981 849; x_wconf 87' lang='lat' dir='ltr'>donum</span> <span class='ocrx_word' id='word_1_138' title='bbox 1003 816 1133 857; x_wconf 78' lang='lat' dir='ltr'>dicitur,</span> <span class='ocrx_word' id='word_1_139' title='bbox 1162 827 1202 849; x_wconf 89' lang='lat' dir='ltr'>eo</span> <span class='ocrx_word' id='word_1_140' title='bbox 1224 816 1316 859; x_wconf 88' lang='lat' dir='ltr'>quod</span> <span class='ocrx_word' id='word_1_141' title='bbox 1344 816 1451 849; x_wconf 83' lang='lat' dir='ltr'>datur.</span> <span class='ocrx_word' id='word_1_142' title='bbox 1487 817 1518 849; x_wconf 90' lang='lat' dir='ltr'>A</span> <span class='ocrx_word' id='word_1_143' title='bbox 1546 815 1660 849; x_wconf 83' lang='lat' dir='ltr'>dando</span> <span class='ocrx_word' id='word_1_144' title='bbox 1685 816 1772 849; x_wconf 87' lang='lat' dir='ltr'>enim</span> <span class='ocrx_word' id='word_1_145' title='bbox 1800 816 1926 849; x_wconf 90' lang='lat' dir='ltr'>donum</span> <span class='ocrx_word' id='word_1_146' title='bbox 1953 821 2001 849; x_wconf 84' lang='lat' dir='ltr'>est</span> <span class='ocrx_word' id='word_1_147' title='bbox 2020 827 2104 848; x_wconf 91' lang='lat' dir='ltr'>nun-</span> 
     </span>
     <span class='ocr_line' id='line_1_15' title="bbox 155 867 2105 915; baseline -0.003 -10"><span class='ocrx_word' id='word_1_148' title='bbox 155 867 362 915; x_wconf 62' lang='lat' dir='ltr'>cupatumffi.</span> <span class='ocrx_word' id='word_1_149' title='bbox 416 869 629 903; x_wconf 63' lang='lat' dir='ltr'>Nom-simum</span> <span class='ocrx_word' id='word_1_150' title='bbox 656 875 705 903; x_wconf 86' lang='lat' dir='ltr'>est</span> <span class='ocrx_word' id='word_1_151' title='bbox 731 869 817 902; x_wconf 85' lang='lat' dir='ltr'>enim</span> <span class='ocrx_word' id='word_1_152' title='bbox 845 869 1017 901; x_wconf 86' lang='lat' dir='ltr'>domiuum</span> <span class='ocrx_word' id='word_1_153' title='bbox 1047 869 1154 901; x_wconf 81' lang='lat' dir='ltr'>lesum</span> <span class='ocrx_word' id='word_1_154' title='bbox 1189 868 1358 901; x_wconf 67' lang='lat' dir='ltr'>Christum</span> <span class='ocrx_word' id='word_1_155' title='bbox 1394 879 1471 902; x_wconf 89' lang='lat' dir='ltr'>cum</span> <span class='ocrx_word' id='word_1_156' title='bbox 1501 873 1577 912; x_wconf 83' lang='lat' dir='ltr'>post</span> <span class='ocrx_word' id='word_1_157' title='bbox 1610 867 1885 901; x_wconf 82' lang='lat' dir='ltr'>resurrectionem</span> <span class='ocrx_word' id='word_1_158' title='bbox 1913 880 1933 900; x_wconf 90' lang='lat' dir='ltr'>a</span> <span class='ocrx_word' id='word_1_159' title='bbox 1966 867 2105 900; x_wconf 78' lang='lat' dir='ltr'>mortuis</span> 
     </span>
     <span class='ocr_line' id='line_1_16' title="bbox 157 916 2105 965; baseline -0.003 -9"><span class='ocrx_word' id='word_1_160' title='bbox 157 922 354 956; x_wconf 79' lang='lat' dir='ltr'>ascendisset</span> <span class='ocrx_word' id='word_1_161' title='bbox 380 921 412 954; x_wconf 92' lang='lat' dir='ltr'>iu</span> <span class='ocrx_word' id='word_1_162' title='bbox 440 921 593 961; x_wconf 84' lang='lat' dir='ltr'>coelum,</span> <span class='ocrx_word' id='word_1_163' title='bbox 621 921 752 954; x_wconf 78' lang='lat' dir='ltr'>dedisse</span> <span class='ocrx_word' id='word_1_164' title='bbox 768 921 929 965; x_wconf 86' lang='lat' dir='ltr'>Spiritum</span> <span class='ocrx_word' id='word_1_165' title='bbox 957 925 1117 960; x_wconf 77' lang='lat' dir='ltr'>sanctum,</span> <span class='ocrx_word' id='word_1_166' title='bbox 1144 931 1212 963; x_wconf 92' lang='lat' dir='ltr'>quo</span> <span class='ocrx_word' id='word_1_167' title='bbox 1238 920 1410 954; x_wconf 83' lang='lat' dir='ltr'>credentes</span> <span class='ocrx_word' id='word_1_168' title='bbox 1438 921 1470 952; x_wconf 90' lang='lat' dir='ltr'>in</span> <span class='ocrx_word' id='word_1_169' title='bbox 1496 921 1606 965; x_wconf 83' lang='lat' dir='ltr'>ipsum</span> <span class='ocrx_word' id='word_1_170' title='bbox 1620 916 1643 936; x_wconf 83' lang='lat'>¹³</span> <span class='ocrx_word' id='word_1_171' title='bbox 1666 920 1796 965; x_wconf 89' lang='lat' dir='ltr'>impleti</span> <span class='ocrx_word' id='word_1_172' title='bbox 1815 920 1937 965; x_wconf 85' lang='lat' dir='ltr'>linguis</span> <span class='ocrx_word' id='word_1_173' title='bbox 1957 919 2105 952; x_wconf 89' lang='lat' dir='ltr'>omnium</span> 
     </span>
     <span class='ocr_line' id='line_1_17' title="bbox 156 974 562 1019; baseline -0.002 -12"><span class='ocrx_word' id='word_1_174' title='bbox 156 974 305 1019; x_wconf 88' lang='lat' dir='ltr'>gentium</span> <span class='ocrx_word' id='word_1_175' title='bbox 332 974 562 1016; x_wconf 81' lang='lat' dir='ltr'>loquebantur.</span> 
     </span>
    </p>

    <p class='ocr_par' dir='ltr' id='par_1_6' title="bbox 158 1019 2107 1170">
     <span class='ocr_line' id='line_1_18' title="bbox 322 1019 2107 1066; baseline -0.002 -9"><span class='ocrx_word' id='word_1_176' title='bbox 322 1024 381 1058; x_wconf 86' lang='lat'>16.</span> <span class='ocrx_word' id='word_1_177' title='bbox 434 1025 471 1057; x_wconf 91' lang='lat' dir='ltr'>ln</span> <span class='ocrx_word' id='word_1_178' title='bbox 506 1029 632 1057; x_wconf 83' lang='lat' dir='ltr'>tantum</span> <span class='ocrx_word' id='word_1_179' title='bbox 664 1020 787 1056; x_wconf 81' lang='lat' dir='ltr'>eniin¹⁴</span> <span class='ocrx_word' id='word_1_180' title='bbox 814 1028 862 1055; x_wconf 83' lang='lat' dir='ltr'>est</span> <span class='ocrx_word' id='word_1_181' title='bbox 890 1023 1015 1055; x_wconf 88' lang='lat' dir='ltr'>donum</span> <span class='ocrx_word' id='word_1_182' title='bbox 1043 1023 1105 1056; x_wconf 85' lang='lat' dir='ltr'>Dei</span> <span class='ocrx_word' id='word_1_183' title='bbox 1119 1019 1160 1065; x_wconf 74' lang='lat'>¹⁵,</span> <span class='ocrx_word' id='word_1_184' title='bbox 1199 1023 1232 1055; x_wconf 89' lang='lat' dir='ltr'>in</span> <span class='ocrx_word' id='word_1_185' title='bbox 1259 1028 1419 1066; x_wconf 85' lang='lat' dir='ltr'>quantum</span> <span class='ocrx_word' id='word_1_186' title='bbox 1447 1021 1547 1055; x_wconf 88' lang='lat' dir='ltr'>datur</span> <span class='ocrx_word' id='word_1_187' title='bbox 1574 1023 1637 1063; x_wconf 80' lang='lat' dir='ltr'>eis,</span> <span class='ocrx_word' id='word_1_188' title='bbox 1672 1023 1730 1066; x_wconf 90' lang='lat' dir='ltr'>qui</span> <span class='ocrx_word' id='word_1_189' title='bbox 1758 1034 1820 1066; x_wconf 87' lang='lat' dir='ltr'>per</span> <span class='ocrx_word' id='word_1_190' title='bbox 1857 1033 1933 1055; x_wconf 80' lang='lat' dir='ltr'>euin</span> <span class='ocrx_word' id='word_1_191' title='bbox 1961 1021 2107 1066; x_wconf 84' lang='lat' dir='ltr'>diligunt</span> 
     </span>
     <span class='ocr_line' id='line_1_19' title="bbox 158 1068 2106 1121; baseline -0.003 -11"><span class='ocrx_word' id='word_1_192' title='bbox 158 1077 277 1111; x_wconf 88' lang='lat' dir='ltr'>Deum.</span> <span class='ocrx_word' id='word_1_193' title='bbox 330 1077 433 1121; x_wconf 86' lang='lat' dir='ltr'>Apud</span> <span class='ocrx_word' id='word_1_194' title='bbox 460 1088 495 1109; x_wconf 78' lang='lat' dir='ltr'>se</span> <span class='ocrx_word' id='word_1_195' title='bbox 516 1082 626 1109; x_wconf 86' lang='lat' dir='ltr'>autem</span> <span class='ocrx_word' id='word_1_196' title='bbox 650 1076 740 1108; x_wconf 78' lang='lat' dir='ltr'>Deus</span> <span class='ocrx_word' id='word_1_197' title='bbox 768 1080 831 1107; x_wconf 77' lang='lat' dir='ltr'>est:</span> <span class='ocrx_word' id='word_1_198' title='bbox 859 1075 950 1119; x_wconf 88' lang='lat' dir='ltr'>apud</span> <span class='ocrx_word' id='word_1_199' title='bbox 965 1072 988 1092; x_wconf 75' lang='lat'>¹⁶</span> <span class='ocrx_word' id='word_1_200' title='bbox 1015 1086 1084 1115; x_wconf 78' lang='lat' dir='ltr'>nos,</span> <span class='ocrx_word' id='word_1_201' title='bbox 1113 1075 1239 1107; x_wconf 86' lang='lat' dir='ltr'>donum</span> <span class='ocrx_word' id='word_1_202' title='bbox 1269 1080 1327 1114; x_wconf 69' lang='lat' dir='ltr'>est,</span> <span class='ocrx_word' id='word_1_203' title='bbox 1356 1075 1413 1107; x_wconf 77' lang='lat' dir='ltr'>sed</span> <span class='ocrx_word' id='word_1_204' title='bbox 1443 1074 1664 1118; x_wconf 83' lang='lat' dir='ltr'>sempiternae</span> <span class='ocrx_word' id='word_1_205' title='bbox 1687 1074 1800 1106; x_wconf 80' lang='lat' dir='ltr'>salutis</span> <span class='ocrx_word' id='word_1_206' title='bbox 1813 1068 1836 1091; x_wconf 75' lang='lat'>¹⁷</span> <span class='ocrx_word' id='word_1_207' title='bbox 1860 1074 2003 1118; x_wconf 75' lang='lat' dir='ltr'>Spiritus</span> <span class='ocrx_word' id='word_1_208' title='bbox 2030 1084 2106 1106; x_wconf 80' lang='lat' dir='ltr'>san-</span> 
     </span>
     <span class='ocr_line' id='line_1_20' title="bbox 159 1122 1502 1170; baseline -0.002 -9"><span class='ocrx_word' id='word_1_209' title='bbox 159 1133 228 1162; x_wconf 81' lang='lat' dir='ltr'>ctus</span> <span class='ocrx_word' id='word_1_210' title='bbox 254 1128 382 1161; x_wconf 89' lang='lat' dir='ltr'>donum</span> <span class='ocrx_word' id='word_1_211' title='bbox 409 1133 475 1167; x_wconf 80' lang='lat' dir='ltr'>est,</span> <span class='ocrx_word' id='word_1_212' title='bbox 504 1128 699 1160; x_wconf 77' lang='lat' dir='ltr'>distribuens</span> <span class='ocrx_word' id='word_1_213' title='bbox 725 1126 879 1169; x_wconf 64' lang='lat' dir='ltr'>singulis,</span> <span class='ocrx_word' id='word_1_214' title='bbox 914 1132 1014 1170; x_wconf 88' lang='lat' dir='ltr'>prout</span> <span class='ocrx_word' id='word_1_215' title='bbox 1041 1127 1128 1165; x_wconf 78' lang='lat' dir='ltr'>vult,</span> <span class='ocrx_word' id='word_1_216' title='bbox 1157 1127 1340 1170; x_wconf 82' lang='lat' dir='ltr'>gratiarum</span> <span class='ocrx_word' id='word_1_217' title='bbox 1369 1126 1458 1158; x_wconf 86' lang='lat' dir='ltr'>dona</span> <span class='ocrx_word' id='word_1_218' title='bbox 1469 1122 1502 1158; x_wconf 74' lang='lat'>¹⁸.</span> 
     </span>
    </p>
   </div>
   <div class='ocr_carea' id='block_1_3' title="bbox 159 1170 2111 1737">
    <p class='ocr_par' dir='ltr' id='par_1_7' title="bbox 159 1170 2108 1274">
     <span class='ocr_line' id='line_1_21' title="bbox 326 1170 2108 1222; baseline -0.001 -11"><span class='ocrx_word' id='word_1_219' title='bbox 326 1178 383 1211; x_wconf 75' lang='lat'>17.</span> <span class='ocrx_word' id='word_1_220' title='bbox 437 1180 522 1211; x_wconf 89' lang='lat' dir='ltr'>Nam</span> <span class='ocrx_word' id='word_1_221' title='bbox 559 1184 591 1211; x_wconf 83' lang='lat' dir='ltr'>et</span> <span class='ocrx_word' id='word_1_222' title='bbox 623 1177 820 1222; x_wconf 75' lang='lat' dir='ltr'>prophetias</span> <span class='ocrx_word' id='word_1_223' title='bbox 833 1174 872 1218; x_wconf 79' lang='lat'>¹⁰,</span> <span class='ocrx_word' id='word_1_224' title='bbox 906 1174 1061 1220; x_wconf 82' lang='lat' dir='ltr'>quibus²⁰</span> <span class='ocrx_word' id='word_1_225' title='bbox 1095 1179 1165 1209; x_wconf 79' lang='lat' dir='ltr'>vult</span> <span class='ocrx_word' id='word_1_226' title='bbox 1198 1178 1362 1222; x_wconf 77' lang='lat' dir='ltr'>impertit,</span> <span class='ocrx_word' id='word_1_227' title='bbox 1402 1183 1434 1211; x_wconf 91' lang='lat' dir='ltr'>et</span> <span class='ocrx_word' id='word_1_228' title='bbox 1468 1176 1588 1220; x_wconf 82' lang='lat' dir='ltr'>quibus</span> <span class='ocrx_word' id='word_1_229' title='bbox 1620 1180 1763 1221; x_wconf 86' lang='lat' dir='ltr'>peccata</span> <span class='ocrx_word' id='word_1_230' title='bbox 1795 1175 1885 1217; x_wconf 83' lang='lat' dir='ltr'>vult,</span> <span class='ocrx_word' id='word_1_231' title='bbox 1926 1174 2060 1208; x_wconf 87' lang='lat' dir='ltr'>dimittit</span> <span class='ocrx_word' id='word_1_232' title='bbox 2073 1170 2108 1209; x_wconf 86' lang='lat'>²¹.</span> 
     </span>
     <span class='ocr_line' id='line_1_22' title="bbox 159 1225 1139 1274; baseline -0.002 -10"><span class='ocrx_word' id='word_1_233' title='bbox 159 1231 246 1264; x_wconf 84' lang='lat' dir='ltr'>Nam</span> <span class='ocrx_word' id='word_1_234' title='bbox 271 1235 412 1274; x_wconf 83' lang='lat' dir='ltr'>peccata</span> <span class='ocrx_word' id='word_1_235' title='bbox 439 1231 508 1262; x_wconf 84' lang='lat' dir='ltr'>sine</span> <span class='ocrx_word' id='word_1_236' title='bbox 536 1231 663 1273; x_wconf 88' lang='lat' dir='ltr'>Spiritu</span> <span class='ocrx_word' id='word_1_237' title='bbox 691 1234 805 1262; x_wconf 73' lang='lat' dir='ltr'>sancto</span> <span class='ocrx_word' id='word_1_238' title='bbox 833 1240 898 1260; x_wconf 90' lang='lat' dir='ltr'>non</span> <span class='ocrx_word' id='word_1_239' title='bbox 927 1229 1092 1260; x_wconf 79' lang='lat' dir='ltr'>donantur</span> <span class='ocrx_word' id='word_1_240' title='bbox 1103 1225 1139 1262; x_wconf 75' lang='lat'>²².</span> 
     </span>
    </p>

    <p class='ocr_par' dir='ltr' id='par_1_8' title="bbox 160 1276 2109 1427">
     <span class='ocr_line' id='line_1_23' title="bbox 326 1276 2109 1324; baseline -0.002 -12"><span class='ocrx_word' id='word_1_241' title='bbox 326 1280 383 1314; x_wconf 79' lang='lat'>18.</span> <span class='ocrx_word' id='word_1_242' title='bbox 437 1281 580 1324; x_wconf 78' lang='lat' dir='ltr'>Spiritus</span> <span class='ocrx_word' id='word_1_243' title='bbox 615 1285 745 1313; x_wconf 81' lang='lat' dir='ltr'>sauctus</span> <span class='ocrx_word' id='word_1_244' title='bbox 782 1276 957 1323; x_wconf 67' lang='grc' dir='ltr'>[πορῐίυ23</span> <span class='ocrx_word' id='word_1_245' title='bbox 981 1279 1099 1312; x_wconf 82' lang='lat' dir='ltr'>caritas</span> <span class='ocrx_word' id='word_1_246' title='bbox 1128 1284 1357 1323; x_wconf 73' lang='lat' dir='ltr'>nuncupatur,</span> <span class='ocrx_word' id='word_1_247' title='bbox 1394 1278 1449 1311; x_wconf 75' lang='lat' dir='ltr'>vel</span> <span class='ocrx_word' id='word_1_248' title='bbox 1484 1279 1563 1321; x_wconf 85' lang='lat' dir='ltr'>quia</span> <span class='ocrx_word' id='word_1_249' title='bbox 1594 1278 1785 1311; x_wconf 86' lang='lat' dir='ltr'>naturaliter</span> <span class='ocrx_word' id='word_1_250' title='bbox 1820 1289 1896 1321; x_wconf 76' lang='lat' dir='ltr'>eos,</span> <span class='ocrx_word' id='word_1_251' title='bbox 1933 1289 1953 1310; x_wconf 90' lang='lat' dir='ltr'>a</span> <span class='ocrx_word' id='word_1_252' title='bbox 1987 1277 2109 1320; x_wconf 76' lang='lat' dir='ltr'>quibus</span> 
     </span>
     <span class='ocr_line' id='line_1_24' title="bbox 160 1326 2108 1377; baseline -0.002 -12"><span class='ocrx_word' id='word_1_253' title='bbox 160 1332 334 1377; x_wconf 83' lang='lat' dir='ltr'>procedit,</span> <span class='ocrx_word' id='word_1_254' title='bbox 369 1333 558 1376; x_wconf 84' lang='lat' dir='ltr'>coniungit,</span> <span class='ocrx_word' id='word_1_255' title='bbox 592 1337 624 1365; x_wconf 86' lang='lat' dir='ltr'>et</span> <span class='ocrx_word' id='word_1_256' title='bbox 650 1345 684 1364; x_wconf 76' lang='lat' dir='ltr'>se</span> <span class='ocrx_word' id='word_1_257' title='bbox 712 1343 813 1365; x_wconf 89' lang='lat' dir='ltr'>uuum</span> <span class='ocrx_word' id='word_1_258' title='bbox 842 1342 918 1364; x_wconf 79' lang='lat' dir='ltr'>cuni</span> <span class='ocrx_word' id='word_1_259' title='bbox 947 1331 992 1363; x_wconf 82' lang='lat' dir='ltr'>eis</span> <span class='ocrx_word' id='word_1_260' title='bbox 1017 1343 1087 1364; x_wconf 78' lang='lat' dir='ltr'>esse</span> <span class='ocrx_word' id='word_1_261' title='bbox 1114 1330 1274 1371; x_wconf 68' lang='lat' dir='ltr'>ostendit,</span> <span class='ocrx_word' id='word_1_262' title='bbox 1307 1331 1359 1363; x_wconf 85' lang='lat' dir='ltr'>vel</span> <span class='ocrx_word' id='word_1_263' title='bbox 1394 1330 1472 1373; x_wconf 84' lang='lat' dir='ltr'>quia</span> <span class='ocrx_word' id='word_1_264' title='bbox 1495 1331 1528 1362; x_wconf 91' lang='lat' dir='ltr'>in</span> <span class='ocrx_word' id='word_1_265' title='bbox 1556 1330 1652 1363; x_wconf 80' lang='lat' dir='ltr'>nobis</span> <span class='ocrx_word' id='word_1_266' title='bbox 1679 1329 1714 1362; x_wconf 85' lang='lat' dir='ltr'>id</span> <span class='ocrx_word' id='word_1_267' title='bbox 1742 1326 1866 1374; x_wconf 70' lang='lat' dir='ltr'>agit²⁸‚</span> <span class='ocrx_word' id='word_1_268' title='bbox 1902 1334 1939 1362; x_wconf 94' lang='lat' dir='ltr'>ut</span> <span class='ocrx_word' id='word_1_269' title='bbox 1965 1328 1999 1361; x_wconf 93' lang='lat' dir='ltr'>in</span> <span class='ocrx_word' id='word_1_270' title='bbox 2033 1328 2108 1361; x_wconf 84' lang='lat' dir='ltr'>Deo</span> 
     </span>
     <span class='ocr_line' id='line_1_25' title="bbox 160 1385 722 1427; baseline -0.005 -9"><span class='ocrx_word' id='word_1_271' title='bbox 160 1396 372 1424; x_wconf 75' lang='lat' dir='ltr'>maneamuS,</span> <span class='ocrx_word' id='word_1_272' title='bbox 399 1391 432 1417; x_wconf 90' lang='lat' dir='ltr'>et</span> <span class='ocrx_word' id='word_1_273' title='bbox 458 1385 531 1427; x_wconf 76' lang='lat' dir='ltr'>ipse</span> <span class='ocrx_word' id='word_1_274' title='bbox 557 1385 591 1416; x_wconf 89' lang='lat' dir='ltr'>in</span> <span class='ocrx_word' id='word_1_275' title='bbox 618 1385 722 1416; x_wconf 76' lang='lat' dir='ltr'>nobis.</span> 
     </span>
    </p>

    <p class='ocr_par' dir='ltr' id='par_1_9' title="bbox 161 1430 2110 1531">
     <span class='ocr_line' id='line_1_26' title="bbox 329 1430 2110 1474; baseline -0.003 -6"><span class='ocrx_word' id='word_1_276' title='bbox 329 1435 384 1467; x_wconf 80' lang='lat'>19.</span> <span class='ocrx_word' id='word_1_277' title='bbox 438 1436 539 1468; x_wconf 83' lang='lat' dir='ltr'>Unde</span> <span class='ocrx_word' id='word_1_278' title='bbox 568 1436 653 1468; x_wconf 87' lang='lat' dir='ltr'>etin</span> <span class='ocrx_word' id='word_1_279' title='bbox 680 1435 775 1468; x_wconf 77' lang='lat' dir='ltr'>donis</span> <span class='ocrx_word' id='word_1_280' title='bbox 803 1434 865 1466; x_wconf 87' lang='lat' dir='ltr'>Dei</span> <span class='ocrx_word' id='word_1_281' title='bbox 891 1433 973 1466; x_wconf 87' lang='lat' dir='ltr'>nihil</span> <span class='ocrx_word' id='word_1_282' title='bbox 1002 1439 1050 1466; x_wconf 75' lang='lat' dir='ltr'>est</span> <span class='ocrx_word' id='word_1_283' title='bbox 1077 1434 1181 1466; x_wconf 80' lang='lat' dir='ltr'>maius</span> <span class='ocrx_word' id='word_1_284' title='bbox 1193 1430 1218 1450; x_wconf 77' lang='lat'>²⁵</span> <span class='ocrx_word' id='word_1_285' title='bbox 1245 1433 1398 1474; x_wconf 82' lang='lat' dir='ltr'>caritate,</span> <span class='ocrx_word' id='word_1_286' title='bbox 1445 1437 1479 1465; x_wconf 90' lang='lat' dir='ltr'>et</span> <span class='ocrx_word' id='word_1_287' title='bbox 1511 1432 1640 1465; x_wconf 89' lang='lat' dir='ltr'>nullum</span> <span class='ocrx_word' id='word_1_288' title='bbox 1667 1431 1772 1465; x_wconf 78' lang='lat' dir='ltr'>maius</span> <span class='ocrx_word' id='word_1_289' title='bbox 1805 1436 1854 1464; x_wconf 87' lang='lat' dir='ltr'>est</span> <span class='ocrx_word' id='word_1_290' title='bbox 1879 1430 2006 1464; x_wconf 90' lang='lat' dir='ltr'>donum</span> <span class='ocrx_word' id='word_1_291' title='bbox 2034 1430 2110 1472; x_wconf 83' lang='lat' dir='ltr'>Dei,</span> 
     </span>
     <span class='ocr_line' id='line_1_27' title="bbox 161 1486 595 1531; baseline -0.002 -12"><span class='ocrx_word' id='word_1_292' title='bbox 161 1498 262 1530; x_wconf 83' lang='lat' dir='ltr'>quam</span> <span class='ocrx_word' id='word_1_293' title='bbox 289 1486 429 1531; x_wconf 75' lang='lat' dir='ltr'>Spiritus</span> <span class='ocrx_word' id='word_1_294' title='bbox 456 1492 595 1520; x_wconf 77' lang='lat' dir='ltr'>sauctus.</span> 
     </span>
    </p>

    <p class='ocr_par' dir='ltr' id='par_1_10' title="bbox 162 1532 2111 1737">
     <span class='ocr_line' id='line_1_28' title="bbox 328 1532 2110 1582; baseline -0.002 -12"><span class='ocrx_word' id='word_1_295' title='bbox 328 1538 387 1570; x_wconf 87' lang='grc'><strong>20.</strong></span> <span class='ocrx_word' id='word_1_296' title='bbox 441 1538 516 1582; x_wconf 72' lang='lat' dir='ltr'>lpse</span> <span class='ocrx_word' id='word_1_297' title='bbox 544 1534 624 1570; x_wconf 74' lang='lat' dir='ltr'>est²⁶</span> <span class='ocrx_word' id='word_1_298' title='bbox 652 1543 685 1570; x_wconf 86' lang='lat' dir='ltr'>et</span> <span class='ocrx_word' id='word_1_299' title='bbox 706 1537 831 1581; x_wconf 77' lang='lat' dir='ltr'>gratia,</span> <span class='ocrx_word' id='word_1_300' title='bbox 862 1547 948 1579; x_wconf 81' lang='lat' dir='ltr'>quae</span> <span class='ocrx_word' id='word_1_301' title='bbox 983 1536 1061 1578; x_wconf 78' lang='lat' dir='ltr'>quia</span> <span class='ocrx_word' id='word_1_302' title='bbox 1088 1546 1154 1567; x_wconf 88' lang='lat' dir='ltr'>non</span> <span class='ocrx_word' id='word_1_303' title='bbox 1184 1534 1306 1567; x_wconf 81' lang='lat' dir='ltr'>meritis</span> <span class='ocrx_word' id='word_1_304' title='bbox 1327 1535 1461 1574; x_wconf 75' lang='lat' dir='ltr'>nostris,</span> <span class='ocrx_word' id='word_1_305' title='bbox 1497 1533 1555 1566; x_wconf 80' lang='lat' dir='ltr'>sed</span> <span class='ocrx_word' id='word_1_306' title='bbox 1583 1534 1754 1567; x_wconf 81' lang='lat' dir='ltr'>voluntate</span> <span class='ocrx_word' id='word_1_307' title='bbox 1781 1533 1893 1566; x_wconf 81' lang='lat' dir='ltr'>divina</span> <span class='ocrx_word' id='word_1_308' title='bbox 1920 1534 2023 1579; x_wconf 80' lang='lat' dir='ltr'>gratis</span> <span class='ocrx_word' id='word_1_309' title='bbox 2049 1532 2110 1566; x_wconf 84' lang='lat' dir='ltr'>da-</span> 
     </span>
     <span class='ocr_line' id='line_1_29' title="bbox 162 1584 2111 1634; baseline -0.003 -12"><span class='ocrx_word' id='word_1_310' title='bbox 162 1594 232 1630; x_wconf 80' lang='lat' dir='ltr'>tur,</span> <span class='ocrx_word' id='word_1_311' title='bbox 260 1588 338 1623; x_wconf 90' lang='lat' dir='ltr'>inde</span> <span class='ocrx_word' id='word_1_312' title='bbox 365 1590 472 1634; x_wconf 84' lang='lat' dir='ltr'>gratia</span> <span class='ocrx_word' id='word_1_313' title='bbox 494 1594 711 1633; x_wconf 84' lang='lat' dir='ltr'>nuncupatur.</span> <span class='ocrx_word' id='word_1_314' title='bbox 764 1589 858 1622; x_wconf 88' lang='lat' dir='ltr'>Sicut</span> <span class='ocrx_word' id='word_1_315' title='bbox 882 1584 1003 1619; x_wconf 73' lang='lat' dir='ltr'>enim²¹</span> <span class='ocrx_word' id='word_1_316' title='bbox 1032 1587 1163 1619; x_wconf 89' lang='lat' dir='ltr'>unicum</span> <span class='ocrx_word' id='word_1_317' title='bbox 1202 1586 1264 1618; x_wconf 86' lang='lat' dir='ltr'>Dei</span> <span class='ocrx_word' id='word_1_318' title='bbox 1295 1587 1432 1617; x_wconf 85' lang='lat' dir='ltr'>verbum</span> <span class='ocrx_word' id='word_1_319' title='bbox 1467 1585 1605 1628; x_wconf 89' lang='lat' dir='ltr'>proprie</span> <span class='ocrx_word' id='word_1_320' title='bbox 1631 1596 1789 1619; x_wconf 79' lang='lat' dir='ltr'>vocamus</span> <span class='ocrx_word' id='word_1_321' title='bbox 1817 1586 1950 1618; x_wconf 88' lang='lat' dir='ltr'>nomine</span> <span class='ocrx_word' id='word_1_322' title='bbox 1977 1586 2111 1629; x_wconf 80' lang='lat' dir='ltr'>sapien·</span> 
     </span>
     <span class='ocr_line' id='line_1_30' title="bbox 163 1633 2111 1683; baseline -0.003 -10"><span class='ocrx_word' id='word_1_323' title='bbox 163 1641 246 1682; x_wconf 83' lang='lat' dir='ltr'>tiae,</span> <span class='ocrx_word' id='word_1_324' title='bbox 286 1653 362 1675; x_wconf 87' lang='lat' dir='ltr'>cum</span> <span class='ocrx_word' id='word_1_325' title='bbox 391 1642 430 1673; x_wconf 82' lang='lat' dir='ltr'>sit</span> <span class='ocrx_word' id='word_1_326' title='bbox 457 1642 680 1674; x_wconf 78' lang='lat' dir='ltr'>universaliter</span> <span class='ocrx_word' id='word_1_327' title='bbox 708 1645 740 1673; x_wconf 83' lang='lat' dir='ltr'>et</span> <span class='ocrx_word' id='word_1_328' title='bbox 751 1636 777 1656; x_wconf 53' lang='grc' dir='ltr'>Ἠ</span> <span class='ocrx_word' id='word_1_329' title='bbox 805 1639 946 1683; x_wconf 79' lang='lat' dir='ltr'>Spiritus</span> <span class='ocrx_word' id='word_1_330' title='bbox 973 1643 1102 1671; x_wconf 77' lang='lat' dir='ltr'>sanctus</span> <span class='ocrx_word' id='word_1_331' title='bbox 1130 1642 1162 1669; x_wconf 83' lang='lat' dir='ltr'>et</span> <span class='ocrx_word' id='word_1_332' title='bbox 1190 1637 1288 1669; x_wconf 82' lang='lat' dir='ltr'>Pater</span> <span class='ocrx_word' id='word_1_333' title='bbox 1316 1633 1421 1680; x_wconf 59' lang='grc' dir='ltr'>ἰρεε29</span> <span class='ocrx_word' id='word_1_334' title='bbox 1449 1634 1663 1680; x_wconf 53' lang='lat' dir='ltr'>sapientiam,</span> <span class='ocrx_word' id='word_1_335' title='bbox 1699 1637 1743 1669; x_wconf 82' lang='lat' dir='ltr'>itu</span> <span class='ocrx_word' id='word_1_336' title='bbox 1771 1642 1803 1669; x_wconf 87' lang='lat' dir='ltr'>et</span> <span class='ocrx_word' id='word_1_337' title='bbox 1814 1633 1836 1653; x_wconf 80' lang='lat'>³¹</span> <span class='ocrx_word' id='word_1_338' title='bbox 1865 1637 2008 1680; x_wconf 76' lang='lat' dir='ltr'>Spiritus</span> <span class='ocrx_word' id='word_1_339' title='bbox 2035 1647 2111 1668; x_wconf 83' lang='lat' dir='ltr'>san-</span> 
     </span>
     <span class='ocr_line' id='line_1_31' title="bbox 165 1685 2110 1737; baseline -0.004 -10"><span class='ocrx_word' id='word_1_340' title='bbox 165 1698 235 1727; x_wconf 83' lang='lat' dir='ltr'>ctus</span> <span class='ocrx_word' id='word_1_341' title='bbox 276 1693 413 1737; x_wconf 90' lang='lat' dir='ltr'>proprie</span> <span class='ocrx_word' id='word_1_342' title='bbox 426 1689 450 1709; x_wconf 77' lang='lat'>³²</span> <span class='ocrx_word' id='word_1_343' title='bbox 477 1697 684 1737; x_wconf 88' lang='lat' dir='ltr'>nuncupatur</span> <span class='ocrx_word' id='word_1_344' title='bbox 718 1692 883 1725; x_wconf 85' lang='lat' dir='ltr'>vocabulo</span> <span class='ocrx_word' id='word_1_345' title='bbox 918 1690 1076 1729; x_wconf 80' lang='lat' dir='ltr'>caritatis,</span> <span class='ocrx_word' id='word_1_346' title='bbox 1111 1701 1188 1722; x_wconf 84' lang='lat' dir='ltr'>cum</span> <span class='ocrx_word' id='word_1_347' title='bbox 1223 1689 1262 1721; x_wconf 84' lang='lat' dir='ltr'>sit</span> <span class='ocrx_word' id='word_1_348' title='bbox 1298 1685 1557 1721; x_wconf 47' lang='lat' dir='ltr'>universaliter&amp;</span> <span class='ocrx_word' id='word_1_349' title='bbox 1585 1693 1618 1721; x_wconf 91' lang='lat' dir='ltr'>et</span> <span class='ocrx_word' id='word_1_350' title='bbox 1650 1689 1751 1721; x_wconf 88' lang='lat' dir='ltr'>Pater</span> <span class='ocrx_word' id='word_1_351' title='bbox 1784 1692 1817 1721; x_wconf 88' lang='lat' dir='ltr'>et</span> <span class='ocrx_word' id='word_1_352' title='bbox 1844 1688 1948 1721; x_wconf 79' lang='lat' dir='ltr'>Filius</span> <span class='ocrx_word' id='word_1_353' title='bbox 1982 1688 2110 1722; x_wconf 78' lang='lat' dir='ltr'>caritas.</span> 
     </span>
    </p>
   </div>
   <div class='ocr_carea' id='block_1_4' title="bbox 167 1787 2112 2425">
    <p class='ocr_par' dir='ltr' id='par_1_11' title="bbox 167 1787 2112 2425">
     <span class='ocr_line' id='line_1_32' title="bbox 252 1787 2110 1830; baseline 0 -11"><span class='ocrx_word' id='word_1_354' title='bbox 252 1792 276 1830; x_wconf 88' lang='grc'>1)</span> <span class='ocrx_word' id='word_1_355' title='bbox 293 1794 340 1820; x_wconf 73' lang='lat' dir='ltr'>Sic</span> <span class='ocrx_word' id='word_1_356' title='bbox 368 1796 423 1822; x_wconf 76' lang='lat' dir='ltr'>Gu.</span> <span class='ocrx_word' id='word_1_357' title='bbox 447 1796 472 1825; x_wconf 89' lang='lat'>1.</span> <span class='ocrx_word' id='word_1_358' title='bbox 495 1810 531 1815; x_wconf 88' lang='lat'><strong>—</strong></span> <span class='ocrx_word' id='word_1_359' title='bbox 556 1793 642 1830; x_wconf 84' lang='lat' dir='ltr'>Vulg.</span> <span class='ocrx_word' id='word_1_360' title='bbox 663 1793 775 1820; x_wconf 70' lang='lat' dir='ltr'>Latine</span> <span class='ocrx_word' id='word_1_361' title='bbox 789 1816 794 1821; x_wconf 93' lang='lat'>.</span> <span class='ocrx_word' id='word_1_362' title='bbox 815 1814 821 1820; x_wconf 92' lang='lat'>.</span> <span class='ocrx_word' id='word_1_363' title='bbox 845 1814 851 1820; x_wconf 94' lang='lat'>.</span> <span class='ocrx_word' id='word_1_364' title='bbox 874 1793 1117 1829; x_wconf 71' lang='lat' dir='ltr'>inletprclmzlzct·.</span> <span class='ocrx_word' id='word_1_365' title='bbox 1163 1789 1248 1827; x_wconf 78' lang='lat' dir='ltr'>Vulg.</span> <span class='ocrx_word' id='word_1_366' title='bbox 1262 1795 1343 1827; x_wconf 76' lang='lat' dir='ltr'>grat.</span> <span class='ocrx_word' id='word_1_367' title='bbox 1361 1787 1558 1827; x_wconf 75' lang='lat' dir='ltr'>1l011a,pr0ut</span> <span class='ocrx_word' id='word_1_368' title='bbox 1582 1789 1657 1817; x_wconf 62' lang='lat' dir='ltr'>vult.</span> <span class='ocrx_word' id='word_1_369' title='bbox 1677 1805 1719 1809; x_wconf 97' lang='lat'><strong>—</strong></span> <span class='ocrx_word' id='word_1_370' title='bbox 1739 1788 1784 1826; x_wconf 85' lang='lat'>19)</span> <span class='ocrx_word' id='word_1_371' title='bbox 1801 1788 1910 1816; x_wconf 70' lang='lat' dir='ltr'>tribuit</span> <span class='ocrx_word' id='word_1_372' title='bbox 1932 1789 2000 1819; x_wconf 84' lang='lat' dir='ltr'>add.</span> <span class='ocrx_word' id='word_1_373' title='bbox 2016 1789 2110 1822; x_wconf 78' lang='lat' dir='ltr'>Gu.2.</span> 
     </span>
     <span class='ocr_line' id='line_1_33' title="bbox 167 1831 2111 1875; baseline 0.002 -17"><span class='ocrx_word' id='word_1_374' title='bbox 167 1850 208 1857; x_wconf 90' lang='lat'>.-.</span> <span class='ocrx_word' id='word_1_375' title='bbox 230 1838 255 1869; x_wconf 66' lang='lat' dir='ltr'>Q)</span> <span class='ocrx_word' id='word_1_376' title='bbox 275 1834 390 1864; x_wconf 74' lang='lat' dir='ltr'>‹licilur</span> <span class='ocrx_word' id='word_1_377' title='bbox 413 1838 468 1864; x_wconf 84' lang='lat' dir='ltr'>Gu.</span> <span class='ocrx_word' id='word_1_378' title='bbox 483 1839 511 1867; x_wconf 75' lang='grc'><strong>2.</strong></span> <span class='ocrx_word' id='word_1_379' title='bbox 528 1854 561 1856; x_wconf 91' lang='grc'>-</span> <span class='ocrx_word' id='word_1_380' title='bbox 583 1834 612 1875; x_wconf 79' lang='grc'>3)</span> <span class='ocrx_word' id='word_1_381' title='bbox 627 1846 717 1862; x_wconf 61' lang='lat' dir='ltr'>suem</span> <span class='ocrx_word' id='word_1_382' title='bbox 733 1836 764 1862; x_wconf 82' lang='lat' dir='ltr'>Z.</span> <span class='ocrx_word' id='word_1_383' title='bbox 791 1851 831 1856; x_wconf 91' lang='lat'>-—</span> <span class='ocrx_word' id='word_1_384' title='bbox 853 1837 881 1868; x_wconf 69' lang='lat'>4)</span> <span class='ocrx_word' id='word_1_385' title='bbox 898 1835 945 1862; x_wconf 87' lang='lat' dir='ltr'>Sic</span> <span class='ocrx_word' id='word_1_386' title='bbox 963 1836 1018 1862; x_wconf 81' lang='lat' dir='ltr'>Gu.</span> <span class='ocrx_word' id='word_1_387' title='bbox 1044 1837 1117 1863; x_wconf 85' lang='lat'>1.—</span> <span class='ocrx_word' id='word_1_388' title='bbox 1162 1837 1279 1861; x_wconf 80' lang='lat' dir='ltr'>retento</span> <span class='ocrx_word' id='word_1_389' title='bbox 1303 1833 1451 1870; x_wconf 73' lang='lat' dir='ltr'>impertit,</span> <span class='ocrx_word' id='word_1_390' title='bbox 1481 1835 1513 1859; x_wconf 86' lang='lat' dir='ltr'>ut</span> <span class='ocrx_word' id='word_1_391' title='bbox 1536 1835 1579 1859; x_wconf 84' lang='lat' dir='ltr'>est</span> <span class='ocrx_word' id='word_1_392' title='bbox 1604 1832 1634 1859; x_wconf 88' lang='lat' dir='ltr'>in</span> <span class='ocrx_word' id='word_1_393' title='bbox 1660 1831 1689 1858; x_wconf 87' lang='lat' dir='ltr'>Z.</span> <span class='ocrx_word' id='word_1_394' title='bbox 1714 1832 1770 1859; x_wconf 89' lang='lat' dir='ltr'>Gu.</span> <span class='ocrx_word' id='word_1_395' title='bbox 1799 1835 1822 1861; x_wconf 93' lang='lat'>1.</span> <span class='ocrx_word' id='word_1_396' title='bbox 1850 1833 1880 1862; x_wconf 80' lang='grc'><strong>2.</strong></span> <span class='ocrx_word' id='word_1_397' title='bbox 1911 1842 1955 1870; x_wconf 86' lang='lat' dir='ltr'>pr.</span> <span class='ocrx_word' id='word_1_398' title='bbox 1986 1832 2033 1861; x_wconf 76' lang='lat' dir='ltr'>Ar.</span> <span class='ocrx_word' id='word_1_399' title='bbox 2056 1841 2111 1871; x_wconf 87' lang='lat' dir='ltr'>pro</span> 
     </span>
     <span class='ocr_line' id='line_1_34' title="bbox 169 1874 2112 1916; baseline 0 -13"><span class='ocrx_word' id='word_1_400' title='bbox 169 1878 247 1915; x_wconf 77' lang='lat' dir='ltr'>sz&#39;r.</span> <span class='ocrx_word' id='word_1_401' title='bbox 265 1884 359 1905; x_wconf 51' lang='lat' dir='ltr'>,vam-l.</span> <span class='ocrx_word' id='word_1_402' title='bbox 387 1878 451 1906; x_wconf 69' lang='lat' dir='ltr'>idco</span> <span class='ocrx_word' id='word_1_403' title='bbox 476 1879 555 1916; x_wconf 72' lang='lat' dir='ltr'>vulg.</span> <span class='ocrx_word' id='word_1_404' title='bbox 571 1896 612 1900; x_wconf 97' lang='lat'><strong>—</strong></span> <span class='ocrx_word' id='word_1_405' title='bbox 636 1876 664 1915; x_wconf 82' lang='lat'>5)</span> <span class='ocrx_word' id='word_1_406' title='bbox 677 1879 723 1905; x_wconf 86' lang='lat' dir='ltr'>Sic</span> <span class='ocrx_word' id='word_1_407' title='bbox 742 1879 798 1905; x_wconf 64' lang='grc' dir='ltr'><strong>(ἆυ.</strong></span> <span class='ocrx_word' id='word_1_408' title='bbox 817 1881 839 1908; x_wconf 90' lang='lat' dir='ltr'>l.</span> <span class='ocrx_word' id='word_1_409' title='bbox 858 1878 893 1905; x_wconf 83' lang='lat' dir='ltr'>al.</span> <span class='ocrx_word' id='word_1_410' title='bbox 912 1887 1033 1905; x_wconf 47' lang='lat' dir='ltr'>vamur.</span> <span class='ocrx_word' id='word_1_411' title='bbox 1052 1877 1117 1905; x_wconf 78' lang='lat' dir='ltr'>lect.</span> <span class='ocrx_word' id='word_1_412' title='bbox 1163 1876 1313 1913; x_wconf 74' lang='lat' dir='ltr'>impartit.</span> <span class='ocrx_word' id='word_1_413' title='bbox 1330 1891 1372 1896; x_wconf 92' lang='lat'><em>-</em></span> <span class='ocrx_word' id='word_1_414' title='bbox 1393 1874 1532 1912; x_wconf 66' lang='lat' dir='ltr'>dispertit</span> <span class='ocrx_word' id='word_1_415' title='bbox 1557 1884 1610 1912; x_wconf 83' lang='lat' dir='ltr'>pro</span> <span class='ocrx_word' id='word_1_416' title='bbox 1640 1875 1711 1911; x_wconf 81' lang='lat' dir='ltr'>imp.</span> <span class='ocrx_word' id='word_1_417' title='bbox 1734 1883 1780 1901; x_wconf 82' lang='lat' dir='ltr'>va.</span> <span class='ocrx_word' id='word_1_418' title='bbox 1808 1889 1850 1894; x_wconf 94' lang='lat'>—-</span> <span class='ocrx_word' id='word_1_419' title='bbox 1883 1876 1928 1911; x_wconf 73' lang='lat'>⁶20)</span> <span class='ocrx_word' id='word_1_420' title='bbox 1951 1881 1977 1903; x_wconf 73' lang='lat' dir='ltr'>et</span> <span class='ocrx_word' id='word_1_421' title='bbox 2000 1874 2112 1914; x_wconf 75' lang='lat' dir='ltr'>quihus</span> 
     </span>
     <span class='ocr_line' id='line_1_35' title="bbox 169 1915 2112 1959; baseline -0.002 -11"><span class='ocrx_word' id='word_1_422' title='bbox 169 1930 215 1958; x_wconf 82' lang='lat' dir='ltr'>ap.</span> <span class='ocrx_word' id='word_1_423' title='bbox 239 1919 327 1949; x_wconf 83' lang='lat' dir='ltr'>Goth.</span> <span class='ocrx_word' id='word_1_424' title='bbox 350 1937 391 1942; x_wconf 91' lang='lat'>—</span> <span class='ocrx_word' id='word_1_425' title='bbox 420 1921 506 1958; x_wconf 80' lang='lat' dir='ltr'>Vulg.</span> <span class='ocrx_word' id='word_1_426' title='bbox 532 1933 608 1959; x_wconf 73' lang='lat' dir='ltr'>qnae</span> <span class='ocrx_word' id='word_1_427' title='bbox 630 1920 666 1948; x_wconf 74' lang='lat' dir='ltr'>de</span> <span class='ocrx_word' id='word_1_428' title='bbox 695 1922 784 1947; x_wconf 67' lang='lat' dir='ltr'>anim</span> <span class='ocrx_word' id='word_1_429' title='bbox 807 1921 872 1947; x_wconf 52' lang='lat' dir='ltr'>litt-s·</span> <span class='ocrx_word' id='word_1_430' title='bbox 890 1920 996 1957; x_wconf 73' lang='lat' dir='ltr'>pletzt&#39;t.</span> <span class='ocrx_word' id='word_1_431' title='bbox 1020 1936 1061 1941; x_wconf 96' lang='lat'><strong>—</strong></span> <span class='ocrx_word' id='word_1_432' title='bbox 1084 1919 1119 1946; x_wconf 68' lang='lat' dir='ltr'>dc</span> <span class='ocrx_word' id='word_1_433' title='bbox 1163 1919 1220 1947; x_wconf 86' lang='lat' dir='ltr'>Gu.</span> <span class='ocrx_word' id='word_1_434' title='bbox 1246 1921 1275 1949; x_wconf 73' lang='grc'>2.</span> <span class='ocrx_word' id='word_1_435' title='bbox 1298 1934 1339 1939; x_wconf 96' lang='lat'>—</span> <span class='ocrx_word' id='word_1_436' title='bbox 1369 1915 1415 1954; x_wconf 75' lang='lat'>21)</span> <span class='ocrx_word' id='word_1_437' title='bbox 1445 1917 1493 1944; x_wconf 87' lang='lat' dir='ltr'>Sic</span> <span class='ocrx_word' id='word_1_438' title='bbox 1525 1916 1581 1944; x_wconf 91' lang='lat' dir='ltr'>Gu.</span> <span class='ocrx_word' id='word_1_439' title='bbox 1605 1919 1630 1946; x_wconf 89' lang='lat'>1.</span> <span class='ocrx_word' id='word_1_440' title='bbox 1650 1932 1692 1937; x_wconf 84' lang='lat'>——</span> <span class='ocrx_word' id='word_1_441' title='bbox 1719 1915 1802 1952; x_wconf 82' lang='lat' dir='ltr'>Vulg.</span> <span class='ocrx_word' id='word_1_442' title='bbox 1823 1921 1850 1943; x_wconf 79' lang='lat' dir='ltr'>et</span> <span class='ocrx_word' id='word_1_443' title='bbox 1874 1928 1973 1955; x_wconf 61' lang='lat' dir='ltr'>pesa,</span> <span class='ocrx_word' id='word_1_444' title='bbox 2003 1918 2112 1957; x_wconf 66' lang='lat' dir='ltr'>quibus</span> 
     </span>
     <span class='ocr_line' id='line_1_36' title="bbox 169 1958 2111 2001; baseline -0.001 -11"><span class='ocrx_word' id='word_1_445' title='bbox 169 1972 226 1990; x_wconf 88' lang='lat' dir='ltr'>om.</span> <span class='ocrx_word' id='word_1_446' title='bbox 241 1962 274 1990; x_wconf 89' lang='lat' dir='ltr'>Z.</span> <span class='ocrx_word' id='word_1_447' title='bbox 300 1978 334 1982; x_wconf 92' lang='lat'><strong>—</strong></span> <span class='ocrx_word' id='word_1_448' title='bbox 367 1962 395 2001; x_wconf 79' lang='lat'>6)</span> <span class='ocrx_word' id='word_1_449' title='bbox 417 1963 500 1999; x_wconf 69' lang='lat' dir='ltr'>Vulg.</span> <span class='ocrx_word' id='word_1_450' title='bbox 525 1963 592 1991; x_wconf 82' lang='lat' dir='ltr'>add.</span> <span class='ocrx_word' id='word_1_451' title='bbox 615 1964 802 2001; x_wconf 72' lang='lat' dir='ltr'>recipimtes,</span> <span class='ocrx_word' id='word_1_452' title='bbox 827 1962 908 2000; x_wconf 87' lang='lat' dir='ltr'>quod</span> <span class='ocrx_word' id='word_1_453' title='bbox 932 1972 988 1990; x_wconf 77' lang='lat' dir='ltr'>oni.</span> <span class='ocrx_word' id='word_1_454' title='bbox 1012 1962 1041 1989; x_wconf 87' lang='lat' dir='ltr'>Z.</span> <span class='ocrx_word' id='word_1_455' title='bbox 1062 1962 1117 1990; x_wconf 86' lang='lat' dir='ltr'>Gu.</span> <span class='ocrx_word' id='word_1_456' title='bbox 1162 1961 1247 1997; x_wconf 63' lang='lat' dir='ltr'>vult,</span> <span class='ocrx_word' id='word_1_457' title='bbox 1271 1959 1344 1987; x_wconf 72' lang='lat' dir='ltr'>dim.</span> <span class='ocrx_word' id='word_1_458' title='bbox 1374 1975 1416 1981; x_wconf 89' lang='lat'>—</span> <span class='ocrx_word' id='word_1_459' title='bbox 1445 1959 1496 1994; x_wconf 66' lang='lat'>22³)</span> <span class='ocrx_word' id='word_1_460' title='bbox 1530 1958 1728 1986; x_wconf 73' lang='lat' dir='ltr'>‹linziltantur</span> <span class='ocrx_word' id='word_1_461' title='bbox 1758 1960 1816 1987; x_wconf 87' lang='lat' dir='ltr'>Gu.</span> <span class='ocrx_word' id='word_1_462' title='bbox 1835 1963 1863 1990; x_wconf 76' lang='grc'><strong>2.</strong></span> <span class='ocrx_word' id='word_1_463' title='bbox 1882 1976 1922 1981; x_wconf 95' lang='grc'><strong>-</strong></span> <span class='ocrx_word' id='word_1_464' title='bbox 1949 1962 1994 1996; x_wconf 71' lang='lat'>23)</span> <span class='ocrx_word' id='word_1_465' title='bbox 2025 1960 2111 1998; x_wconf 87' lang='lat' dir='ltr'>Vulg.</span> 
     </span>
     <span class='ocr_line' id='line_1_37' title="bbox 172 2000 2111 2044; baseline 0 -13"><span class='ocrx_word' id='word_1_466' title='bbox 172 2007 197 2035; x_wconf 83' lang='lat'>1.</span> <span class='ocrx_word' id='word_1_467' title='bbox 214 2007 242 2035; x_wconf 81' lang='lat'>2.</span> <span class='ocrx_word' id='word_1_468' title='bbox 262 2014 307 2032; x_wconf 81' lang='lat' dir='ltr'>va.</span> <span class='ocrx_word' id='word_1_469' title='bbox 330 2004 379 2033; x_wconf 87' lang='lat' dir='ltr'>Ar.</span> <span class='ocrx_word' id='word_1_470' title='bbox 400 2021 440 2026; x_wconf 91' lang='lat'>—</span> <span class='ocrx_word' id='word_1_471' title='bbox 463 2004 493 2043; x_wconf 90' lang='lat'>7)</span> <span class='ocrx_word' id='word_1_472' title='bbox 510 2007 763 2044; x_wconf 58' lang='lat' dir='ltr'>quinquagesimn</span> <span class='ocrx_word' id='word_1_473' title='bbox 787 2015 846 2034; x_wconf 85' lang='lat' dir='ltr'>om.</span> <span class='ocrx_word' id='word_1_474' title='bbox 872 2005 929 2032; x_wconf 90' lang='lat' dir='ltr'>Gu.</span> <span class='ocrx_word' id='word_1_475' title='bbox 947 2008 974 2036; x_wconf 83' lang='lat'>2.</span> <span class='ocrx_word' id='word_1_476' title='bbox 1023 2005 1118 2032; x_wconf 72' lang='lat' dir='ltr'>Locus</span> <span class='ocrx_word' id='word_1_477' title='bbox 1162 2002 1233 2030; x_wconf 73' lang='lat' dir='ltr'>inde</span> <span class='ocrx_word' id='word_1_478' title='bbox 1252 2003 1392 2041; x_wconf 77' lang='lat' dir='ltr'>proprie,</span> <span class='ocrx_word' id='word_1_479' title='bbox 1415 2000 1466 2030; x_wconf 83' lang='lat' dir='ltr'>sed</span> <span class='ocrx_word' id='word_1_480' title='bbox 1489 2001 1559 2029; x_wconf 69' lang='lat' dir='ltr'>inde</span> <span class='ocrx_word' id='word_1_481' title='bbox 1581 2012 1637 2029; x_wconf 87' lang='lat' dir='ltr'>om.</span> <span class='ocrx_word' id='word_1_482' title='bbox 1664 2002 1720 2030; x_wconf 90' lang='lat' dir='ltr'>Gu.</span> <span class='ocrx_word' id='word_1_483' title='bbox 1741 2004 1766 2031; x_wconf 93' lang='lat'>1.</span> <span class='ocrx_word' id='word_1_484' title='bbox 1789 2017 1828 2022; x_wconf 92' lang='lat'>—-</span> <span class='ocrx_word' id='word_1_485' title='bbox 1857 2002 1900 2039; x_wconf 69' lang='lat'>94)</span> <span class='ocrx_word' id='word_1_486' title='bbox 1919 2014 2007 2040; x_wconf 74' lang='lat' dir='ltr'>agere</span> <span class='ocrx_word' id='word_1_487' title='bbox 2021 2003 2053 2031; x_wconf 93' lang='lat' dir='ltr'>Z.</span> <span class='ocrx_word' id='word_1_488' title='bbox 2069 2019 2111 2024; x_wconf 97' lang='lat'><strong>—</strong></span> 
     </span>
     <span class='ocr_line' id='line_1_38' title="bbox 170 2043 2111 2084; baseline -0.002 -9"><span class='ocrx_word' id='word_1_489' title='bbox 170 2050 215 2075; x_wconf 76' lang='lat' dir='ltr'>est</span> <span class='ocrx_word' id='word_1_490' title='bbox 238 2046 343 2075; x_wconf 85' lang='lat' dir='ltr'>Psalm.</span> <span class='ocrx_word' id='word_1_491' title='bbox 367 2047 424 2083; x_wconf 82' lang='lat'>50,</span> <span class='ocrx_word' id='word_1_492' title='bbox 454 2049 500 2077; x_wconf 74' lang='lat'>12.</span> <span class='ocrx_word' id='word_1_493' title='bbox 528 2050 576 2078; x_wconf 81' lang='lat'>13,</span> <span class='ocrx_word' id='word_1_494' title='bbox 603 2049 650 2078; x_wconf 84' lang='lat'>14.</span> <span class='ocrx_word' id='word_1_495' title='bbox 677 2066 714 2070; x_wconf 81' lang='lat'>—</span> <span class='ocrx_word' id='word_1_496' title='bbox 740 2049 769 2084; x_wconf 76' lang='lat'>8)</span> <span class='ocrx_word' id='word_1_497' title='bbox 788 2048 837 2075; x_wconf 82' lang='lat' dir='ltr'>Sic</span> <span class='ocrx_word' id='word_1_498' title='bbox 861 2048 917 2076; x_wconf 88' lang='lat' dir='ltr'>Gu.</span> <span class='ocrx_word' id='word_1_499' title='bbox 934 2050 960 2078; x_wconf 89' lang='lat'>1.</span> <span class='ocrx_word' id='word_1_500' title='bbox 976 2046 1011 2074; x_wconf 85' lang='lat' dir='ltr'>al.</span> <span class='ocrx_word' id='word_1_501' title='bbox 1034 2063 1070 2067; x_wconf 97' lang='lat'><strong>—</strong></span> <span class='ocrx_word' id='word_1_502' title='bbox 1087 2049 1118 2074; x_wconf 28' lang='lat' dir='ltr'>in.</span> <span class='ocrx_word' id='word_1_503' title='bbox 1162 2047 1209 2082; x_wconf 72' lang='lat'>25)</span> <span class='ocrx_word' id='word_1_504' title='bbox 1232 2046 1279 2073; x_wconf 83' lang='lat' dir='ltr'>Sic</span> <span class='ocrx_word' id='word_1_505' title='bbox 1298 2046 1329 2073; x_wconf 91' lang='lat' dir='ltr'>Z.</span> <span class='ocrx_word' id='word_1_506' title='bbox 1352 2046 1408 2073; x_wconf 89' lang='lat' dir='ltr'>Gu.</span> <span class='ocrx_word' id='word_1_507' title='bbox 1428 2047 1454 2074; x_wconf 88' lang='grc'>1.</span> <span class='ocrx_word' id='word_1_508' title='bbox 1470 2046 1497 2074; x_wconf 73' lang='lat'>2.</span> <span class='ocrx_word' id='word_1_509' title='bbox 1512 2060 1554 2065; x_wconf 92' lang='lat'>-—-</span> <span class='ocrx_word' id='word_1_510' title='bbox 1574 2046 1677 2071; x_wconf 70' lang='lat' dir='ltr'>mains</span> <span class='ocrx_word' id='word_1_511' title='bbox 1699 2050 1741 2071; x_wconf 74' lang='lat' dir='ltr'>esc</span> <span class='ocrx_word' id='word_1_512' title='bbox 1765 2043 1844 2081; x_wconf 78' lang='lat' dir='ltr'>vulg.</span> <span class='ocrx_word' id='word_1_513' title='bbox 1862 2060 1899 2065; x_wconf 88' lang='lat'><strong>—</strong></span> <span class='ocrx_word' id='word_1_514' title='bbox 1920 2050 1961 2072; x_wconf 71' lang='lat' dir='ltr'>est</span> <span class='ocrx_word' id='word_1_515' title='bbox 1984 2055 2041 2073; x_wconf 86' lang='lat' dir='ltr'>om.</span> <span class='ocrx_word' id='word_1_516' title='bbox 2064 2055 2111 2074; x_wconf 80' lang='lat' dir='ltr'>va.</span> 
     </span>
     <span class='ocr_line' id='line_1_39' title="bbox 171 2086 2112 2127; baseline -0.001 -11"><span class='ocrx_word' id='word_1_517' title='bbox 171 2090 273 2118; x_wconf 78' lang='lat' dir='ltr'>Deum</span> <span class='ocrx_word' id='word_1_518' title='bbox 296 2089 376 2127; x_wconf 81' lang='lat' dir='ltr'>vulg.</span> <span class='ocrx_word' id='word_1_519' title='bbox 391 2088 511 2116; x_wconf 69' lang='lat' dir='ltr'>—ideo</span> <span class='ocrx_word' id='word_1_520' title='bbox 533 2091 581 2119; x_wconf 85' lang='lat' dir='ltr'>Ar.</span> <span class='ocrx_word' id='word_1_521' title='bbox 603 2107 644 2112; x_wconf 85' lang='lat'>——-</span> <span class='ocrx_word' id='word_1_522' title='bbox 673 2089 702 2127; x_wconf 88' lang='lat'>9)</span> <span class='ocrx_word' id='word_1_523' title='bbox 722 2089 863 2117; x_wconf 65' lang='lat' dir='ltr'>dominus</span> <span class='ocrx_word' id='word_1_524' title='bbox 893 2090 947 2117; x_wconf 87' lang='lat' dir='ltr'>Cu.</span> <span class='ocrx_word' id='word_1_525' title='bbox 964 2092 993 2120; x_wconf 78' lang='grc'><strong>2.</strong></span> <span class='ocrx_word' id='word_1_526' title='bbox 1024 2090 1119 2117; x_wconf 81' lang='lat' dir='ltr'>Locus</span> <span class='ocrx_word' id='word_1_527' title='bbox 1162 2104 1204 2110; x_wconf 92' lang='lat'>-—</span> <span class='ocrx_word' id='word_1_528' title='bbox 1227 2090 1272 2126; x_wconf 71' lang='lat'>26)</span> <span class='ocrx_word' id='word_1_529' title='bbox 1296 2088 1361 2126; x_wconf 70' lang='lat' dir='ltr'>Ipse</span> <span class='ocrx_word' id='word_1_530' title='bbox 1391 2088 1468 2114; x_wconf 78' lang='lat' dir='ltr'>enim</span> <span class='ocrx_word' id='word_1_531' title='bbox 1491 2092 1516 2113; x_wconf 71' lang='lat' dir='ltr'>ct</span> <span class='ocrx_word' id='word_1_532' title='bbox 1537 2097 1585 2123; x_wconf 74' lang='lat' dir='ltr'>gr.</span> <span class='ocrx_word' id='word_1_533' title='bbox 1609 2087 1639 2115; x_wconf 80' lang='grc' dir='ltr'><strong>Ζ.</strong></span> <span class='ocrx_word' id='word_1_534' title='bbox 1660 2103 1699 2107; x_wconf 90' lang='grc'>-</span> <span class='ocrx_word' id='word_1_535' title='bbox 1722 2092 1747 2114; x_wconf 71' lang='lat' dir='ltr'>ct</span> <span class='ocrx_word' id='word_1_536' title='bbox 1777 2097 1835 2115; x_wconf 83' lang='lat' dir='ltr'>ow.</span> <span class='ocrx_word' id='word_1_537' title='bbox 1864 2086 1919 2115; x_wconf 89' lang='lat' dir='ltr'>Gu.</span> <span class='ocrx_word' id='word_1_538' title='bbox 1943 2089 1972 2117; x_wconf 76' lang='grc'><strong>2.</strong></span> <span class='ocrx_word' id='word_1_539' title='bbox 1996 2105 2033 2110; x_wconf 82' lang='grc'>·-</span> <span class='ocrx_word' id='word_1_540' title='bbox 2063 2086 2112 2127; x_wconf 74' lang='grc'>27)</span> 
     </span>
     <span class='ocr_line' id='line_1_40' title="bbox 172 2126 2111 2169; baseline -0.002 -9"><span class='ocrx_word' id='word_1_541' title='bbox 172 2136 217 2160; x_wconf 77' lang='lat' dir='ltr'>est</span> <span class='ocrx_word' id='word_1_542' title='bbox 238 2129 301 2159; x_wconf 86' lang='lat' dir='ltr'>Ioh.</span> <span class='ocrx_word' id='word_1_543' title='bbox 318 2132 346 2167; x_wconf 82' lang='lat'>4,</span> <span class='ocrx_word' id='word_1_544' title='bbox 362 2131 412 2163; x_wconf 73' lang='lat'>24.</span> <span class='ocrx_word' id='word_1_545' title='bbox 429 2147 470 2152; x_wconf 94' lang='lat'>—</span> <span class='ocrx_word' id='word_1_546' title='bbox 493 2133 538 2169; x_wconf 85' lang='lat'>10)</span> <span class='ocrx_word' id='word_1_547' title='bbox 558 2144 617 2159; x_wconf 60' lang='lat' dir='ltr'>csse</span> <span class='ocrx_word' id='word_1_548' title='bbox 640 2132 768 2168; x_wconf 53' lang='lat' dir='ltr'>witlam-7</span> <span class='ocrx_word' id='word_1_549' title='bbox 792 2138 884 2160; x_wconf 56' lang='lat' dir='ltr'>restae</span> <span class='ocrx_word' id='word_1_550' title='bbox 902 2134 995 2162; x_wconf 77' lang='lat' dir='ltr'>Gu.2.</span> <span class='ocrx_word' id='word_1_551' title='bbox 1010 2148 1051 2152; x_wconf 98' lang='lat'><strong>—</strong></span> <span class='ocrx_word' id='word_1_552' title='bbox 1077 2133 1119 2168; x_wconf 85' lang='lat'>11)</span> <span class='ocrx_word' id='word_1_553' title='bbox 1164 2132 1239 2158; x_wconf 75' lang='lat' dir='ltr'>mim</span> <span class='ocrx_word' id='word_1_554' title='bbox 1263 2130 1369 2168; x_wconf 80' lang='lat' dir='ltr'>scripsi</span> <span class='ocrx_word' id='word_1_555' title='bbox 1393 2139 1408 2157; x_wconf 88' lang='lat' dir='ltr'>c</span> <span class='ocrx_word' id='word_1_556' title='bbox 1433 2129 1490 2157; x_wconf 81' lang='lat' dir='ltr'>Gu.</span> <span class='ocrx_word' id='word_1_557' title='bbox 1515 2131 1540 2160; x_wconf 85' lang='lat'>1.</span> <span class='ocrx_word' id='word_1_558' title='bbox 1565 2140 1620 2168; x_wconf 88' lang='lat' dir='ltr'>pro</span> <span class='ocrx_word' id='word_1_559' title='bbox 1643 2135 1756 2157; x_wconf 77' lang='lat' dir='ltr'>aulem.</span> <span class='ocrx_word' id='word_1_560' title='bbox 1782 2145 1821 2149; x_wconf 90' lang='lat'>—-</span> <span class='ocrx_word' id='word_1_561' title='bbox 1852 2126 1899 2167; x_wconf 69' lang='lat'>28)</span> <span class='ocrx_word' id='word_1_562' title='bbox 1921 2135 1946 2156; x_wconf 73' lang='grc' dir='ltr'>ει</span> <span class='ocrx_word' id='word_1_563' title='bbox 1973 2140 2031 2159; x_wconf 86' lang='lat' dir='ltr'>om.</span> <span class='ocrx_word' id='word_1_564' title='bbox 2055 2129 2111 2158; x_wconf 92' lang='lat' dir='ltr'>Gu.</span> 
     </span>
     <span class='ocr_line' id='line_1_41' title="bbox 172 2172 2110 2212; baseline -0.002 -10"><span class='ocrx_word' id='word_1_565' title='bbox 172 2175 220 2202; x_wconf 91' lang='lat' dir='ltr'>Sic</span> <span class='ocrx_word' id='word_1_566' title='bbox 237 2174 293 2202; x_wconf 87' lang='lat' dir='ltr'>Gu.</span> <span class='ocrx_word' id='word_1_567' title='bbox 312 2176 340 2206; x_wconf 82' lang='lat'>1.</span> <span class='ocrx_word' id='word_1_568' title='bbox 360 2190 396 2195; x_wconf 92' lang='lat'>—-</span> <span class='ocrx_word' id='word_1_569' title='bbox 423 2174 509 2211; x_wconf 78' lang='lat' dir='ltr'>Vulg.</span> <span class='ocrx_word' id='word_1_570' title='bbox 530 2173 705 2211; x_wconf 71' lang='lat' dir='ltr'>Intelligunt</span> <span class='ocrx_word' id='word_1_571' title='bbox 735 2186 804 2212; x_wconf 63' lang='lat' dir='ltr'>wgo</span> <span class='ocrx_word' id='word_1_572' title='bbox 838 2175 881 2202; x_wconf 63' lang='lat' dir='ltr'>ilai</span> <span class='ocrx_word' id='word_1_573' title='bbox 908 2174 1058 2202; x_wconf 77' lang='lat' dir='ltr'>nonnulli.</span> <span class='ocrx_word' id='word_1_574' title='bbox 1081 2192 1121 2195; x_wconf 97' lang='lat'><strong>—</strong></span> <span class='ocrx_word' id='word_1_575' title='bbox 1163 2176 1191 2204; x_wconf 79' lang='lat'>2.</span> <span class='ocrx_word' id='word_1_576' title='bbox 1216 2189 1258 2194; x_wconf 87' lang='lat'>—</span> <span class='ocrx_word' id='word_1_577' title='bbox 1280 2175 1327 2207; x_wconf 64' lang='lat'>29)</span> <span class='ocrx_word' id='word_1_578' title='bbox 1343 2174 1411 2210; x_wconf 69' lang='lat' dir='ltr'>ipsu</span> <span class='ocrx_word' id='word_1_579' title='bbox 1437 2172 1493 2199; x_wconf 90' lang='lat' dir='ltr'>Gu.</span> <span class='ocrx_word' id='word_1_580' title='bbox 1522 2175 1545 2202; x_wconf 84' lang='grc'>1.</span> <span class='ocrx_word' id='word_1_581' title='bbox 1568 2189 1602 2193; x_wconf 94' lang='lat'>—</span> <span class='ocrx_word' id='word_1_582' title='bbox 1624 2176 1672 2208; x_wconf 66' lang='lat'>0¹0)</span> <span class='ocrx_word' id='word_1_583' title='bbox 1690 2172 1858 2210; x_wconf 73' lang='lat' dir='ltr'>supientiae</span> <span class='ocrx_word' id='word_1_584' title='bbox 1882 2172 1938 2202; x_wconf 78' lang='lat' dir='ltr'>Gu,</span> <span class='ocrx_word' id='word_1_585' title='bbox 1953 2175 1981 2204; x_wconf 78' lang='grc'><strong>2.</strong></span> <span class='ocrx_word' id='word_1_586' title='bbox 2001 2188 2039 2194; x_wconf 91' lang='lat'><strong>—</strong></span> <span class='ocrx_word' id='word_1_587' title='bbox 2061 2173 2110 2209; x_wconf 83' lang='lat'>31)</span> 
     </span>
     <span class='ocr_line' id='line_1_42' title="bbox 175 2214 2111 2255; baseline -0.001 -11"><span class='ocrx_word' id='word_1_588' title='bbox 175 2220 220 2254; x_wconf 77' lang='lat'>12)</span> <span class='ocrx_word' id='word_1_589' title='bbox 245 2226 378 2255; x_wconf 77' lang='lat' dir='ltr'>nuncup.</span> <span class='ocrx_word' id='word_1_590' title='bbox 402 2222 442 2243; x_wconf 71' lang='lat' dir='ltr'>est</span> <span class='ocrx_word' id='word_1_591' title='bbox 466 2217 497 2245; x_wconf 87' lang='lat' dir='ltr'>Z.</span> <span class='ocrx_word' id='word_1_592' title='bbox 530 2233 567 2238; x_wconf 89' lang='lat'><strong>—</strong></span> <span class='ocrx_word' id='word_1_593' title='bbox 605 2220 650 2253; x_wconf 83' lang='lat'>13)</span> <span class='ocrx_word' id='word_1_594' title='bbox 673 2218 703 2244; x_wconf 82' lang='lat'>1&#39;11</span> <span class='ocrx_word' id='word_1_595' title='bbox 728 2218 827 2255; x_wconf 73' lang='lat' dir='ltr'>ipsum</span> <span class='ocrx_word' id='word_1_596' title='bbox 850 2217 952 2245; x_wconf 79' lang='lat' dir='ltr'>addidi</span> <span class='ocrx_word' id='word_1_597' title='bbox 977 2227 991 2245; x_wconf 85' lang='lat' dir='ltr'>e</span> <span class='ocrx_word' id='word_1_598' title='bbox 1016 2217 1070 2244; x_wconf 84' lang='lat' dir='ltr'>Gu.</span> <span class='ocrx_word' id='word_1_599' title='bbox 1098 2221 1122 2247; x_wconf 85' lang='lat'>1.</span> <span class='ocrx_word' id='word_1_600' title='bbox 1165 2222 1190 2244; x_wconf 81' lang='lat' dir='ltr'>el</span> <span class='ocrx_word' id='word_1_601' title='bbox 1215 2215 1317 2242; x_wconf 80' lang='lat' dir='ltr'>addidi</span> <span class='ocrx_word' id='word_1_602' title='bbox 1341 2225 1355 2243; x_wconf 86' lang='lat' dir='ltr'>e</span> <span class='ocrx_word' id='word_1_603' title='bbox 1380 2215 1435 2242; x_wconf 80' lang='lat' dir='ltr'>Gu.</span> <span class='ocrx_word' id='word_1_604' title='bbox 1454 2217 1478 2245; x_wconf 88' lang='lat'>1.</span> <span class='ocrx_word' id='word_1_605' title='bbox 1511 2231 1548 2235; x_wconf 90' lang='lat'><strong>—</strong></span> <span class='ocrx_word' id='word_1_606' title='bbox 1577 2216 1623 2250; x_wconf 69' lang='lat'>32)</span> <span class='ocrx_word' id='word_1_607' title='bbox 1644 2215 1770 2252; x_wconf 75' lang='lat' dir='ltr'>proprio</span> <span class='ocrx_word' id='word_1_608' title='bbox 1794 2214 1851 2242; x_wconf 77' lang='lat' dir='ltr'>Cu,</span> <span class='ocrx_word' id='word_1_609' title='bbox 1872 2215 1900 2244; x_wconf 82' lang='grc'><strong>2.</strong></span> <span class='ocrx_word' id='word_1_610' title='bbox 1925 2232 1961 2236; x_wconf 92' lang='grc'><strong>-</strong></span> <span class='ocrx_word' id='word_1_611' title='bbox 1992 2215 2040 2251; x_wconf 83' lang='grc'>33)</span> <span class='ocrx_word' id='word_1_612' title='bbox 2061 2214 2111 2243; x_wconf 90' lang='lat' dir='ltr'>Sic</span> 
     </span>
     <span class='ocr_line' id='line_1_43' title="bbox 173 2257 2112 2297; baseline -0.001 -11"><span class='ocrx_word' id='word_1_613' title='bbox 173 2275 215 2281; x_wconf 88' lang='lat'>—</span> <span class='ocrx_word' id='word_1_614' title='bbox 236 2259 279 2290; x_wconf 74' lang='grc'><strong>14)</strong></span> <span class='ocrx_word' id='word_1_615' title='bbox 303 2261 380 2287; x_wconf 82' lang='lat' dir='ltr'>enim</span> <span class='ocrx_word' id='word_1_616' title='bbox 396 2269 450 2297; x_wconf 84' lang='lat' dir='ltr'>pro</span> <span class='ocrx_word' id='word_1_617' title='bbox 473 2264 575 2287; x_wconf 65' lang='lat' dir='ltr'>autem</span> <span class='ocrx_word' id='word_1_618' title='bbox 598 2259 704 2296; x_wconf 77' lang='lat' dir='ltr'>scripsi</span> <span class='ocrx_word' id='word_1_619' title='bbox 729 2269 794 2286; x_wconf 80' lang='lat' dir='ltr'>cuin</span> <span class='ocrx_word' id='word_1_620' title='bbox 820 2260 876 2287; x_wconf 91' lang='lat' dir='ltr'>Gu.</span> <span class='ocrx_word' id='word_1_621' title='bbox 897 2262 921 2290; x_wconf 80' lang='lat'>1.</span> <span class='ocrx_word' id='word_1_622' title='bbox 960 2259 1122 2297; x_wconf 82' lang='lat' dir='ltr'>Utrumque</span> <span class='ocrx_word' id='word_1_623' title='bbox 1166 2259 1221 2286; x_wconf 85' lang='lat' dir='ltr'>Gu.</span> <span class='ocrx_word' id='word_1_624' title='bbox 1240 2261 1263 2288; x_wconf 92' lang='lat'>1.</span> <span class='ocrx_word' id='word_1_625' title='bbox 1282 2273 1323 2277; x_wconf 91' lang='grc'>-</span> <span class='ocrx_word' id='word_1_626' title='bbox 1346 2257 1432 2294; x_wconf 75' lang='lat' dir='ltr'>Vulg.</span> <span class='ocrx_word' id='word_1_627' title='bbox 1456 2267 1522 2284; x_wconf 77' lang='lat' dir='ltr'>cum</span> <span class='ocrx_word' id='word_1_628' title='bbox 1545 2258 1585 2284; x_wconf 67' lang='lat' dir='ltr'>sit</span> <span class='ocrx_word' id='word_1_629' title='bbox 1608 2259 1701 2285; x_wconf 76' lang='lat' dir='ltr'>Pater</span> <span class='ocrx_word' id='word_1_630' title='bbox 1722 2262 1748 2284; x_wconf 78' lang='lat' dir='ltr'>et</span> <span class='ocrx_word' id='word_1_631' title='bbox 1771 2257 1872 2284; x_wconf 67' lang='lat' dir='ltr'>Filius</span> <span class='ocrx_word' id='word_1_632' title='bbox 1899 2258 2112 2285; x_wconf 60' lang='lat' dir='ltr'>universaliter</span> 
     </span>
     <span class='ocr_line' id='line_1_44' title="bbox 174 2298 2112 2339; baseline -0.001 -10"><span class='ocrx_word' id='word_1_633' title='bbox 174 2311 232 2329; x_wconf 90' lang='lat' dir='ltr'>om.</span> <span class='ocrx_word' id='word_1_634' title='bbox 251 2302 281 2331; x_wconf 93' lang='lat' dir='ltr'>Z.</span> <span class='ocrx_word' id='word_1_635' title='bbox 302 2321 338 2324; x_wconf 95' lang='lat'><strong>—</strong></span> <span class='ocrx_word' id='word_1_636' title='bbox 365 2302 410 2338; x_wconf 87' lang='lat'>15)</span> <span class='ocrx_word' id='word_1_637' title='bbox 436 2301 482 2329; x_wconf 87' lang='lat' dir='ltr'>Sic</span> <span class='ocrx_word' id='word_1_638' title='bbox 510 2302 566 2330; x_wconf 88' lang='lat' dir='ltr'>Gu.</span> <span class='ocrx_word' id='word_1_639' title='bbox 585 2304 610 2332; x_wconf 93' lang='lat'>1.</span> <span class='ocrx_word' id='word_1_640' title='bbox 625 2317 667 2321; x_wconf 96' lang='lat'><strong>—</strong></span> <span class='ocrx_word' id='word_1_641' title='bbox 682 2300 751 2329; x_wconf 69' lang='lat' dir='ltr'>dun.</span> <span class='ocrx_word' id='word_1_642' title='bbox 776 2301 824 2328; x_wconf 64' lang='lat' dir='ltr'>dei</span> <span class='ocrx_word' id='word_1_643' title='bbox 846 2307 888 2328; x_wconf 73' lang='lat' dir='ltr'>est</span> <span class='ocrx_word' id='word_1_644' title='bbox 910 2302 990 2338; x_wconf 75' lang='lat' dir='ltr'>vulg.</span> <span class='ocrx_word' id='word_1_645' title='bbox 1013 2318 1052 2322; x_wconf 96' lang='lat'><strong>—</strong></span> <span class='ocrx_word' id='word_1_646' title='bbox 1080 2304 1123 2339; x_wconf 75' lang='lat'>16)</span> <span class='ocrx_word' id='word_1_647' title='bbox 1165 2311 1226 2329; x_wconf 73' lang='lat' dir='ltr'>car.</span> <span class='ocrx_word' id='word_1_648' title='bbox 1245 2317 1282 2320; x_wconf 90' lang='lat'><strong>—</strong></span> <span class='ocrx_word' id='word_1_649' title='bbox 1301 2305 1326 2326; x_wconf 65' lang='lat' dir='ltr'>ct</span> <span class='ocrx_word' id='word_1_650' title='bbox 1349 2305 1445 2328; x_wconf 76' lang='lat' dir='ltr'>autem</span> <span class='ocrx_word' id='word_1_651' title='bbox 1473 2299 1556 2337; x_wconf 80' lang='lat' dir='ltr'>prius</span> <span class='ocrx_word' id='word_1_652' title='bbox 1585 2299 1688 2328; x_wconf 81' lang='lat' dir='ltr'>addidi</span> <span class='ocrx_word' id='word_1_653' title='bbox 1719 2309 1733 2327; x_wconf 88' lang='lat' dir='ltr'>e</span> <span class='ocrx_word' id='word_1_654' title='bbox 1765 2298 1820 2327; x_wconf 91' lang='lat' dir='ltr'>Gu.</span> <span class='ocrx_word' id='word_1_655' title='bbox 1843 2301 1868 2330; x_wconf 89' lang='lat'>1.</span> <span class='ocrx_word' id='word_1_656' title='bbox 1889 2302 1917 2331; x_wconf 78' lang='grc'><strong>2.</strong></span> <span class='ocrx_word' id='word_1_657' title='bbox 1939 2316 1981 2321; x_wconf 91' lang='grc'>-</span> <span class='ocrx_word' id='word_1_658' title='bbox 2008 2298 2056 2339; x_wconf 81' lang='grc'>34)</span> <span class='ocrx_word' id='word_1_659' title='bbox 2079 2301 2112 2328; x_wconf 81' lang='lat' dir='ltr'>in</span> 
     </span>
     <span class='ocr_line' id='line_1_45' title="bbox 176 2341 2110 2383; baseline -0.001 -12"><span class='ocrx_word' id='word_1_660' title='bbox 176 2355 243 2372; x_wconf 73' lang='lat' dir='ltr'>cum</span> <span class='ocrx_word' id='word_1_661' title='bbox 265 2343 353 2383; x_wconf 76' lang='lat' dir='ltr'>apud</span> <span class='ocrx_word' id='word_1_662' title='bbox 371 2344 427 2372; x_wconf 91' lang='lat' dir='ltr'>Gu.</span> <span class='ocrx_word' id='word_1_663' title='bbox 447 2347 531 2375; x_wconf 81' lang='grc'><strong>2.-</strong></span> <span class='ocrx_word' id='word_1_664' title='bbox 556 2343 639 2381; x_wconf 79' lang='lat' dir='ltr'>Vulg.</span> <span class='ocrx_word' id='word_1_665' title='bbox 657 2343 724 2371; x_wconf 84' lang='lat' dir='ltr'>add.</span> <span class='ocrx_word' id='word_1_666' title='bbox 748 2350 863 2379; x_wconf 73' lang='lat' dir='ltr'>antem,</span> <span class='ocrx_word' id='word_1_667' title='bbox 888 2343 967 2382; x_wconf 83' lang='lat' dir='ltr'>quod</span> <span class='ocrx_word' id='word_1_668' title='bbox 992 2355 1049 2373; x_wconf 87' lang='lat' dir='ltr'>om.</span> <span class='ocrx_word' id='word_1_669' title='bbox 1065 2345 1121 2372; x_wconf 85' lang='lat' dir='ltr'>Gn.</span> <span class='ocrx_word' id='word_1_670' title='bbox 1165 2343 1242 2371; x_wconf 73' lang='lat' dir='ltr'>libro</span> <span class='ocrx_word' id='word_1_671' title='bbox 1277 2342 1332 2369; x_wconf 90' lang='lat' dir='ltr'>Gu.</span> <span class='ocrx_word' id='word_1_672' title='bbox 1371 2344 1398 2372; x_wconf 74' lang='lat'>2.</span> <span class='ocrx_word' id='word_1_673' title='bbox 1449 2342 1590 2380; x_wconf 74' lang='lat' dir='ltr'>Sequitur</span> <span class='ocrx_word' id='word_1_674' title='bbox 1627 2343 1703 2371; x_wconf 86' lang='lat' dir='ltr'>enim</span> <span class='ocrx_word' id='word_1_675' title='bbox 1733 2342 1764 2369; x_wconf 90' lang='lat' dir='ltr'>in</span> <span class='ocrx_word' id='word_1_676' title='bbox 1795 2342 1826 2369; x_wconf 87' lang='lat' dir='ltr'>Z.</span> <span class='ocrx_word' id='word_1_677' title='bbox 1861 2341 1917 2372; x_wconf 87' lang='lat' dir='ltr'>Gu.</span> <span class='ocrx_word' id='word_1_678' title='bbox 1944 2345 1970 2374; x_wconf 83' lang='lat'>1.</span> <span class='ocrx_word' id='word_1_679' title='bbox 2002 2345 2031 2374; x_wconf 78' lang='lat'>2.</span> <span class='ocrx_word' id='word_1_680' title='bbox 2062 2341 2110 2370; x_wconf 81' lang='lat' dir='ltr'>Ar.</span> 
     </span>
     <span class='ocr_line' id='line_1_46' title="bbox 179 2382 2110 2425; baseline -0.001 -10"><span class='ocrx_word' id='word_1_681' title='bbox 179 2391 206 2418; x_wconf 84' lang='lat'>1.</span> <span class='ocrx_word' id='word_1_682' title='bbox 224 2403 261 2407; x_wconf 90' lang='lat'>—</span> <span class='ocrx_word' id='word_1_683' title='bbox 288 2386 454 2425; x_wconf 64' lang='lat' dir='ltr'>17).5alz‹tc&#39;s</span> <span class='ocrx_word' id='word_1_684' title='bbox 477 2397 533 2415; x_wconf 88' lang='lat' dir='ltr'>om.</span> <span class='ocrx_word' id='word_1_685' title='bbox 549 2387 579 2417; x_wconf 85' lang='lat' dir='ltr'>Z.</span> <span class='ocrx_word' id='word_1_686' title='bbox 603 2396 646 2424; x_wconf 86' lang='lat' dir='ltr'>pr.</span> <span class='ocrx_word' id='word_1_687' title='bbox 662 2396 709 2415; x_wconf 77' lang='lat' dir='ltr'>va.</span> <span class='ocrx_word' id='word_1_688' title='bbox 732 2402 772 2406; x_wconf 84' lang='lat'>-—</span> <span class='ocrx_word' id='word_1_689' title='bbox 797 2386 843 2423; x_wconf 72' lang='lat'>15)</span> <span class='ocrx_word' id='word_1_690' title='bbox 860 2387 908 2413; x_wconf 86' lang='lat' dir='ltr'>Sic</span> <span class='ocrx_word' id='word_1_691' title='bbox 924 2386 978 2414; x_wconf 91' lang='lat' dir='ltr'>Gu.</span> <span class='ocrx_word' id='word_1_692' title='bbox 999 2390 1026 2418; x_wconf 78' lang='lat'>1,</span> <span class='ocrx_word' id='word_1_693' title='bbox 1043 2390 1070 2418; x_wconf 80' lang='lat'>2.</span> <span class='ocrx_word' id='word_1_694' title='bbox 1082 2404 1122 2409; x_wconf 90' lang='lat'>—</span> <span class='ocrx_word' id='word_1_695' title='bbox 1165 2385 1314 2423; x_wconf 64' lang='lat' dir='ltr'>evangelii</span> <span class='ocrx_word' id='word_1_696' title='bbox 1336 2395 1393 2423; x_wconf 84' lang='lat' dir='ltr'>pro</span> <span class='ocrx_word' id='word_1_697' title='bbox 1415 2384 1495 2422; x_wconf 83' lang='lat' dir='ltr'>vulg.</span> <span class='ocrx_word' id='word_1_698' title='bbox 1518 2387 1750 2424; x_wconf 61' lang='lat' dir='ltr'>evangeliorum.</span> <span class='ocrx_word' id='word_1_699' title='bbox 1764 2399 1805 2405; x_wconf 96' lang='lat'><strong>—</strong></span> <span class='ocrx_word' id='word_1_700' title='bbox 1821 2382 1867 2422; x_wconf 86' lang='grc'>35)</span> <span class='ocrx_word' id='word_1_701' title='bbox 1885 2384 1987 2413; x_wconf 77' lang='lat' dir='ltr'>Matth.</span> <span class='ocrx_word' id='word_1_702' title='bbox 2001 2388 2049 2420; x_wconf 79' lang='lat'>12,</span> <span class='ocrx_word' id='word_1_703' title='bbox 2059 2386 2110 2417; x_wconf 81' lang='lat'>28.</span> 
     </span>
    </p>
   </div>
  </div>
 </body>
</html>
