2264 2830
797 99 1043 133 ORIGINUM
1080 101 1224 136 LIBER
1252 103 1311 137 ΧΙ.
1959 104 2032 138 353

81 209 171 238 rum,
198 203 233 230 ut
261 201 292 229 et
316 197 437 241 apertis
465 197 569 229 oculis
603 196 627 227 si
661 195 741 238 quid
770 194 922 228 inciderit
949 196 1149 239 repellatur,
1187 202 1219 230 et
1246 208 1363 229 somno
1400 195 1649 230 conniventibus
1662 192 1685 213 ³¹
1714 200 1870 240 tanquam
1896 198 2032 234 involuti

81 252 250 293 quiescant
278 250 423 283 latentes

245 300 305 335 ⁴0.
360 301 397 332 ln
423 298 607 332 summitate
642 302 753 329 autem
792 298 1030 341 palpebrarum
1066 299 1169 339 locis,
1203 300 1322 342 quibus
1356 311 1390 331 Se
1426 304 1586 342 utraeque
1621 299 1752 332 clausae
1765 296 1789 316 ³³
1823 302 2030 347 contingunt,

83 356 194 385 extant
220 352 330 384 adnati
341 349 365 368 ³¹⁵
392 351 506 383 ordine
533 354 660 381 servato
685 349 816 393 capilli,
840 351 975 383 tutelam
1005 351 1108 383 oculis
1137 352 1373 391 ministrantes,
1402 362 1443 382 ne
1471 352 1629 383 irruentes
1640 347 1663 366 ⁵⁵⁷
1691 351 1791 384 facile
1812 352 1942 386 iniurias
1971 367 2029 387 ex-

83 404 225 447 cipiant,
254 409 286 436 et
313 414 351 435 ex
379 414 419 435 eo
446 407 643 439 noceantur,
679 406 714 433 ut
749 402 911 444 pulveris,
945 403 996 434 vel
1026 403 1220 446 cuiusquam
1233 400 1258 418 ³¹⁸
1286 402 1454 436 crassioris
1483 403 1640 435 materiae
1668 408 1802 436 arceant
1829 411 2031 449 contactum,

84 461 139 488 aut
163 456 268 500 ipsum
298 466 433 498 quoque
461 464 570 485 aerem
598 453 809 486 concidendo
838 454 1027 493 mitificent,
1056 452 1160 497 quo³¹³⁵
1193 459 1326 487 tenuem
1359 458 1459 497 atque
1486 466 1636 486 serenum
1666 455 1787 488 faciant
1813 456 1928 490 visum.

248 506 308 540 ⁴}l.

85 557 207 590 Graeci
235 555 397 604 ὃάκρυμα

245 609 304 643 42.

82 664 262 707 tegantque
289 664 358 691 tuta
370 656 393 675 ⁴¹
429 659 589 693 custodia.

409 553 433 573 ⁴²
461 561 589 589 vocant.

360 505 530 537 Lacrimas
559 517 577 536 a
606 504 806 538 laceratione
834 506 949 538 mentis
978 506 1114 549 quidam
1142 510 1259 549 putant
1287 503 1444 546 dietasffl,
1481 506 1536 538 alii
1564 506 1748 539 existimant
1764 504 1783 523 ¹¹
1812 508 1911 549 ideo,
1939 510 2030 553 quod

360 608 443 641 Cilia
471 614 543 640 sunt
570 608 735 652 tegmina,
763 609 881 651 quibus
909 609 1148 653 cooperiuntur
1176 608 1285 649 oculi,
1315 607 1452 641 etdicta
1480 608 1579 648 cilia,
1607 608 1699 651 quod
1730 609 1838 642 celent
1850 607 1874 627 ⁴³
1901 613 2029 655 oculos,

184 711 372 755 Supercilia
400 711 508 752 dicta,
537 712 613 754 quia
641 711 849 755 superposita
876 716 949 743 sunt
976 711 1072 751 ciliis,
1108 723 1196 754 quae
1230 710 1359 744 idcirco
1388 710 1464 755 pilis
1496 711 1612 743 vestita
1638 715 1728 752 sunt,
1757 716 1791 743 ut
1820 713 1926 746 oculis·
1953 725 2028 747 mu-

83 766 227 798 nimenta
253 763 488 807 praetendant,
517 768 548 795 et
573 762 728 795 sudorem
757 774 775 794 a
806 763 916 806 capite
943 762 1146 795 defluentem
1174 762 1357 806 depellant.

184 815 386 848 lntercilium
413 827 492 847 vero
519 820 565 847 est
591 814 737 846 medium
765 814 849 846 illud
876 814 959 845 inter
985 814 1182 858 supercilia,
1211 813 1303 857 quod
1332 815 1399 845 siue
1428 813 1504 856 pilis·
1531 818 1588 845 est.

247 866 306 900 43.

83 919 217 952 barbae.

362 867 479 899 (ienae
494 872 567 899 sunt
584 866 753 898 inferiores
769 865 944 898 oculorum
959 871 1086 909 partes,
1113 865 1202 898 unde
1217 866 1341 898 barbae
1368 864 1537 898 inchoant.

271 918 359 951 Hinc
386 923 417 950 et
445 930 569 962 genae,
597 917 690 960 quod
718 917 794 949 inde
821 917 979 961 incipiant
1005 918 1130 950 barbae
1157 917 1252 962 gigni
1263 914 1297 948 ⁴⁶.

247 969 306 1001 4⁴.
360 969 473 1003 Malae
500 975 573 1002 :suut
601 969 779 1002 eminentes
805 969 865 1001 sub
894 969 998 1002 oculis
1026 975 1154 1013 partes,
1191 969 1234 1001 ad
1269 967 1514 1013 protectionem
1550 978 1665 1000 eorum
1702 968 1906 1011 suppositae.

1592 864 1679 896 Nam
1703 864 1834 898 Graece
1861 866 1997 910 γένειον
2008 864 2033 883 '¹⁵

1963 968 2032 1001 Vo-

84 1026 177 1055 catae
204 1027 313 1054 autem
342 1022 467 1061 malae,
494 1022 562 1054 sive
589 1021 680 1064 quod
708 1021 793 1053 infra
817 1021 934 1054 oculos
960 1021 992 1053 iu
1014 1021 1252 1054 rotunditatem
1280 1015 1545 1064 promineant⁴⁷‚
1581 1031 1668 1062 quae
1694 1018 1817 1053 Graeci
1843 1020 1941 1066 μῆλα
1969 1032 2032 1064 ap—

663 1070 688 1089 le

84 1074 224 1117 pellant,
251 1074 318 1105 sive
345 1073 435 1115 quod
464 1073 525 1105 sint
550 1084 650 1117 super
715 1072 872 1105 maxillas.

245 1123 305 1159 ⁴5.

1072 1172 1095 1191 {9

360 1124 520 1157 Maxillae
547 1136 607 1168 per
634 1124 887 1157 diminutionem
913 1135 932 1156 a
960 1124 1071 1162 malis3
1100 1124 1183 1157 sicut
1210 1124 1353 1168 paxillus
1382 1136 1399 1155 a
1426 1123 1529 1167 palo,
1565 1122 1696 1154 taxillus
1725 1134 1742 1153 a
1771 1122 1851 1155 talo.

186 1176 406 1208 Mandibulae
435 1182 507 1209 sunt
535 1176 740 1208 maxillarum
768 1181 897 1220 partes,
925 1187 965 1207 ex
992 1188 1059 1218 quo

1124 1181 1155 1208 et
1183 1187 1304 1208 nomen
1332 1176 1467 1207 factum.

185 1229 330 1262 Barbam
358 1233 484 1260 veteres
511 1233 730 1266 vocaverunt,
759 1227 851 1269 quod
874 1227 1019 1258 virorum
1045 1227 1100 1267 sit,
1129 1238 1194 1258 non
1223 1227 1408 1259 mulierum.

319 1329 511 1373 foventque
539 1330 593 1361 his
619 1329 762 1362 auribus
789 1328 900 1362 hausi.

86 1385 140 1412 aut
167 1380 242 1423 quia
270 1392 387 1413 vocem
414 1381 519 1424 ipsam
544 1381 666 1414 Graeci
695 1377 841 1426 azssdrfvff‘

85 1432 177 1474 quasi
200 1432 300 1464 audes
328 1437 535 1476 nuncupatae
562 1437 641 1466 sunt.

85 1495 197 1516 earum
225 1495 340 1515 sonum
370 1480 493 1518 sacit³³.

187 1531 362 1567 ΡίιιηυΙειῇι
389 1546 516 1566 summa
538 1545 615 1578 pars
643 1533 728 1566 auris
756 1533 798 1565 ab
818 1533 970 1566 acumine
997 1532 1094 1565 dicta.

86 1592 118 1618 et
144 1586 295 1630 bipennis·
322 1591 354 1618 et
385 1586 493 1629 pinna.

874 1384 1010 1418 vocant,
1044 1380 1086 1411 ab
1119 1379 1244 1413 auditu.

696 1432 769 1464 vox
798 1431 883 1464 enim
908 1442 1100 1475 repercussa
1133 1442 1195 1475 per
1222 1430 1387 1463 anfractus
1415 1440 1483 1472 quo
1511 1438 1640 1461 sensum
1669 1426 1835 1471 excipiant
1863 1425 2031 1464 audiendi,

360 1280 498 1311 Aurium
524 1279 663 1311 inditum
676 1275 701 1294 ⁵⁰
728 1289 849 1310 nomen
876 1290 895 1309 a
922 1278 1058 1310 vocibus
1086 1277 1294 1318 hauriendis,
1330 1277 1419 1309 unde
1446 1280 1479 1308 et
1516 1273 1676 1318 Virgilius
1690 1270 1731 1305 ⁵¹:

1299 1379 1363 1411 Per
1390 1376 1653 1410 immutationem
1682 1375 1769 1407 euim
1795 1374 1908 1407 literae
1936 1386 2031 1408 aures

1147 1532 1288 1564 Pinnum
1317 1532 1403 1564 enim
1421 1530 1545 1573 antiqui
1574 1533 1708 1561 acutum
1736 1527 1910 1567 dicebant,
1945 1527 2032 1560 unde

247 1636 306 1670 47.
359 1638 464 1670 Nares
491 1635 618 1669 idcirco
645 1636 872 1677 nominantur,
901 1635 978 1678 quia
1001 1646 1062 1679 per
1090 1646 1144 1667 eas
1167 1634 1253 1666 odor
1266 1630 1290 1651 ⁵⁵
1317 1633 1371 1666 vel
1393 1632 1523 1677 spiritus
1544 1627 1656 1664 naref'fi
1687 1641 1753 1662 non
1781 1629 1914 1672 desinit,
1942 1626 2032 1662 vel⁴⁷¹⁷

84 1688 161 1731 quia
189 1700 246 1720 nos
274 1688 379 1721 odore
407 1688 607 1726 admonent,
648 1692 683 1719 ut
714 1683 894 1719 ιιοῐίῐῐιιις58
921 1686 1045 1729 aliquid
1081 1697 1121 1719 ac
1132 1682 1156 1702 5⁹
1183 1686 1333 1719 sciamus.

432 1740 596 1773 Olfecisse
625 1739 711 1771 enim
738 1743 865 1772 veteres
891 1739 988 1771 scisse
998 1735 1021 1754 ⁶¹
1050 1737 1216 1771 dicebant.

85 1739 191 1784 ignari
216 1740 380 1774 dicuntur.

87 1813 173 1841 soule-
197 1814 276 1851 vulg.
304 1831 345 1835 —
383 1814 432 1851 38)
458 1816 665 1852 cuiuscunque
689 1814 736 1842 Ar.
765 1830 799 1834 -
833 1812 878 1852 39)
909 1814 956 1841 Sic
980 1814 1035 1843 Gu.

90 1859 116 1887 1.
134 1859 162 1887 2.
186 1857 234 1886 Ar.
258 1874 299 1878 —
323 1856 407 1894 qaod
428 1857 507 1893 vulg.
539 1874 573 1877 —
607 1861 651 1890 40)
677 1857 725 1884 Sic
751 1856 807 1885 Gu.
830 1858 856 1887 1.
878 1873 919 1877 —
950 1856 1035 1893 Vulg.

89 1898 217 1937 quidum
245 1909 263 1925 α
286 1899 375 1926 lacer.
404 1901 511 1926 mentis
536 1905 603 1937 pul,
627 1898 738 1926 diclux.
764 1914 804 1920 —
837 1898 936 1926 (lictus
966 1903 1036 1937 post

88 1942 259 1969 existimant
291 1943 346 1969 Gu.
368 1943 398 1971 2.
430 1957 465 1962 —
504 1943 550 1978 41)
576 1944 737 1969 aestimant
770 1941 826 1969 Gu.
855 1945 881 1972 1.
910 1958 950 1962 -—
987 1939 1035 1981 49)

87 1984 135 2012 Sic
159 1983 265 2022 scripsi
285 1983 322 2011 de
346 1983 530 2019 coniectura,
555 1994 645 2022 quum
669 1985 698 2013 in
724 1985 781 2012 Gu.
799 1986 824 2014 1.
840 1984 878 2012 sit
900 1984 1036 2011 lamb-'rim

91 2043 126 2047 —
151 2026 208 2056 Gu.
228 2028 256 2056 3.
276 2026 304 2056 4.
329 2024 474 2057 dassiria,
498 2043 534 2046 —
560 2036 605 2064 pr.
621 2037 667 2055 va.
691 2026 837 2054 damn-ia.
863 2042 905 2047 —
928 2028 984 2054 Gu.
1007 2029 1036 2057 2.

88 2068 218 2097 dar-sina
239 2068 268 2097 h.
293 2078 316 2096 e.
339 2068 429 2096 latine
451 2067 598 2096 (lacrima.
621 2085 661 2090 —
692 2069 738 2108 43)
757 2069 853 2096 celant
879 2069 934 2097 Gu.
954 2072 979 2099 1.
995 2084 1036 2088 —·

88 2113 133 2145 44)
158 2116 225 2138 tuta
248 2111 284 2138 al.
308 2121 366 2140 om.
388 2126 428 2132 —
458 2110 504 2148 45)
524 2121 616 2148 genos
639 2111 695 2142 Gu.
714 2116 738 2142 1.
756 2114 784 2142 2.
805 2122 850 2150 pr.
864 2122 908 2139 va.
924 2128 965 2132 —-
984 2122 1037 2149 ge-

88 2164 146 2181 tza-5
169 2154 225 2181 Gu.
244 2156 271 2184 3.
302 2169 344 2175 —-
374 2155 422 2187 46)
448 2153 496 2180 Sic
521 2154 574 2181 (ἆυ.
596 2156 622 2183 1.
641 2169 682 2174 -
708 2156 798 2192 gigni
821 2154 931 2182 barbae
956 2154 1037 2190 vulg.

87 2212 129 2218 —
151 2196 195 2232 47)
214 2195 263 2223 Sic
286 2196 341 2223 Gu.
361 2199 387 2226 1.
409 2212 446 2215 -—
471 2195 556 2232 Vulg.
575 2205 671 2233 prom.
695 2197 726 2223 ιή,
749 2203 803 2224 rol.
819 2197 857 2225 al.
874 2213 912 2218 —-
937 2198 967 2224 in
991 2207 1038 2224 ro-

89 2237 249 2266 tunditate.
273 2254 307 2258 —
335 2238 373 2266 al.
393 2239 575 2274 prominent.
599 2253 638 2258 —
660 2238 708 2274 48)
736 2249 831 2277 supra
851 2250 896 2278 pr.
922 2257 959 2260 —
986 2238 1031 2276 49)

89 2292 122 2308 ex
144 2280 255 2319 quibu-9
278 2281 333 2308 Gu.
349 2283 378 2311 2.
406 2298 441 2301 —
467 2279 512 2318 50)
528 2280 575 2310 Al.
598 2280 737 2307 Auribus
759 2281 948 2309 inditum.——-
975 2282 1032 2310 Pro

90 2324 169 2361 vulg.
189 2322 259 2350 inde
281 2322 397 2349 dictum
419 2322 524 2360 scripsi
545 2332 611 2350 cum
640 2323 726 2350 Arev.
750 2323 890 2353 inditum.
916 2339 956 2346 —·
983 2321 1030 2362 51)

93 2367 136 2394 ait
157 2365 223 2394 add.
247 2366 302 2393 Gu.
319 2367 348 2395 Q.
392 2365 488 2393 Locus
512 2369 555 2393 est
582 2365 653 2393 Aen.
669 2364 717 2399 lv,
739 2366 809 2398 359.
837 2385 871 2389 —-
911 2367 959 2403 5-2)
984 2366 1031 2393 Sic

134 2416 296 2445 Gummi-r.
316 2426 383 2443 LAT.
402 2415 450 2443 lll.

1396 1684 1497 1717 Unde
1525 1696 1544 1717 e
1571 1679 1721 1717 contram
1747 1682 1840 1715 inscii
1867 1692 1907 1715 ac
1934 1681 2032 1714 rudes

1269 1736 1445 1770 Terentius
1458 1733 1500 1768 ⁶²:

1080 1814 1128 1842 Ar.
1143 1830 1184 1834 ——
1205 1810 1329 1842 αὕδύν
1353 1812 1398 1840 ed.
1419 1809 1508 1839 Goth.

1079 1866 1137 1884 non
1164 1856 1305 1891 intelligo.
1330 1856 1385 1883 Gu.
1408 1858 1432 1884 1.
1459 1851 1664 1880 (lltll‘t'eldl'dcn.
1684 1868 1720 1872 —
1747 1852 1804 1878 Gu.
1825 1853 1853 1880 Ω.
1875 1853 1902 1880 4.
1922 1860 1966 1888 pr.
1986 1860 2030 1879 va.

1079 1897 1180 1926 auden
1209 1898 1300 1926 llsszlen.
1326 1914 1367 1919 —-
1391 1899 1448 1925 Gn.
1475 1897 1501 1926 3.
1534 1893 1735 1922 azctle'tzlz'bem.
1788 1893 1932 1931 Suspicor
1963 1890 2032 1922 av'-

1079 1939 1150 1971 ὁὸν
1175 1942 1221 1968 vel
1242 1938 1377 1979 αὐδήν.
1408 1955 1449 1960 -
1479 1937 1527 1974 53)
1549 1938 1596 1965 Sic
1621 1938 1677 1965 Gu.
1696 1939 1720 1967 1.
1749 1952 1789 1958 —
1819 1935 1903 1972 Vulg.
1928 1945 2032 1963 earum

1079 1994 1187 2012 sonum
1200 1986 1303 2021 facit,
1326 1993 1385 2021 quo
1402 1987 1455 2010 etc.
1482 1997 1521 2000 —
1544 1981 1592 2017 54)
1613 1980 1771 2012 Pmrzula,
1789 1988 1940 2016 pennum,
1959 1989 2030 2016 pen-

1078 2038 1120 2054 na
1143 2027 1180 2055 al.
1202 2042 1244 2047 —
1265 2025 1313 2064 55)
1336 2025 1421 2063 Vulg.
1450 2023 1497 2051 vel
1518 2021 1609 2058 odor,
1638 2022 1691 2051 sed
1720 2022 1766 2049 rel
1787 2031 1844 2049 om.
1872 2021 1926 2049 Gu.
1946 2023 1970 2051 1.
1990 2035 2030 2041 --

1079 2069 1126 2107 56)
1150 2079 1276 2096 manare
1298 2069 1394 2099 Gu.1.
1413 2070 1439 2099 2.
1467 2076 1512 2104 pr.
1531 2075 1576 2093 va.
1602 2066 1648 2095 ed.
1674 2064 1763 2093 Goth.
1809 2063 1866 2092 Sed
1891 2074 1963 2090 nare
1987 2068 2028 2090 est

1080 2112 1168 2140 etiam
1200 2122 1246 2150 ap.
1273 2111 1351 2140 Lact.
1382 2110 1418 2138 de
1442 2108 1521 2147 Opis.
1545 2118 1568 2136 c.
1594 2110 1659 2143 11.‚
1696 2107 1774 2136 unde
1796 2116 1843 2134 res
1874 2106 2027 2142 desumpta

1083 2159 1134 2183 est.
1149 2170 1192 2176 —-
1214 2152 1262 2194 57)
1273 2154 1322 2181 Sic
1346 2152 1452 2191 scripsi
1477 2152 1513 2180 de
1534 2150 1716 2180 coniectura.
1733 2167 1774 2172 —
1788 2150 1852 2176 slve
1869 2150 1960 2179 Gu.2.
1978 2148 2025 2174 Ar.

1082 2196 1145 2224 Om.
1169 2196 1249 2233 vulg.
1271 2212 1312 2217 —
1335 2195 1381 2235 58)
1407 2194 1566 2223 odoremus
1590 2194 1647 2222 Gu.
1680 2197 1706 2224 1.
1732 2196 1760 2224 2.
1777 2201 1825 2220 va.
1851 2192 1885 2218 al.
1904 2206 1941 2211 —
1959 2198 2025 2215 am-

1076 2245 1193 2266 monent
1218 2240 1318 2269 Gu.2.
1348 2253 1385 2259 -·
1416 2237 1461 2276 59)
1491 2247 1528 2264 ac
1550 2246 1605 2275 pro
1628 2241 1655 2263 et
1680 2238 1735 2263 (ἆυ.
1763 2238 1787 2265 1.
1812 2236 1839 2264 2.
1856 2243 1899 2271 pr,
1924 2240 1966 2257 va-
1984 2245 2023 2249 —

1076 2283 1120 2317 60)
1151 2281 1235 2309 Unde
1258 2288 1283 2309 et
1307 2286 1412 2309 contra
1437 2281 1493 2308 Gu.
1512 2282 1539 2310 2.
1557 2289 1604 2308 va.
1626 2296 1664 2300 —
1688 2279 1762 2305 llaec
1790 2281 1892 2303 contra
1914 2281 1957 2308 pr.
1982 2285 2022 2291 —

1075 2321 1124 2362 61)
1147 2326 1237 2352 scisse
1260 2330 1367 2353 veteres
1391 2324 1446 2352 Gu.
1469 2325 1498 2354 2.
1534 2338 1575 2343 —
1611 2320 1659 2360 62)
1682 2321 1798 2349 Terent.
1823 2311 1946 2350 Adelph.
1972 2311 2021 2348 111,

1075 2366 1104 2401 3,
1129 2365 1177 2397 43.

1554 1809 1610 1837 Sed
1636 1809 1706 1846 quid
1726 1807 1813 1836 codd.
1834 1807 1928 1835 velint
1952 1807 2030 1843 dare,

1547 2416 1572 2445 Y
1588 2425 1611 2456 ιν
