2203 2829
180 89 255 125 198
877 82 1056 118 ISIDORI
1083 83 1267 123 HISPAL.
1293 85 1437 121 EPISC.

345 182 379 217 3.
432 182 536 216 Liber
562 184 610 215 est
636 178 773 213 interior
799 178 910 212 tunica
939 179 1089 220 corticis,
1117 191 1204 224 quae
1229 180 1324 226 ligno
1353 179 1514 214 cohaeret
1525 177 1546 214 ¹.

410 233 487 268 Nec
512 234 559 276 si,
588 244 666 266 cum
693 230 845 264 moriens
867 231 945 264 alca
972 227 1084 264 ῑὶὂοεν2
1110 231 1234 265 haeret
1261 233 1295 266 in
1322 233 1426 266 ulmo.

183 287 286 322 Unde
313 291 346 320 et
371 286 457 319 liber
485 285 622 324 dicitur,
657 284 690 316 in
716 293 784 327 quo
811 283 1004 325 scribimus,
1039 281 1139 327 quia³
1166 290 1241 318 ante
1264 296 1360 317 usum
1397 289 1527 325 cartae,
1562 284 1616 317 vel
1652 282 1943 319 membranarum⁴
1974 286 2018 319 de
2045 286 2133 319 libris

183 341 342 374 arborum
363 337 530 371 volumina
556 336 701 376 fiebant,
731 335 765 368 id
800 340 849 369 est
875 335 1209 380 compaginabantur.
1270 336 1372 370 Unde
1404 341 1437 369 et
1471 336 1649 381 scriptores
1675 349 1695 370 a
1720 338 1811 371 libris
1844 339 2002 372 arborum
2028 338 2133 371 libra-

183 393 249 426 rios
275 394 486 425 vocaverunt.

497 472 526 507 C
553 473 585 506 A
611 472 649 506 P.
703 471 793 505 XIV.

348 552 382 585 l.
435 545 630 584 Librarios⁵
665 553 741 582 ante
770 549 974 595 bibliopolas
1012 550 1127 584 dictos.
1180 551 1323 585 Librum
1358 552 1445 585 enim
1483 550 1606 584 Graeci
1633 548 1783 596 βίβλονὸ
1809 556 1939 586 vocant.
1990 551 2132 584 Librarii

185 611 297 640 autem
323 599 450 636 iidem⁷
477 601 651 646 antiquarii
678 606 856 642 vocantur,
884 602 943 635 sed
970 602 1096 634 librarii
1124 608 1216 644 sunt,
1244 604 1301 647 qui
1328 615 1413 637 nova
1442 603 1589 637 scribunt
1616 607 1649 635 et
1671 608 1783 636 vetera
1793 600 1821 644 ⁹3
1857 603 2048 648 antiquarii,
2075 603 2132 647 qui

183 655 418 692 tantummodo
444 660 573 695 vetera,
601 653 690 686 unde
719 658 751 686 et
777 665 899 686 nomen
921 658 1139 698 sumpserunt.

347 706 380 740 2.
434 707 465 740 A
491 705 668 740 scribendo
695 710 805 738 autem
833 706 939 739 scriba
966 717 1088 738 nomen
1115 706 1262 750 accepit,
1290 707 1444 741 officium
1473 704 1659 749 exprimens
1688 706 1841 739 vocabuli
1867 706 2035 750 qualitate.

347 767 381 800 3.
434 767 654 800 Instrumenta
674 770 750 799 sunt
772 762 964 800 scribendi⁹
990 766 1137 800 calamus
1164 771 1196 799 et
1223 778 1342 811 penna.
1396 767 1447 800 Ex
1481 765 1534 797 his
1566 765 1653 797 enim
1685 766 1788 799 verba
1821 767 1955 812 paginis
1985 766 2132 811 infigun—

182 828 252 861 tur,
279 819 338 854 sed
366 819 514 852 calamus
535 819 663 851 arboris
690 823 755 858 est,
783 829 893 862 penna
917 818 995 859 avis,
1023 818 1113 852 cuius
1139 829 1281 852 acumen
1293 816 1316 835 ¹⁰
1342 819 1374 851 in
1402 818 1471 851 duo
1499 817 1656 850 dividitur
1669 813 1703 859 ¹¹,
1730 819 1764 850 in
1790 822 1862 851 toto
1890 829 2032 863 corpore
2059 817 2133 850 uni-

185 880 253 908 tate
266 870 289 890 ¹²
316 876 455 912 servata,
484 870 587 904 credo
614 874 755 914 propter
779 870 981 913 mysterium,
1009 874 1043 901 ut
1063 870 1095 902 in
1118 870 1249 903 duobus
1277 870 1428 915 apicibus
1455 874 1548 902 vetus
1570 874 1603 902 et
1622 879 1746 903 novum
1767 875 1999 903 testamentum
2019 870 2132 915 signa-

183 931 274 960 retur
286 921 327 966 ¹³,
361 923 482 966 quibus
510 922 702 966 exprimitur
728 921 822 954 verbi
849 927 1089 954 sacramentum
1115 923 1276 967 sanguine
1304 922 1464 967 passionis
1491 921 1644 953 effusum.

347 974 381 1007 4.
437 974 551 1008 Dictus
577 978 688 1006 autem
723 973 890 1013 calamus,
924 972 1017 1016 quod
1049 973 1214 1017 liquorem
1244 979 1349 1019 ponat
1363 971 1397 1008 ¹⁴.
1450 972 1552 1006 Unde
1588 979 1621 1006 et
1655 972 1747 1018 apud
1779 978 1893 1006 nautas
1929 973 2040 1006 calare
2067 983 2132 1016 po-

181 1041 260 1062 nere
287 1027 418 1061 dicitur.

348 1076 382 1112 5.
436 1078 550 1110 Penna
577 1079 688 1108 autem
717 1087 736 1107 a
762 1074 945 1119 pendendo
973 1079 1107 1116 vocata,
1135 1075 1168 1108 id
1198 1081 1246 1109 est
1273 1076 1432 1112 volando.

346 1137 380 1169 6.
434 1137 532 1169 Folia
555 1140 667 1168 autem
694 1135 855 1167 librorum
883 1136 1069 1180 appellata,
1102 1137 1170 1169 sive
1205 1148 1245 1169 ex
1281 1135 1493 1169 similitudine
1528 1135 1686 1168 foliorum
1714 1136 1889 1177 arborum,
1927 1136 1993 1168 sive
2007 1132 2031 1152 ¹⁵
2058 1135 2134 1178 quia

182 1202 223 1224 ex
249 1189 384 1223 follibus
411 1189 512 1229 fiunt,
547 1187 583 1220 id
611 1191 658 1219 est
685 1198 724 1218 ex
748 1187 906 1229 pellibus,
939 1199 1026 1230 quae
1054 1187 1097 1220 de
1124 1188 1238 1221 occisis
1266 1188 1453 1232 pecudibus
1481 1186 1613 1222 detrahi
1640 1187 1764 1229 solent,
1799 1188 1889 1221 cuius
1926 1193 2037 1232 partes
2070 1198 2133 1231 pa-

181 1243 283 1287 ginae
309 1241 482 1283 dicuntur,
511 1250 552 1272 eo
584 1237 676 1281 quod
704 1237 764 1269 sibi
791 1237 930 1270 invicem
959 1239 1238 1283 compaginantur
1251 1236 1283 1271 ¹¹⁵.

1599 180 1652 214 De
1678 192 1747 226 quo
1775 182 1949 229 Virgilius:

872 471 940 506 De
983 471 1197 508 librariis
1243 480 1281 509 et
1323 484 1468 509 eorum
1504 472 1821 509 instrumentis.

1486 1076 1547 1109 Est
1574 1075 1680 1113 enim,
1708 1080 1744 1108 ut
1771 1075 1933 1117 diximus,
1961 1075 2080 1108 avium.

348 1299 382 1332 7.
436 1299 560 1332 Versus
588 1302 698 1330 autem
725 1298 835 1330 vocati
862 1298 968 1342 vulgo
982 1295 1023 1339 ¹⁷,
1064 1299 1143 1341 quia
1170 1300 1216 1332 sic
1243 1297 1431 1332 scribebant
1459 1297 1600 1341 antiqui,
1635 1297 1718 1331 sicut
1745 1303 1854 1331 aratur
1880 1303 1979 1334 terra.
2033 1298 2064 1331 A
2091 1298 2134 1329 si-

181 1353 282 1386 nistra
310 1351 397 1385 enim
426 1351 469 1384 ad
497 1350 667 1383 dexteram
680 1345 704 1365 ¹²³
730 1348 876 1393 primum
905 1350 1121 1383 deducebant
1148 1352 1277 1391 stilum,
1309 1349 1430 1383 deinde
1465 1350 1743 1383 convertebantur
1770 1351 1812 1383 ab
1839 1350 1995 1383 inferiore
2007 1345 2041 1390 ¹⁹,
2069 1346 2134 1382 et²⁰

183 1400 325 1437 rursus²¹
354 1402 397 1435 ad
425 1403 598 1435 dexteram
623 1412 751 1441 versu5‚
779 1412 863 1444 quos
892 1407 924 1434 et
950 1399 1092 1434 Ιιοιίἰε22
1118 1403 1229 1437 rustici
1257 1414 1368 1435 versus
1395 1406 1527 1434 vocant.

347 1454 383 1489 S.
438 1453 576 1487 Scheda
603 1458 669 1493 est,
708 1452 800 1496 quod
835 1452 949 1487 adhuc
985 1453 1198 1496 emendatur,
1234 1458 1267 1486 et
1293 1453 1438 1487 necdum
1465 1453 1498 1486 in
1532 1452 1624 1485 libris
1650 1452 1823 1486 redactum
1852 1457 1916 1496 est,
1948 1457 1980 1486 et
2013 1463 2134 1485 nomen

184 1502 266 1540 est²³
295 1505 482 1547 Graecum,
504 1505 586 1538 sicut
613 1509 646 1537 et
657 1500 682 1520 ²⁴
709 1509 829 1538 tomus.

526 1606 555 1640 C
582 1607 614 1640 A
640 1607 676 1639 P.
731 1606 804 1639 XV.

353 1685 384 1717 l.
438 1683 591 1717 Canones
620 1684 871 1729 evangeliorum
904 1683 1101 1716 Ammonius
1112 1679 1136 1700 ²⁵
1166 1680 1424 1717 Alexandriae²⁶
1453 1681 1602 1728 primus²
1641 1683 1864 1728 excogitavit,
1890 1694 1992 1726 quem
2019 1687 2135 1727 postea

186 1737 348 1772 Eusebius
383 1735 601 1769 Caesariensis
633 1742 762 1770 secutus
796 1735 925 1779 plenius
961 1735 1158 1779 composuit.
1219 1736 1285 1777 Qui
1321 1736 1398 1768 ideo
1432 1735 1513 1769 facti
1543 1740 1634 1774 sunt,
1670 1739 1706 1767 ut
1739 1746 1800 1779 per
1835 1746 1891 1768 eos
1925 1735 2070 1767 invenire
2102 1740 2135 1768 et

187 1785 306 1824 scirem
331 1788 496 1832 possimus
506 1784 548 1830 ²⁹,
576 1788 633 1832 qui
660 1788 865 1831 reliquorum
893 1787 1185 1832 Evangelistarum
1212 1788 1328 1821 similia
1349 1793 1405 1821 aut
1431 1786 1568 1832 propria
1600 1786 1751 1819 dixerunt
1761 1783 1795 1818 ³⁰.

352 1839 386 1872 2.
437 1839 521 1872 Sunt
555 1846 667 1874 autem
699 1850 838 1873 numero
872 1838 1008 1881 decenn,
1056 1849 1201 1882 quorum
1235 1841 1363 1884 primus
1393 1839 1539 1873 continet
1567 1849 1741 1881 numeros,
1778 1838 1812 1870 in
1845 1837 1964 1881 quibus
1991 1841 2134 1881 quatuor

884 1606 955 1639 De
998 1606 1302 1640 canonibus
1341 1606 1789 1651 Evangeliorum.

1604 1680 1615 1699 7

272 1947 304 1989 1)
325 1948 412 1986 Vulg.
433 1953 598 1986 sequuntur
618 1948 710 1978 haec:
742 1950 776 1977 in
797 1958 862 1987 qua
883 1949 1007 1986 antiqui
1030 1949 1140 1976 scribe-

188 1992 277 2028 bant,
302 1991 384 2029 quod
415 2001 472 2020 om.
495 1992 550 2019 Gu.
579 1995 604 2023 1.
631 1994 658 2022 2.
687 2007 722 2014 -
761 1991 792 2029 9)
816 1992 865 2020 Sic
881 1992 938 2019 Gu.
958 1995 984 2022 1.
1005 2001 1019 2019 e
1036 1991 1143 2028 virgil.

188 2035 253 2063 Ecl.
268 2035 307 2070 X,
324 2036 374 2065 67.
389 2050 431 2055 —
454 2033 540 2072 Vulg.
565 2036 614 2062 Sic
638 2034 705 2062 alta
728 2034 802 2061 liber
824 2039 880 2065 etc.
903 2041 966 2061 aret
984 2044 1041 2073 pro
1064 2035 1140 2062 leae-

188 2083 232 2105 ret
255 2087 270 2106 e
293 2076 376 2114 Virg.
400 2077 519 2115 scripsit
549 2077 638 2107 Arev.
667 2093 711 2099 —
742 2078 773 2114 3)
798 2076 880 2115 qnod
901 2077 957 2105 Gu.
979 2080 1009 2108 2.
1034 2092 1075 2097 --
1109 2078 1140 2112 4)

190 2120 239 2148 Sic
263 2120 318 2148 Gu.
340 2123 366 2150 1.
390 2135 433 2140 —-
462 2120 705 2148 membranorum
728 2120 784 2147 Gu.
810 2122 838 2151 2.
861 2120 914 2151 Ar.
933 2136 973 2141 —
1003 2118 1033 2159 5)
1054 2119 1140 2155 Vulg.

191 2168 308 2191 constat
331 2161 417 2197 add„
444 2162 526 2201 quod
550 2173 608 2191 orn.
632 2163 687 2190 Gn.
714 2164 741 2192 1.
769 2165 796 2193 2.
816 2162 852 2190 al.
887 2179 922 2184 ——
962 2165 989 2199 6)
1013 2162 1141 2190 biblium

194 2204 249 2234 Gn.
267 2208 294 2236 1.
316 2222 358 2228 —
380 2204 409 2243 7)
432 2207 481 2233 Sic
495 2205 544 2233 Ar.
563 2203 712 2235 va.—i‹l
736 2211 779 2231 est
801 2204 880 2232 idem
902 2204 1000 2242 vulg,
1024 2216 1098 2242 quae
1115 2211 1141 2233 ct

194 2246 285 2282 add„
309 2247 391 2286 quod
414 2259 473 2277 om.
498 2249 556 2277 Gu.
577 2251 603 2279 1.
619 2250 647 2279 2.
666 2258 714 2285 pr.
730 2247 777 2276 Ar.
797 2264 837 2269 —
861 2248 890 2284 S)
913 2248 962 2275 Sic
981 2248 1037 2276 Gu.
1057 2250 1083 2279 l·
1101 2263 1140 2270 -

194 2289 281 2326 Vulg.
306 2292 356 2326 qui
379 2296 406 2317 et
426 2302 505 2319 nova
527 2296 553 2319 et
576 2296 631 2320 vet.
652 2290 741 2317 scrib.
756 2306 798 2311 -—
820 2288 849 2328 9)
868 2291 917 2318 Sic
943 2290 998 2317 Gu.
1012 2293 1036 2321 1.
1053 2291 1140 2318 al.—

194 2331 283 2369 Vulg.
307 2333 430 2362 scribae.
455 2350 491 2356 —-
524 2337 566 2368 10)
591 2343 732 2361 cacumen
755 2333 810 2360 Gu.
834 2335 859 2362 1.
883 2348 924 2354 —-
954 2335 996 2367 11)
1017 2333 1064 2361 Sic
1085 2335 1141 2361 (ἆυ.

198 2378 226 2406 1.
251 2374 329 2414 (dia)
355 2377 384 2405 2.
406 2385 451 2414 pr.
467 2387 513 2406 va.
544 2377 592 2405 Ar.
623 2394 660 2399 -—
693 2377 737 2414 1⁰2)
762 2377 844 2402 m'tae
873 2375 940 2404 add.
965 2375 1022 2404 Gu.
1049 2379 1078 2408 2.
1102 2393 1139 2397 —-

1184 1951 1227 1984 13)
1250 1949 1478 1987 significaretur
1502 1947 1541 1977 al.
1563 1963 1605 1968 —
1629 1948 1674 1984 14)
1698 1946 1828 1985 deponat
1850 1951 1880 1976 et
1897 1956 1968 1975 mox
1991 1945 2133 1984 deponere

1183 1991 1219 2020 al.
1246 2008 1287 2013 —
1320 1992 1366 2029 15)
1387 1991 1436 2019 sie
1459 1991 1516 2018 Gu.
1535 1993 1561 2021 1.
1577 2006 1618 2012 ·—-
1642 1990 1726 2028 Vulg.
1748 2001 1811 2018 seu.
1834 2005 1877 2010 —
1900 1992 1943 2027 16)
1966 1990 2015 2017 Sic
2029 1989 2086 2018 Gu.
2106 1992 2131 2021 1.

1183 2035 1220 2063 al.
1236 2050 1274 2056 --
1293 2036 1526 2072 compingantur
1550 2033 1630 2070 vulg.
1648 2049 1690 2054 -—
1713 2035 1757 2071 17)
1778 2033 1826 2061 Sic
1849 2032 1907 2060 Gu.
1927 2035 1952 2063 1.
1975 2048 2017 2053 ——·
2046 2032 2131 2070 vulg,

1185 2088 1247 2106 voc.
1270 2077 1350 2114 vulg.
1371 2093 1413 2098 —
1445 2074 1490 2115 18)
1513 2075 1648 2103 deutrum
1670 2086 1715 2114 pr.
1739 2075 1767 2104 h.
1783 2076 1802 2105 l.
1826 2080 1853 2104 et
1877 2074 1982 2113 paullo
2005 2079 2133 2114 post.—

1184 2121 1231 2155 19)
1255 2119 1299 2147 cul
1327 2120 1499 2156 inferiorem
1521 2119 1557 2149 al.
1584 2134 1625 2140 —
1661 2122 1709 2155 ΞΟ)
1739 2124 1765 2146 et
1796 2128 1853 2147 om.
1881 2118 1936 2146 Gu.
1964 2120 1990 2147 1.
2021 2127 2068 2146 va.
2092 2134 2130 2139 —

1182 2163 1231 2199 91)
1255 2162 1302 2190 Sic
1328 2163 1385 2190 Gu.
1410 2165 1436 2193 1.
1459 2172 1504 2200 pr.
1522 2171 1568 2191 va.
1590 2177 1631 2181 —
1653 2172 1778 2189 rursum
1801 2160 1880 2198 vulg.
1904 2178 1942 2182 -—
1967 2163 2012 2194 2³2)
2030 2158 2132 2188 hodie·

1183 2216 1240 2243 que
1263 2205 1319 2232 Gu.
1335 2207 1363 2235 2.
1388 2205 1453 2241 Ar„
1478 2204 1528 2242 qui
1551 2210 1577 2231 et
1601 2214 1658 2233 0111.
1682 2221 1724 2225 —
1747 2203 1793 2242 23)
1815 2203 1864 2231 Sic
1877 2203 1933 2232 Gu.
1954 2205 1979 2233 1.
1995 2218 2029 2224 —-
2045 2201 2131 2239 Vulg-

1182 2254 1224 2275 εει
1247 2257 1362 2275 nomen.
1390 2265 1428 2269 —
1457 2248 1504 2282 24)
1530 2253 1556 2274 et
1580 2257 1636 2274 om.
1660 2257 1706 2274 va.
1735 2262 1776 2269 —
1803 2248 1848 2282 25)
1871 2246 2051 2273 Amonimus
2074 2244 2130 2273 Gu-

1185 2293 1211 2322 1.
1228 2306 1268 2310 —
1292 2289 1338 2328 26)
1361 2289 1447 2327 Vulg.
1477 2289 1545 2318 add.
1568 2291 1755 2328 EpiscopuS,
1793 2288 1874 2326 quod
1905 2298 1961 2318 om.
1988 2288 2042 2316 Gu-
2061 2288 2129 2318 1-2-

1183 2333 1218 2361 al.
1248 2350 1285 2355 ——
1309 2329 1356 2371 27)
1376 2334 1513 2370 primum
1536 2332 1573 2361 al.
1596 2348 1632 2353 —
1666 2334 1714 2367 23)
1729 2332 1777 2359 Sic
1796 2331 1853 2359 Gu.
1873 2334 1898 2362 1.
1914 2333 1943 2361 2.
1956 2341 2001 2359 va.
2025 2329 2128 2358 Ar.—

1182 2377 1259 2403 scire
1280 2380 1305 2403 ει
1329 2376 1388 2403 inv.
1411 2375 1492 2413 vulg.
1516 2391 1557 2396 —
1586 2374 1632 2413 29)
1643 2384 1802 2413 possemus
1825 2374 1860 2404 al.
1877 2390 1917 2394 —
1939 2372 1984 2410 50)
2000 2371 2130 2401 dixerim
