2264 2830
756 112 1001 147 ORIGINUM
1042 114 1187 149 LIBER
1222 116 1310 150 xvi.
1942 116 2018 151 515

69 212 159 245 ferro
188 210 296 243 datur.
350 210 447 243 Seres
474 211 561 243 enim
589 209 657 243 hoc
685 220 761 242 curn
789 204 966 241 vestibus²¹⁵

71 264 135 297 alia
166 275 292 308 genera
319 262 396 295 serri
425 273 463 294 ex
490 274 581 295 mera
609 261 679 294 acie
706 265 941 304 temperantur.

989 210 1052 242 suis
1081 211 1293 254 pellibusque
1320 209 1459 242 mittunt.
1511 204 1702 241 Secunda²⁷
1715 208 1886 254 Parthico,
1911 223 2019 256 neque

996 261 1142 295 Caeteris
1169 263 1255 295 enirn
1278 261 1478 294 admiaecetur
1504 260 1638 293 mollior
1665 261 1872 305 complexuS.

238 324 271 355 3.
324 322 520 355 Dill'ereutia
547 322 626 354 ferri
657 321 802 365 plurima
829 323 917 354 iuxta
944 327 1051 354 terrae
1084 334 1199 366 genus.
1253 323 1338 354 Nam
1369 321 1459 352 aliud
1495 321 1597 353 molle
1625 322 1835 366 plumboque
1865 323 2017 361 vicinum,

71 380 219 408 rotarum
253 379 286 407 et
322 375 494 408 clavorum
525 374 635 406 usibus
671 379 809 417 aptum,
843 373 932 405 aliud
967 374 1087 418 fragile
1115 380 1147 407 et
1174 385 1325 414 mosum,
1359 373 1508 405 culturae
1539 378 1646 406 terrae
1683 375 1896 417 conveniens,
1927 376 2020 409 aliud

71 428 232 461 brevitate
259 427 330 459 ⁴<ola
341 423 365 442 ²⁸
393 421 538 469 placet²¹¹
561 426 728 468 clavisque
756 425 933 469 caligariis,
957 426 1046 458 aliud
1075 426 1262 470 rubiginem
1289 425 1386 457 sentit
1413 422 1595 457 celeriusffl.
1649 426 1829 459 Stricturae
1862 434 2019 461 vocantur

72 479 138 511 liae
173 490 303 516 omues.
332 477 424 520 quod
453 489 518 509 non
547 477 578 509 in
603 477 674 509 aliis
710 477 868 517 metallis,
903 489 922 509 a
955 478 1147 521 stringendo
1180 483 1258 521 apte
1286 473 1475 520 ἰιῐιροὶεῑῑο31
1514 477 1690 510 vocabulo.
1731 480 1903 521 Aquarum
1939 490 2018 513 vero

71 542 199 563 suimna
227 530 414 561 differentia
442 525 540 569 enm,
568 529 686 572 quibus
714 529 837 561 ferrum
866 529 1010 562 candens
1038 529 1245 574 immergitur
1259 524 1302 569 ³³,
1336 539 1403 571 quo
1415 524 1438 543 Ἠ
1477 528 1588 559 utilior
1599 524 1623 544 ³³
1650 530 1726 570 liat,
1761 531 1844 563 sicut
1870 527 2019 563 Bilbilim

72 583 104 615 iu
131 581 293 626 Hispania
321 586 353 613 ct
379 580 570 621 Tirrasnua,
592 581 717 614 Comus
744 580 776 612 in
803 580 908 614 ltalia.

236 641 269 673 4.
324 641 361 672 ln
388 640 540 672 acuendo
568 640 657 671 serro
685 641 762 673 oleo
784 640 981 673 delectatior
992 636 1015 657 ³⁷
1043 640 1080 672 lit
1107 639 1211 678 acies,
1246 638 1334 670 unde
1363 644 1394 670 et
1421 638 1620 671 ferramenta
1646 640 1794 673 tenuiora
1806 637 1830 657 ³⁸
1864 642 1941 674 oleo
1966 654 2019 674 re-

73 688 227 738 ιεῑίιιὲζιιί39
254 704 325 724 mos
353 697 416 729 est,
452 704 492 724 ne
528 703 614 734 aqua
648 693 680 723 in
716 693 930 736 fragilitatem
966 692 1132 723 durentur.
1186 691 1217 723 A
1252 691 1342 722 ferro
1375 691 1506 734 sanguis
1540 690 1702 723 humanus
1739 704 1809 724 sese
1844 693 2020 727 ulciscitur.

73 741 308 778 Contactum‘²⁰
342 755 486 786 namque
519 740 691 776 celerius⁴¹
734 744 923 788 rubiginem
956 743 1065 776 traliit.
1121 742 1206 775 Cum
1242 743 1331 773 serro
1365 753 1502 786 magnes
1532 742 1616 785 lapis
1658 745 1871 776 concordiam
1908 744 2018 778 liabet.

73 797 154 830 Sola
182 796 268 828 euim
298 794 383 827 llaec
415 795 551 827 materia
579 795 643 827 vim
668 796 709 827 ab
737 795 804 828 hoc
832 795 946 839 lapide
973 794 1094 838 accipit
1106 790 1139 835 ¹²,
1173 793 1355 836 retinetque
1384 794 1489 837 longo
1523 799 1685 836 tempore.
1739 795 1789 826 Ex
1822 796 1941 828 eodem
1969 797 2018 828 la-

71 847 153 892 pide
180 847 378 880 architectus
405 847 541 889 quidam
570 847 791 879 Alexandriae
819 847 980 890 templum
1005 845 1263 885 concameravit,
1284 845 1372 877 uude
1399 846 1431 877 in
1458 855 1499 878 eo
1526 845 1736 879 simulacrum
1766 846 1854 878 ferro
1885 847 1917 878 in
1944 859 2020 880 aere

72 899 221 944 pendere
248 895 458 933 videretur⁴²¹.
512 898 652 931 Ferrum
679 909 852 931 accensum
874 894 985 942 igne⁴⁴
1013 898 1070 929 nisi
1097 897 1234 930 duretur
1261 897 1388 937 ictibus,
1416 897 1649 940 corrumpitur.
1703 897 1839 929 Rubens
1874 908 1941 930 non
1973 903 2021 930 est

71 951 188 984 habile
210 950 251 982 ad
281 950 506 990 tundendum,
534 961 642 994 neque
669 956 844 993 antequam
873 951 1043 983 albescere
1070 950 1225 994 incipiat,
1263 954 1378 987 aceto,
1410 949 1462 982 vel
1494 948 1638 982 alumine
1670 949 1791 981 illitum
1827 949 1950 982 serrum
1985 950 2021 982 lit

74 1004 156 1035 aeris
183 1002 297 1035 simile.

238 1053 271 1085 ἴ).
326 1053 551 1096 I‘urgamenta
577 1052 667 1089 ferri.
696 1052 817 1096 rubigo
846 1057 878 1085 et
905 1052 1020 1086 scoria.

175 1105 313 1149 Rubigo
338 1109 384 1136 est
409 1103 521 1136 vitium
547 1103 670 1137 rodens
693 1100 863 1145 serrum⁴³‚
892 1105 944 1137 vel
957 1101 977 1120 ¹⁰
1004 1109 1153 1147 segetes,
1195 1105 1285 1146 qua>i
1313 1104 1436 1148 rodigo
1452 1100 1472 1120 Π
1505 1108 1630 1137 mutata
1650 1114 1714 1136 una
1736 1103 1839 1143 litera,
1875 1102 1962 1137 haec
1988 1109 2021 1136 et

73 1168 200 1201 aerugo
212 1154 236 1173 ⁴⁸
263 1157 304 1188 ab
332 1155 516 1189 erodendo.
570 1156 657 1188 Nam
685 1167 812 1201 aerugo
840 1156 952 1188 vitium
981 1161 1029 1187 est
1057 1155 1135 1186 ferri
1161 1155 1204 1187 ab
1233 1155 1406 1188 erodendo
1435 1155 1534 1197 dicta,
1563 1166 1629 1187 non
1661 1155 1703 1187 ab
1727 1160 1926 1188 aeramento.

236 1215 269 1249 6.
324 1215 441 1249 Scor-ia
467 1226 546 1247 vero
573 1221 794 1261 purgamenta
821 1222 853 1248 et
880 1215 993 1247 sordes
1020 1221 1108 1254 sunt,
1142 1226 1228 1257 quae
1262 1216 1340 1260 igne
1371 1211 1646 1258 excoquunturffl.

72 1268 148 1310 quia
176 1267 219 1300 de
246 1268 334 1300 serro
359 1267 529 1301 excutitur.

1700 1215 1744 1246 Et
1783 1214 1871 1248 dicta
1905 1215 2020 1255 scoria,

238 1326 269 1359 Ἰ.
326 1327 496 1370 Rubigine
519 1329 628 1357 autem
657 1331 747 1358 caret
770 1325 905 1365 ferrum,
930 1326 954 1357 si
983 1336 1111 1357 cerussa
1137 1331 1169 1357 et
1195 1325 1293 1370 gipso
1322 1331 1355 1357 et
1381 1325 1507 1368 liquida
1536 1325 1612 1369 pice
1628 1330 1834 1369 perungatur
1849 1321 1881 1357 ⁵⁰.
1936 1325 2020 1359 Item

74 1379 194 1422 rubigo
224 1380 423 1411 ferramenta
444 1389 510 1409 nou
538 1377 638 1418 vitiat,
666 1377 691 1409 εἰ
719 1378 837 1410 eadem
866 1377 1015 1409 medulla
1037 1377 1179 1418 cerxina,
1208 1377 1260 1409 vel
1289 1388 1421 1411 cerussa
1447 1377 1546 1409 mixta
1573 1387 1711 1409 rosaceo
1725 1374 1748 1392 ⁵¹
1777 1377 1912 1421 ungitur
1925 1373 1960 1410 ⁵².

642 1462 671 1495 C
699 1464 728 1495 A
757 1464 793 1495 P.
847 1463 954 1496 xxu.
1036 1463 1071 1496 Ι)
1101 1474 1119 1495 e

241 1532 270 1563 1.
312 1531 491 1563 I'lumbum
517 1530 660 1571 dictum,
689 1527 815 1573 ιμιοιί53
833 1542 872 1563 ex
899 1528 973 1563 eo⁵⁴
992 1533 1137 1575 primum
1163 1531 1236 1575 pilis
1252 1530 1345 1564 sactis
1362 1531 1459 1562 maris
1479 1529 1620 1563 altitudo
1646 1533 1769 1561 tentata
1792 1533 1849 1563 est.
1882 1525 2022 1561 Ηιιὶιιεὲ·5

74 1583 143 1615 duo
164 1595 287 1627 genera
302 1580 326 1599 ³⁸¹
341 1587 424 1623 suut,
453 1583 584 1626 nigrum
613 1578 679 1614 et⁵⁷
696 1582 887 1623 candidum,
913 1582 970 1615 sed
990 1583 1107 1616 melius
1124 1582 1316 1623 candidum.
1340 1581 1432 1625 quod
1457 1582 1547 1626 prius
1561 1582 1594 1614 in
1610 1581 1721 1613 insulis
1746 1580 1903 1614 Atlantici
1926 1580 2022 1612 maris

71 1634 238 1667 inventum
256 1639 312 1667 est.
346 1633 520 1677 Siquidem
545 1637 577 1666 et
602 1633 635 1665 in
652 1633 820 1666 Lusitania
849 1640 880 1666 et
906 1635 938 1666 in
956 1632 1163 1668 Gallaecia⁵³
1190 1634 1348 1680 gignitur,
1376 1630 1538 1666 summam
1564 1639 1651 1665 terra
1678 1643 1830 1674 arenosa,
1855 1637 1886 1664 et
1902 1632 2023 1665 coloris

72 1686 159 1731 nigri
187 1691 219 1719 et
241 1686 393 1730 pondere
405 1682 430 1702 ω
447 1685 568 1730 gravis,
596 1685 814 1718 interveniunt
831 1691 863 1719 et
881 1686 994 1719 minuti
1022 1687 1153 1726 calculi,
1178 1687 1321 1719 maxime
1342 1681 1571 1718 torrentibusffl
1590 1685 1728 1725 siccatis,
1749 1684 1861 1716 lavant
1878 1695 1931 1716 eas
1949 1695 2023 1716 are-

73 1749 140 1775 nas.
168 1743 199 1771 et
227 1738 318 1780 quod
343 1737 481 1769 subsidit
492 1734 527 1775 ⁰²,
550 1744 699 1780 coquunt
725 1738 757 1770 in
784 1738 920 1772 fornace
935 1735 968 1770 ⁶³.
1024 1739 1236 1772 Inveniuntur
1263 1744 1296 1771 et
1325 1738 1357 1770 in
1384 1737 1520 1770 aurariis
1547 1737 1687 1769 metallis
1716 1746 1802 1779 aqua
1829 1735 1926 1767 missa
1953 1735 2023 1768 cal—

1177 1474 1204 1507 p
1232 1463 1244 1495 l
1272 1474 1291 1494 u
1319 1473 1354 1494 m
1382 1462 1403 1494 b
1431 1474 1459 1494 o.

74 1856 123 1884 Sic
157 1857 212 1884 Gu.
237 1859 262 1885 1.
285 1857 312 1884 2.
339 1871 375 1875 -
407 1854 458 1883 cel.
481 1860 553 1883 sent.
582 1854 665 1893 vulg.
696 1871 737 1877 —
774 1856 822 1894 31)
846 1854 895 1882 Sic
918 1855 975 1885 Gu.
1002 1859 1028 1887 1.
1071 1858 1116 1892 48)
1140 1861 1167 1884 et
1188 1855 1262 1884 haee
1285 1866 1397 1893 aerugo
1420 1865 1468 1883 va.
1499 1870 1539 1875 —-
1576 1854 1624 1889 49)
1646 1859 1827 1880 excoczcntttr
1856 1852 1913 1882 Gu.
1936 1856 1966 1884 2.
1990 1870 2023 1875 -—

75 1914 115 1920 -
140 1909 200 1925 voc.
230 1899 299 1934 imp.
332 1896 411 1933 vulg.
430 1912 472 1918 —
503 1899 649 1935 imposuit
677 1908 725 1926 va.
762 1914 799 1919 —
834 1900 880 1932 32)
906 1904 948 1925 est
970 1908 1027 1927 om.
1071 1901 1116 1936 50)
1138 1899 1187 1927 Sic
1218 1900 1273 1927 Gu.
1299 1901 1323 1928 1.
1349 1900 1377 1929 2.
1404 1897 1440 1925 al.
1465 1913 1505 1917 --
1522 1897 1710 1934 perungitur
1734 1895 1815 1933 vulg.
1838 1910 1880 1916 —
1908 1894 1954 1934 51)
1976 1907 2023 1923 ro-

74 1950 123 1970 va,
147 1957 187 1962 --
218 1942 262 1972 33)
288 1940 433 1977 mergitur
461 1939 517 1970 Gu,
538 1942 565 1969 1.
589 1943 617 1972 2.
643 1958 680 1962 --
712 1939 758 1980 34)
782 1942 815 1968 in
838 1951 897 1978 quo
922 1941 979 1971 Gu,
999 1944 1027 1972 1.
1071 1943 1154 1969 sac-io
1180 1942 1237 1971 Gu,
1263 1945 1289 1972 1.
1319 1957 1361 1962 —
1390 1942 1435 1975 52)
1459 1939 1509 1966 Sic
1531 1938 1638 1977 scripsi
1660 1948 1675 1968 e
1698 1938 1754 1966 Gu.
1777 1940 1806 1969 2.
1831 1938 1870 1969 al.
1893 1953 1934 1959 -—
1957 1940 2023 1966 tin-

75 1986 103 2014 2.
126 1999 165 2005 —
193 1980 368 2022 35)util1'11s
391 1981 440 2009 Ar.
464 1997 507 2003 -
543 1980 589 2020 36)
616 1983 730 2011 Bilbili
754 1999 791 2005 -
822 1984 968 2012 Tira-rone
990 2001 1025 2005 —
1067 1986 1158 2023 gitur
1189 1984 1246 2013 Gn.
1274 1986 1302 2014 1.
1321 1998 1364 2004 —
1388 1983 1541 2011 liniantur
1567 1991 1613 2013 va.
1635 1997 1677 2003 —
1708 1986 1847 2019 ungatur
1877 1981 1960 2018 vulg.
1983 1997 2024 2002 —

78 2026 164 2055 Comi
188 2025 235 2053 Ar.
262 2041 297 2045 —-
322 2022 368 2062 37)
392 2022 552 2052 delicatior
575 2024 611 2052 al.
634 2035 648 2054 e
670 2026 746 2054 Plin.
757 2026 899 2064 XXXIV,
925 2026 1027 2058 14.—-
1070 2028 1118 2063 53)
1141 2037 1172 2055 eo
1198 2024 1284 2064 quod
1303 2025 1334 2054 Z.
1361 2040 1398 2046 —
1436 2022 1484 2064 54)
1501 2035 1534 2052 ex
1556 2036 1587 2052 eo
1610 2034 1666 2053 om.
1680 2024 1712 2054 Z.
1735 2041 1777 2047 —
1799 2022 1846 2063 55)
1870 2034 1938 2051 vero
1955 2023 2022 2052 add.

77 2086 114 2090 --
140 2071 187 2104 38)
212 2068 260 2095 Sic
286 2067 341 2094 Gu.
364 2068 390 2096 1.
413 2081 456 2088 —
479 2071 535 2095 ten.
561 2067 636 2104 ferr.
657 2069 737 2107 vulg.
760 2086 801 2091 —
825 2068 873 2110 39)
897 2069 945 2096 Sic
968 2069 1024 2097 Gu.
1069 2069 1148 2107 vulg.
1172 2086 1205 2089 —
1235 2068 1299 2096 Om.
1323 2068 1354 2096 Z.
1377 2067 1432 2096 Gu.
1453 2070 1479 2098 1.
1497 2070 1525 2098 2.
1548 2077 1594 2096 va.
1616 2084 1654 2088 —
1690 2069 1736 2104 55)
1762 2067 1811 2095 Sic
1827 2067 1855 2093 Z.
1874 2066 1931 2094 Gu.
1952 2069 1977 2096 1.
1994 2067 2021 2096 2.

77 2114 103 2142 1.
128 2113 156 2142 2.
185 2121 229 2148 pr.
253 2120 298 2138 va.
322 2108 375 2137 Ar.
398 2124 440 2131 —
462 2110 606 2147 restringi
626 2111 706 2148 vulg.
734 2127 777 2134 —
817 2112 862 2149 40)
890 2112 1025 2140 Contra-
1068 2122 1116 2141 va.
1138 2127 1181 2134 —·
1206 2122 1275 2150 gen.
1307 2109 1369 2138 duo
1390 2109 1471 2147 vulg.
1494 2127 1536 2131 —
1565 2115 1637 2138 sunt
1659 2119 1716 2139 om.
1740 2120 1786 2138 va.
1814 2125 1848 2130 -
1881 2108 1942 2136 duo
1966 2118 2021 2136 om.

76 2159 158 2181 ctum
181 2155 237 2180 Gu-
261 2156 286 2183 1.
309 2155 337 2183 2-
360 2166 402 2172 -
423 2152 468 2188 41)
494 2152 620 2179 calm-ius
643 2163 700 2182 om.
722 2164 769 2182 va.
791 2169 832 2175 —
867 2155 915 2192 42)
939 2165 1024 2182 acce·
1069 2164 1114 2194 pr.
1147 2171 1181 2175 —
1222 2153 1271 2193 57)
1299 2158 1325 2180 et
1348 2163 1404 2182 om.
1430 2162 1478 2181 va.
1512 2169 1547 2173 —-
1588 2152 1634 2191 58)
1666 2152 1715 2181 Sic
1739 2153 1789 2180 Ar.
1812 2167 1854 2173 -—
1887 2151 2020 2180 Gallie-ia

71 2198 118 2235 pit
136 2206 181 2225 va.
207 2214 241 2217 -
269 2193 315 2233 43)
332 2198 364 2220 112
390 2195 421 2221 in
447 2204 477 2221 eo
501 2195 570 2225 sim.
594 2196 659 2222 eius
681 2206 694 2223 e
709 2197 795 2233 ferro
807 2196 897 2234 pend.
915 2198 946 2226 in
959 2208 1026 2225 aere
1067 2197 1150 2234 vulg.
1171 2214 1213 2218 —
1235 2195 1282 2237 59)
1305 2201 1430 2234 sumpta
1452 2195 1489 2225 al.
1512 2205 1557 2234 pr.
1581 2205 1627 2225 va.
1655 2213 1696 2217 -—
1719 2193 1766 2234 60)
1792 2195 1839 2222 Sic
1862 2194 1892 2221 Z.
1917 2194 1972 2220 Gu.
1994 2194 2016 2220 1.

75 2238 138 2267 vid.
163 2238 198 2266 al.
221 2247 265 2276 pr.
288 2252 331 2258 —
360 2235 445 2273 Vulg.
476 2235 554 2264 unde
584 2242 626 2273 et,
660 2237 712 2266 sed
735 2244 761 2266 et
784 2249 840 2269 om.
866 2240 920 2268 Gu.
948 2243 973 2270 1.
998 2242 1026 2270 2.
1068 2241 1099 2270 2.
1124 2239 1159 2267 al.
1181 2249 1226 2267 va.
1250 2255 1291 2259 —
1315 2238 1463 2277 ponderis
1492 2238 1575 2275 vulg.
1610 2253 1651 2259 -
1696 2236 1743 2277 61)
1774 2249 1787 2264 e
1810 2243 1879 2265 torr.
1910 2235 1964 2260 Gu—
1988 2234 2016 2262 1-

76 2282 126 2310 Ar.
159 2299 186 2301 —
232 2278 278 2318 44)
303 2279 350 2306 Sic
376 2278 431 2306 Gu·
459 2281 485 2308 1-
510 2297 546 2301 —
572 2280 638 2317 igni
664 2280 744 2318 vulg.
779 2297 816 2301 -
855 2284 902 2319 45)
927 2284 1026 2321 ipsam
1069 2298 1111 2302 —
1134 2287 1160 2309 ct
1181 2287 1251 2310 τοι-ν.
1276 2282 1331 2309 Gu.
1355 2284 1383 2312 2.
1407 2297 1448 2304 -
1473 2280 1508 2308 ‹le
1530 2286 1603 2309 tor-r.
1627 2280 1662 2308 al.
1687 2290 1731 2319 pr.
1756 2296 1795 2300 ——
1826 2280 1869 2311 62⁷³)
1885 2273 2018 2302 subsedit

77 2324 142 2353 add.
166 2323 245 2359 vulg.
269 2338 309 2343 —
333 2321 398 2350 Om.
423 2321 482 2350 Gu.
510 2324 536 2352 1.
559 2323 587 2352 2.
620 2330 666 2361 pr.
690 2338 724 2344 —·
769 2324 815 2359 46)
845 2326 937 2352 eliam
959 2324 1026 2353 add.
1071 2325 1126 2353 Gu.
1154 2327 1182 2356 2.
1207 2325 1243 2353 al.
1268 2341 1308 2346 —
1343 2326 1388 2360 63)
1413 2324 1462 2353 Sic
1485 2324 1541 2351 Gu.
1560 2327 1588 2354 1.
1612 2339 1652 2344 —
1687 2325 1718 2350 in
1735 2318 1913 2357 sim-mnibus
1936 2316 2015 2354 vulg.

78 2367 157 2403 vulg.
180 2381 211 2387 -—
234 2364 298 2392 Om.
326 2365 381 2392 (ju.
403 2366 427 2393 1.
445 2365 472 2394 2.
495 2374 540 2393 va.
564 2365 617 2394 Ar.
641 2379 680 2384 --
711 2366 756 2398 47)
784 2365 896 2404 rudigo
920 2377 964 2405 pr.
987 2383 1026 2388 --

1492 2417 1618 2450 Ttt*
