2264 2830
794 100 1039 135 omGlNUM
1067 102 1211 136 LIBER
1239 104 1280 137 11.

1957 104 2005 137 93

231 197 264 229 5.
319 197 452 229 Tertius
480 196 598 229 modus
629 200 694 237 est,
733 196 790 239 qui
818 196 975 229 conducit
1009 209 1047 230 ex
1083 195 1311 231 dedicativis²3
1344 196 1533 242 particulari
1571 200 1603 227 et
1635 195 1809 227 universali
1843 197 2005 230 dedicati-

66 262 143 283 vum
157 246 181 266 ²⁰
209 249 408 293 particulare
432 248 593 281 directum
605 245 646 289 ³⁴⁰,
676 253 724 280 ut:
756 248 950 294 Quoddam
982 249 1108 282 iustum
1129 250 1309 283 honestum
1320 246 1362 281 ³¹:
1389 259 1487 281 omne
1502 248 1681 280 honestum
1699 247 1799 280 utile.-
1825 249 2007 292 quoddam

66 303 179 347 igitur
206 302 331 334 iustum
359 300 439 332 utile
450 297 482 332 ³².

230 360 264 393 6.
319 360 464 401 Quartus
495 354 668 399 ino‹lus³⁷',
696 359 752 403 qui
779 356 971 393 conducit³⁴

1007 372 1046 393 ex
1077 361 1269 405 particulari
1297 355 1518 392 dedicativa³⁵
1553 364 1586 391 ct
1623 359 1793 391 universali
1822 358 2007 391 abdicativa

66 412 289 445 dedicativum
318 410 518 454 particulare
546 410 727 451 directum,
764 417 813 444 ut:
853 411 1045 457 Quoddam
1080 410 1242 446 iustum³6
1276 413 1473 445 honestum:
1514 411 1646 444 nullum
1680 411 1860 443 honestum
1887 414 2008 455 turpe.-

65 465 246 509 quoddum
281 458 427 507 igitur³⁷
463 463 588 495 iustum
616 474 681 495 mm
710 467 757 495 est
785 467 897 507 turpe.

231 523 263 556 Ἰ.
318 522 459 562 Quintus
486 522 607 555 modus
636 528 702 563 est,
738 524 795 566 qui
824 523 980 556 conducit
1007 535 1047 556 ex
1073 524 1310 557 universalibus
1347 517 1564 555 dedicativis³

1565 517 1577 536 ‘³
1611 522 1812 566 particulare
1845 521 2009 555 dedicati-

65 586 141 607 vum
168 586 230 618 per
257 574 488 615 reflexionem,
517 581 567 606 ut:
606 573 719 607 Omne
745 575 870 608 iustum
899 575 1096 608 honestum:
1133 587 1231 609 omne
1259 576 1439 608 honestum
1471 573 1612 606 bonum:
1654 573 1833 617 quoddam
1862 569 2009 617 ι’(εζίἰαν39

64 625 187 659 bouum
220 625 284 659 iust
289 637 355 657 11111.

228 686 261 721 8.
316 685 435 718 Sextus
463 685 582 718 modus
609 691 674 725 est,
710 686 766 728 qui
794 686 951 720 conducit
980 698 1018 719 ex
1055 687 1228 720 universali
1255 686 1445 719 dedicativa
1473 689 1506 717 et
1534 684 1706 716 universali
1735 684 1922 717 abdicativa
1948 684 2010 716 ab-

62 734 279 772 (ἰίεειιίνιιιιιω
313 737 496 770 universale
526 749 587 781 per
621 737 853 779 reflexionem,
889 744 940 771 ut:
987 739 1098 772 Omne
1125 740 1250 773 iustum
1279 739 1477 772 honestum:
1518 736 1651 768 nullum
1678 735 1856 769 honestum
1891 739 2010 779 turpe.-

62 790 197 823 mdlum
224 789 337 833 igitur
364 792 466 833 turpe
493 789 628 822 iustum.

226 848 259 881 9.
314 850 482 892 Septimus
505 849 625 881 modus
652 854 716 888 est,
749 849 805 892 qui
834 850 991 883 conducit
1013 863 1052 883 ex
1080 850 1270 896 particulari
1298 854 1331 882 et
1354 847 1528 882 universali
1555 846 1751 880 dedicativis
1785 846 2010 880 dedicativum

62 897 295 945 particulare⁴¹
326 912 386 944 per
411 901 643 943 reflexionem,
672 906 722 934 ut:
754 900 946 947 Quoddam
975 903 1100 936 iustum
1130 903 1327 935 honestum.-
1363 912 1463 934 omne
1494 899 1673 932 honestum
1700 898 1801 931 utile.-
1828 897 2009 942 quoddam

62 954 174 998 igitur
201 953 284 985 utile
310 952 445 985 iustum.

229 1013 287 1045 lt).

339 1011 486 1045 Octavus
513 1011 633 1044 modus
662 1008 759 1053 est⁴²‚
787 1013 843 1056 qui
863 1013 1021 1047 conducit
1049 1025 1087 1046 ex
1111 1013 1348 1046 universalibus
1377 1013 1564 1047 abdicativa
1593 1016 1625 1044 et
1653 1009 1843 1042 dedicativa
1854 1005 1878 1024 ⁴³
1905 1008 2009 1052 parti—

61 1064 179 1098 culare
210 1064 431 1096 abdicativum
445 1060 468 1080 '¹⁴
502 1075 563 1107 per
598 1061 865 1104 reflexionem⁴⁵‚
907 1071 958 1098 ut:
999 1065 1146 1098 Nullum
1173 1069 1276 1110 turpe
1303 1066 1500 1099 honestum.-
1536 1073 1635 1097 omne
1662 1061 1840 1094 honestum
1868 1061 2010 1092 iustum:

63 1116 245 1160 quoddam
279 1112 431 1159 igitur⁴⁰
455 1119 557 1159 turpe
583 1126 649 1147 ηοη
677 1119 727 1148 est
754 1116 890 1148 iustum.

229 1166 285 1200 ll.

339 1167 453 1199 Nonus
482 1167 600 1199 modus
627 1172 694 1208 est,
728 1168 785 1210 qui
811 1168 971 1201 conducit
997 1179 1036 1200 ex
1068 1169 1243 1201 universali
1271 1168 1456 1202 abdicativa
1485 1172 1518 1200 et
1553 1164 1744 1210 particulari
1777 1162 1967 1196 dedicativa
1979 1158 2004 1178 ⁴⁷

60 1218 282 1252 dedicativum
298 1214 322 1234 ⁴⁸
349 1219 550 1261 particulare
578 1230 639 1262 per
666 1219 897 1259 reflexionem,
925 1224 976 1251 ut:
1003 1219 1151 1252 Rullum
1177 1224 1280 1264 turpe
1306 1220 1502 1252 honestum:
1530 1217 1712 1262 quoddam
1740 1215 1919 1247 honestum
1945 1214 2001 1246 ἱιι-

59 1274 168 1303 stum.-
194 1270 373 1315 quoddam
401 1270 513 1313 igitur
543 1270 668 1302 iustum
701 1281 767 1302 uon
799 1274 847 1302 est
875 1266 1021 1314 turpem.

338 1321 519 1353 Formulae
546 1320 681 1353 secundi
710 1320 802 1352 modi
828 1326 902 1353 sunt
928 1326 1086 1363 quatuor:

228 1321 282 1352 12.

222 1372 351 1404 Primus
380 1372 499 1403 modus
527 1376 592 1411 est,
620 1372 677 1414 qui
694 1371 851 1405 conducit
878 1383 917 1404 ex
939 1372 1177 1404 universalibus
1199 1372 1385 1405 dedicativa
1413 1377 1446 1404 et
1473 1369 1660 1403 abdicativa
1687 1367 1914 1399 abdicativum
1931 1367 2005 1398 uni-

60 1423 186 1455 versale
213 1423 376 1456 directum
386 1419 421 1464 ⁵⁰,
450 1428 499 1456 ut:
531 1422 643 1456 Omne
668 1423 795 1456 iustum
822 1423 1020 1456 honestum.-
1045 1424 1180 1456 nullum
1190 1419 1214 1440 ⁵¹
1247 1428 1349 1468 turpe
1375 1423 1573 1456 honestum:
1599 1419 1734 1452 nultum
1760 1419 1874 1463 igitur
1901 1421 2005 1462 turpe

58 1474 184 1507 iustum
194 1470 229 1508 ⁵².

226 1525 280 1557 13.

334 1524 508 1557 Secundus
535 1524 656 1557 modus
685 1520 776 1562 est⁵³,
804 1526 861 1567 qui
889 1524 1048 1558 conducit
1074 1536 1113 1558 ex
1140 1525 1378 1558 universalibus
1389 1520 1414 1541 ⁵⁴
1441 1522 1630 1556 abdicativa
1646 1525 1679 1553 et
1700 1519 1889 1553 dedicativa
1907 1519 2006 1552 abdi-

57 1577 200 1610 cativum
227 1576 410 1609 universale
438 1577 602 1610 directum
613 1572 649 1617 ⁵5,
676 1582 727 1609 ut:
754 1576 900 1609 Rullum
924 1580 1027 1622 turpe
1049 1577 1248 1610 honestum:
1275 1587 1375 1610 omne
1401 1576 1529 1609 iustum
1556 1574 1754 1607 honestum.-
1777 1572 1909 1604 ²1ultum
1927 1571 2001 1616 igi-

56 1632 114 1661 tur
139 1631 242 1673 turpe
268 1629 404 1661 iustum.

57 1712 185 1742 Cassiod.
208 1728 249 1733 —
271 1713 318 1751 30)
341 1711 480 1740 directim
497 1722 542 1751 pr.
562 1712 610 1740 Ar.
635 1728 676 1734 —
698 1711 744 1751 31)
769 1718 811 1740 est
834 1712 905 1741 lton.
928 1713 1007 1744 Cass.

55 1770 98 1776 --
119 1754 166 1794 32)
189 1755 238 1783 Sic
262 1756 318 1785 Gu.
339 1757 364 1785 1.
383 1757 410 1786 2.
435 1765 480 1793 pr.
501 1765 548 1783 va.
578 1755 626 1784 Ar.
648 1755 734 1790 Vulg.
759 1766 828 1794 crgo
852 1755 1007 1793 quoddam

57 1798 171 1824 iustum
185 1798 267 1825 utile.
280 1815 317 1819 —
341 1795 389 1837 33)
412 1803 454 1825 est
469 1798 606 1835 vulgatae
624 1808 680 1825 om.
697 1800 752 1825 (ἆυ.
774 1802 799 1828 1.
814 1814 856 1819 -
878 1797 923 1836 34)
937 1810 1005 1827 con-

56 1838 142 1866 ducit
161 1840 209 1867 vel
222 1839 373 1867 concludit
388 1841 465 1869 Cass.
485 1858 522 1862 —-
546 1840 592 1877 35)
611 1840 782 1868 dedicativo
800 1846 824 1867 ι(
841 1842 1008 1870 universali

56 1881 233 1909 abdicativo
252 1882 457 1910 dedicativum
473 1883 511 1911 al.
536 1883 637 1918 „lnl'ra
653 1885 738 1911 etiam
756 1882 929 1912 dedicativa
950 1894 1005 1922 pro

57 1923 225 1952 dedicativo
246 1929 296 1952 aut
314 1927 445 1953 contra.“
470 1926 558 1955 Arev.
582 1926 612 1954 in
633 1936 712 1955 varr.
732 1926 811 1954 lectt.
848 1943 884 1948 --
918 1926 1005 1954 abdi-

56 1969 189 1994 cativum
204 1978 250 1996 va.
267 1983 308 1988 —
324 1967 534 1995 abdicativum
545 1970 740 2006 particulare
754 1968 902 1996 directum
917 1969 1003 1998 Arev.

55 2009 222 2046 (directim)
247 2010 413 2038 cassiodor.
435 2026 477 2032 —-
500 2009 635 2038 directim
662 2022 708 2050 pr.
743 2028 778 2033 -—
809 2010 856 2051 36)
880 2011 929 2039 Sic
946 2012 1002 2040 Gu.

57 2054 84 2082 1.
100 2054 128 2082 2,
147 2062 191 2082 va.
208 2053 288 2080 Cass.
313 2067 353 2073 —
377 2052 488 2080 honest.
508 2054 579 2081 lust.
596 2054 675 2091 vulg.
699 2071 740 2075 —
763 2056 806 2088 57)
830 2055 878 2082 Sic
902 2054 958 2082 Gu.
977 2058 1001 2085 1.

56 2094 104 2122 Ar.
128 2105 164 2133 pr
190 2105 234 2122 va.
252 2096 335 2123 Cass.
359 2110 398 2116 —
423 2106 491 2132 ergo
510 2096 666 2133 quoddam
681 2097 760 2134 vulg.
785 2113 825 2118 —
847 2094 896 2136 38)
916 2096 1002 2124 dedi-

56 2139 155 2165 cativo
168 2138 249 2166 Gu.l
276 2137 312 2166 al.
332 2135 393 2174 (‚‚ot
406 2137 541 2166 similiter
555 2139 645 2167 alibi“
659 2139 745 2167 Arev.
765 2139 795 2166 in
811 2149 890 2168 varr.
906 2140 1001 2173 lectt.)

54 2189 100 2218 pr.
125 2196 165 2202 —
193 2181 240 2214 39)
264 2180 313 2206 Sic
336 2181 391 2208 Gu.
409 2183 433 2211 1.
450 2182 478 2209 2.
497 2190 541 2218 pr.
567 2191 613 2209 va.
631 2182 678 2210 Ar.
696 2187 724 2210 et
746 2181 789 2209 sic
810 2182 840 2210 in
865 2182 1000 2210 omnibus

54 2231 129 2259 quae
153 2226 335 2259 sequuntur,
358 2222 413 2249 nisi
439 2221 489 2249 ubi
511 2224 682 2252 nominatim
704 2225 854 2261 vulgatam
878 2236 892 2252 a
916 2225 999 2252 libris

54 2274 119 2292 mss.
134 2269 161 2292 et
175 2264 240 2292 aliis
256 2264 405 2292 defensam
424 2264 596 2301 laudavero,
619 2268 763 2305 scriptum
785 2278 845 2295 esse
861 2268 942 2296 scito.
959 2283 996 2288 --

53 2306 101 2343 40)
126 2306 333 2334 abdicativum
351 2318 407 2334 ou).
424 2307 555 2335 Cassiod.
580 2324 621 2330 —-
643 2307 691 2349 41)
715 2320 748 2337 ex
763 2311 932 2338 univer-suli
945 2309 996 2336 de-

1052 1729 1092 1734 —
1110 1713 1158 1749 43)
1181 1713 1229 1742 Sic
1246 1713 1302 1743 Gu.
1322 1715 1348 1744 1.
1370 1723 1416 1752 pr.
1439 1712 1487 1742 Ar,
1512 1727 1553 1732 ——
1584 1708 1760 1737 abdicativo
1783 1713 1809 1735 et
1831 1706 2001 1735 dedicativo

1050 1756 1130 1793 vulg.
1153 1757 1276 1795 Semper
1289 1766 1395 1794 genere
1413 1755 1552 1783 feminino
1576 1752 1652 1780 hanc
1670 1751 1826 1780 formulam
1845 1750 1900 1787 legi
1917 1750 1946 1777 in
1962 1750 2001 1778 li-

1050 1797 1110 1827 bris
1126 1799 1337 1838 manuscriptis
1353 1803 1380 1827 et
1399 1798 1484 1826 editis
1502 1795 1669 1835 putandum
1686 1799 1739 1830 est,
1763 1794 1819 1821 nisi
1835 1793 1885 1820 ubi
1900 1793 2000 1830 vulga-

1049 1846 1107 1869 tam
1134 1853 1149 1870 a
1175 1842 1261 1870 codd.
1282 1841 1447 1869 confirmari
1477 1840 1591 1867 dixero.
1622 1854 1665 1859 ——
1695 1842 1721 1864 et
1746 1835 1917 1864 dedicativo
1943 1846 2000 1865 om.

1050 1884 1176 1912 Cassiod.
1197 1903 1233 1906 —
1259 1895 1291 1912 ex
1308 1883 1475 1912 uniuersali
1494 1881 1663 1909 tledtcatiro
1679 1890 1780 1908 va.-—
1802 1879 1850 1915 44)
1874 1877 1999 1906 abdica-

1046 1929 1144 1954 tivum
1169 1938 1225 1955 om.
1248 1926 1382 1956 Cassiod.
1413 1941 1451 1946 —
1487 1925 1538 1960 45)
1557 1935 1612 1962 per
1627 1924 1792 1961 flexionem
1810 1931 1855 1959 pr.
1882 1938 1922 1942 —
1951 1923 1997 1955 46)

1047 1969 1201 2008 quoddam
1222 1971 1321 2007 igitur
1347 1971 1464 1996 iustum
1487 1978 1546 1995 non
1567 1972 1609 1994 eat
1630 1972 1717 2003 turpe
1733 1963 1864 1993 Cassiod.
1888 1980 1929 1986 -—
1952 1963 1996 2000 47)

1045 2012 1222 2040 abdicativo
1237 2018 1264 2040 el.
1280 2011 1451 2039 dedicativo
1470 2011 1557 2038 Arev.
1570 2026 1611 2030 —
1632 2020 1665 2036 ex
1682 2006 1908 2036 universalibus
1922 2005 1996 2033 Cas-

1045 2055 1119 2083 siod.
1143 2071 1183 2076 —
1214 2054 1260 2093 48)
1283 2054 1493 2082 abdicativum
1512 2051 1644 2080 Cassiod.
1678 2068 1714 2072 --
1746 2048 1795 2090 49)
1819 2046 1930 2087 quudd,
1950 2049 1991 2085 ig.

1044 2099 1162 2125 iustum
1176 2097 1335 2125 honestum
1352 2096 1483 2125 Cassiod.
1504 2113 1535 2116 —
1563 2093 1611 2133 50)
1627 2095 1675 2122 Sic
1690 2094 1746 2122 Gu.
1759 2096 1782 2124 1.
1795 2096 1830 2125 2„
1847 2091 1896 2128 qui
1912 2095 1992 2128 post-

1044 2150 1076 2168 ea
1093 2150 1208 2178 semper
1220 2141 1275 2175 itag.
1299 2140 1351 2168 ubi
1364 2140 1483 2177 vulgata
1502 2142 1639 2166 servatur
1653 2148 1668 2165 a
1685 2136 1780 2167 codd..
1798 2133 1827 2160 id
1844 2132 1990 2161 indicabo.

1042 2199 1083 2204 —
1100 2185 1145 2221 51)
1170 2184 1218 2211 Sic
1235 2183 1289 2210 Gu.
1304 2185 1370 2213 1.2.
1392 2193 1438 2211 va.
1458 2181 1595 2210 Ar.Cass.
1621 2196 1656 2201 —
1683 2176 1763 2204 nihil
1784 2175 1862 2213 vulg.
1880 2193 1917 2197 —-
1941 2177 1987 2211 52)

1042 2227 1160 2253 iustum
1185 2231 1271 2263 turpe
1286 2235 1331 2254 va.
1350 2225 1399 2253 Ar.
1429 2241 1471 2246 —
1503 2225 1602 2261 igitur
1619 2231 1670 2248 nec
1685 2221 1800 2247 iustum
1817 2224 1901 2256 turpe
1915 2218 1987 2245 Cas-

1041 2268 1113 2296 siod.
1137 2284 1177 2290 -—
1207 2271 1254 2303 53)
1278 2274 1319 2295 est
1337 2278 1393 2296 om.
1409 2276 1455 2295 va.
1487 2283 1525 2287 --
1555 2268 1600 2297 54)
1624 2274 1656 2291 ex
1671 2262 1838 2291 universali
1858 2260 1985 2289 Cassiod.

1042 2328 1079 2332 —
1105 2310 1150 2349 55)
1171 2310 1219 2338 Sic
1240 2312 1296 2339 Gu.
1320 2313 1345 2341 1.
1362 2313 1392 2342 2.
1412 2320 1459 2338 va.
1484 2306 1614 2337 Cassiod.
1636 2322 1677 2329 -
1707 2305 1845 2333 directim
1868 2314 1912 2342 pr.
1933 2303 1982 2330 Ar.

55 2347 221 2377 dicativum
239 2350 432 2387 particulare
454 2350 585 2379 Cassiod.
608 2367 641 2372 -—
666 2350 714 2391 42)
737 2358 777 2380 est
792 2363 847 2381 om.
866 2352 997 2381 Cassiod.
1038 2368 1077 2374 --
1103 2352 1219 2382 dictum
1232 2353 1314 2392 vulg.
