2264 2830
801 111 1047 146 ORIGINUM
1084 114 1229 148 LIBER
1256 114 1314 150 111.
1963 117 2035 151 lll

81 210 139 254 qui
174 208 255 243 dum
288 207 435 242 similiter
461 206 699 251 multipiicatus
734 207 850 248 suerit,
883 218 902 240 a
930 219 964 241 se
987 208 1148 242 inchoans
1176 209 1219 242 ad
1248 220 1282 242 se
1311 209 1531 252 convertitur,
1564 204 1634 241 ut²⁹
1669 208 1762 241 verbi
1796 210 1903 254 gratia
1937 212 2034 254 quin-

81 262 175 306 quies
208 261 298 305 quini
332 260 437 306 vigies
470 256 668 303 quinqueffi,
710 259 770 292 ita:

877 307 990 417 Θ

83 431 221 465 Soiidus
249 442 402 464 numerus
430 434 494 469 est,
529 429 585 472 qui
614 427 824 474 longitudine
857 435 890 464 et
922 427 1129 463 altitudine³¹
1166 432 1371 473 continetur,
1409 435 1443 462 ut
1479 435 1551 462 sunt
1578 429 1785 475 pJTamidffl,
1821 429 1935 472 quiin
1963 440 2038 462 mo-

83 483 165 517 dum
193 483 347 517 flammae
375 486 598 526 consurgunt,
633 481 696 513 ita:

880 541 966 643 ἲ]

247 681 282 717 6.
336 681 469 723 Cubus,
497 686 533 714 ut
562 685 635 714 sunt
663 686 805 713 tesserae
816 676 858 723 ³²,
895 681 958 713 ita:

875 750 969 844 Ε

80 859 276 905 Sphaerae,
312 860 433 904 quibus
463 865 513 893 est
547 860 691 904 aequalis
726 859 875 903 undique
910 861 1111 904 rotunditas,
1154 863 1213 895 ita:

911 920 1174 991 ΘΟ

81 1005 288 1050 Sphaericus
314 1010 425 1038 autem
453 1017 607 1039 numerus
637 1011 700 1047 est,
727 1006 786 1050 qui
820 1018 839 1038 a
867 1006 1028 1040 circulato
1057 1018 1198 1041 numero
1233 1005 1474 1050 multiplicatus
1502 1015 1520 1037 a
1548 1016 1582 1037 se
1609 1003 1744 1038 inchoat
1773 1007 1805 1035 et
1832 1002 1863 1034 in
1897 1012 1931 1033 se
1958 1011 2040 1033 con-

80 1058 228 1098 vertitur,
257 1054 327 1091 ιη,33
353 1058 526 1100 quinquies
555 1059 646 1101 quini
675 1059 707 1091 vi
740 1058 855 1103 viginti
882 1060 1029 1102 quinque
1041 1056 1074 1094 Ἠ.
1129 1060 1196 1092 Hic
1222 1059 1364 1092 circulus
1392 1057 1472 1090 dum
1508 1051 1576 1088 in³⁵
1601 1068 1635 1089 se
1665 1051 1808 1101 ipsum⁸⁰
1836 1051 2040 1097 multiplica-

81 1115 131 1142 tus
157 1110 272 1151 fuerit,
309 1109 388 1142 facit
415 1109 611 1154 sphaeram,
648 1110 681 1142 id
710 1116 758 1143 est
784 1110 957 1154 quinquies
989 1111 1085 1144 XXV
1113 1111 1248 1145 CXXV.

1135 329 1232 402 ᾖ

1041 1199 1081 1215 83

1053 1224 1069 1240 Β

158 1280 188 1314 C
215 1281 245 1314 A
273 1281 310 1314 P.
364 1280 455 1314 vlu.

248 1356 282 1390 l.
335 1357 423 1389 Inter
451 1353 741 1389 Arithmeticam³⁷
768 1362 801 1389 et
824 1357 1055 1389 Geometriam
1066 1353 1091 1372 ³3
1118 1361 1150 1389 et
1176 1356 1343 1389 Musicam
1370 1353 1440 1387 hoc
1467 1354 1618 1394 interest,
1646 1355 1682 1386 ut
1707 1351 1820 1385 media
1831 1347 1856 1367 ³⁹
1883 1350 2038 1382 invenias.

85 1406 120 1440 in
148 1406 367 1441 Arithmetica
396 1408 506 1452 primo
534 1409 580 1442 sic
591 1405 617 1425 ⁴⁰
643 1407 773 1451 quaeris
785 1405 817 1442 ⁴¹.
872 1408 1055 1452 Coniungis
1082 1412 1240 1447 extrema,
1268 1412 1301 1439 et
1322 1405 1460 1448 dividis,
1489 1410 1522 1437 et
1549 1404 1630 1438 facis
1656 1404 1825 1437 medium:
1852 1407 1969 1445 utputa
1985 1400 2040 1434 sac

82 1463 228 1492 extrema
256 1471 325 1492 esse
349 1460 396 1492 Vl
424 1464 456 1492 et
482 1459 564 1500 xil,
591 1459 687 1492 simui
715 1460 824 1504 iungis
851 1465 884 1492 et
911 1460 1036 1492 faciunt
1062 1459 1093 1491 X
1120 1464 1152 1491 et
1176 1454 1312 1496 V111⁴23
1338 1457 1470 1501 partiris
1497 1455 1608 1488 media
1636 1460 1669 1488 et
1695 1455 1776 1489 facis
1791 1453 1850 1493 lx,
1878 1452 1972 1496 quod
1992 1457 2039 1484 est

82 1510 294 1556 analogicum
309 1508 333 1528 ⁴³
362 1510 608 1552 arithmeticae,
635 1515 671 1543 ut
698 1508 864 1543 n1e‹lius⁵‘¹
891 1516 974 1555 quot
1000 1510 1201 1543 monadibus
1211 1506 1236 1526 ⁴⁵
1270 1514 1405 1553 superat
1439 1508 1586 1552 primum
1596 1503 1640 1549 ⁴⁵,
1673 1506 1726 1539 his
1736 1503 1760 1522 ⁴⁷
1794 1510 1969 1549 superetur
1995 1504 2037 1537 ab

82 1567 240 1595 extremo.
296 1562 463 1606 Superant
490 1562 577 1594 enim
604 1562 652 1594 IX
680 1562 727 1594 vl
752 1562 856 1595 tribus
884 1562 1098 1601 monadibus,
1123 1561 1175 1594 his
1201 1566 1376 1605 superatur
1402 1572 1422 1592 a
1448 1559 1524 1594 Xll.

1189 1614 1348 1646 Extrema
1375 1611 1596 1655 multiplicata
1623 1613 1750 1643 tantum
1766 1608 1901 1652 faciunt,
1929 1618 2035 1650 quan-

1754 1656 1765 1676 ¹
1801 1659 1980 1704 dipondius
1995 1655 2036 1695 32;

534 1280 600 1313 De
626 1279 906 1326 differentia
939 1279 1296 1319 Arithmeticae,
1341 1277 1633 1311 Geometriae
1667 1280 1706 1309 et
1742 1274 1962 1308 Musicae.

246 1612 279 1645 2.
307 1613 502 1647 Secundum
531 1614 753 1658 geometriam
780 1611 894 1647 vero⁴8
920 1615 965 1647 ita
992 1613 1133 1657 quaeris,
1742 1656 1750 1661 -

80 1670 150 1698 tum
174 1669 206 1697 et
232 1664 343 1698 m'edia
374 1665 596 1710 multiplicata
609 1661 650 1709 ⁴⁹,
686 1669 805 1709 utputa
841 1665 888 1698 Vl
922 1671 954 1699 et
989 1666 1054 1699 ΧΠ
1089 1665 1312 1710 multiplicata
1346 1664 1470 1698 facient
1481 1658 1508 1679 ⁵⁰
1539 1661 1753 1707 septuagies³

80 1716 192 1750 media
220 1716 300 1750 Vlss
328 1722 360 1750 et
389 1717 436 1750 lx
461 1716 680 1762 multiplicata
705 1717 900 1750 tantundem
928 1718 1061 1752 faciunt.

80 1850 122 1855 —
145 1831 192 1872 ⁶27)
216 1839 259 1862 est
279 1844 334 1864 om.
361 1844 407 1864 va.
435 1851 478 1857 --
510 1836 562 1871 28)
586 1845 731 1863 numerus
747 1845 804 1863 om.
822 1844 868 1863 va.
894 1835 1032 1864 Ceterum

81 1886 234 1905 connexus
252 1876 301 1904 hic
319 1878 374 1915 qui
395 1876 470 1905 dum
485 1878 627 1906 Similiter
642 1883 686 1907 est
703 1888 718 1907 e
733 1877 820 1907 codd.
840 1877 970 1909 Gu.1.2.
986 1889 1032 1917 pr.

80 1928 126 1948 va.
147 1917 232 1957 Vulg.
249 1918 420 1948 Circularis
431 1920 506 1948 dum
521 1923 671 1950 similiter.
687 1939 725 1943 —
753 1921 934 1957 circularis,
957 1920 1032 1949 dum

80 1961 199 1990 sibimet
215 1962 347 2000 multipl.
368 1962 456 1991 Arev.
477 1979 519 1985 —
541 1963 589 2004 29)
609 1969 643 1992 ut
660 1963 763 1992 addidi
779 1974 794 1993 e
812 1964 867 1992 Gu.
879 1966 907 1995 1.
921 1974 967 2002 pr.
984 1974 1030 1992 va.

80 2005 118 2034 al.
141 2021 181 2026 —
203 2003 254 2045 30)
279 2006 371 2043 vigies
402 2016 457 2044 pro
480 2008 573 2034 vicies
593 2007 699 2045 scripsi
721 2017 735 2035 e
754 2005 813 2037 Gu.
833 2009 858 2037 1.
881 2023 915 2027 —
938 2008 1031 2044 quin—

80 2049 166 2086 quies
180 2057 236 2086 pro
254 2049 387 2086 quinque
406 2049 461 2077 Gu.
474 2051 499 2080 1.
515 2064 556 2070 ——
570 2052 662 2078 sexies
682 2051 845 2088 quinquies
859 2054 885 2076 et
902 2050 947 2076 itu
965 2049 1032 2080 cod.

80 2088 176 2118 Tolet.
197 2107 238 2113 —-
265 2089 314 2130 31)
336 2090 499 2119 latitudine
514 2095 540 2118 εἰ
564 2091 728 2120 altitudine
744 2091 794 2120 Ar.
818 2107 859 2113 —-·
882 2092 986 2130 longit.
1007 2098 1033 2119 et

81 2132 135 2160 lat.
158 2133 237 2162 Cass.
265 2149 308 2154 —
342 2134 391 2171 32)
422 2139 455 2161 ut
476 2139 547 2161 sunt
567 2141 694 2163 tesserae
716 2134 837 2164 exhibet
859 2134 917 2164 Gu.
935 2138 961 2166 1.
991 2150 1032 2156 ---

84 2174 186 2203 Cubus
199 2181 269 2204 sunt
292 2180 359 2205 less.
374 2176 455 2213 vulg.
486 2191 527 2198 ——
560 2176 607 2216 33)
626 2183 660 2206 ut
678 2187 736 2206 om.
756 2178 813 2206 Gu.
833 2179 859 2208 1.
876 2179 903 2208 2.
921 2187 965 2216 pr.
985 2187 1031 2206 va.

81 2218 148 2246 cod.
165 2218 262 2248 Tolet.
286 2235 324 2240 -—-
347 2218 394 2259 34)
419 2220 513 2257 vigies
527 2221 687 2259 quinquies
702 2221 759 2250 Gn.
772 2224 795 2252 1.
808 2223 836 2252 2.
878 2230 901 2248 r.
918 2229 967 2249 va.

81 2260 127 2288 bis
141 2263 303 2300 quinquies
321 2260 386 2290 cod.
404 2262 501 2291 Tolet.
516 2261 596 2299 goth.
611 2279 652 2284 -
671 2262 718 2302 35)
732 2263 765 2290 in
779 2270 838 2291 om.
853 2230 904 2292 Er.
921 2277 962 2284 —
981 2263 1030 2299 36)

81 2302 130 2331 Sic
147 2304 202 2332 Gu.
218 2308 246 2335 1.
263 2304 329 2333 cod.
347 2305 444 2333 Tolet.
462 2303 543 2342 goth.
555 2305 635 2335 Cass.
658 2320 697 2327 —-
721 2307 786 2344 ipso
805 2306 886 2343 vulg.
910 2322 949 2327 ——
978 2307 1029 2342 37)

82 2343 168 2385 Vulg.
189 2347 256 2376 add.
281 2353 397 2383 autem,
428 2347 510 2386 quod
535 2355 594 2378 om.
610 2348 667 2378 Gu.
685 2350 712 2378 1.
731 2362 773 2370 --
794 2346 841 2388 38)
861 2348 1029 2386 geometri-

1076 1845 1144 1864 cam
1161 1835 1215 1864 Gu.
1232 1836 1260 1865 2.
1277 1833 1343 1863 cod.
1360 1832 1456 1861 Tolet.
1472 1847 1507 1852 ·—
1531 1832 1580 1868 39)
1604 1829 1737 1858 medium
1754 1828 1821 1858 cod.
1838 1828 1932 1856 Tolet.
1948 1826 2028 1865 goth.

1074 1893 1116 1900 —
1138 1877 1268 1906 mediam
1285 1879 1377 1905 elium
1395 1885 1442 1904 va.
1465 1891 1505 1895 ——
1527 1872 1575 1914 40)
1594 1875 1623 1901 si
1643 1874 1700 1904 GU.
1715 1875 1743 1904 1.
1755 1875 1786 1903 2.
1804 1887 1845 1893 —-
1868 1872 1916 1907 41)
1940 1881 2029 1908 quae-

1073 1932 1119 1949 res
1137 1922 1192 1950 Gu.
1206 1923 1235 1952 2.
1258 1935 1300 1942 -—
1323 1920 1367 1952 42)
1391 1918 1439 1946 Sic
1455 1917 1511 1946 Gu.
1528 1919 1554 1947 1.
1570 1916 1637 1946 cod.
1653 1916 1748 1944 Tolet.
1761 1913 1843 1953 goth.
1854 1929 1895 1935 -
1914 1911 2033 1941 XVIII

1072 1964 1154 2001 vulg.
1176 1980 1218 1986 —
1239 1963 1287 2000 43)
1311 1961 1493 1999 cuzulogium
1510 1959 1548 1988 al.
1572 1977 1611 1981 —
1634 1960 1680 1994 44)
1701 1957 1833 1986 medium
1850 1956 1915 1985 cod..
1930 1955 2025 1984 Tolet.

1074 2006 1156 2046 goth.
1178 2023 1221 2028 --
1252 2004 1297 2044 45)
1320 2002 1464 2032 monades
1488 2003 1518 2031 Z.
1541 2019 1583 2024 —
1605 2000 1762 2030 monadica
1783 2001 1839 2030 Gn.
1856 2002 1884 2032 2·
1911 2015 1945 2019 —
1978 1998 2023 2035 46)

1069 2052 1192 2089 primus
1207 2049 1237 2077 Z.
1261 2048 1316 2076 Gu.
1335 2050 1363 2080 2.
1387 2063 1426 2068 -
1449 2044 1497 2086 47>
1520 2045 1569 2074 Sic
1590 2044 1620 2074 h.
1638 2046 1658 2073 l.
1681 2049 1711 2073 et
1729 2053 1803 2072 mox
1827 2043 1883 2072 Gu.
1903 2045 1930 2072 1.
1957 2039 2023 2068 cod.

1075 2093 1169 2122 Tolet.
1189 2090 1272 2129 goth.
1295 2105 1337 2112 —-
1359 2091 1405 2123 43)
1429 2099 1496 2117 vero
1521 2099 1578 2117 om.
1600 2089 1631 2117 Z.
1647 2098 1693 2116 va.
1717 2087 1825 2115 Noster
1847 2084 1923 2113 ordo
1948 2088 1991 2111 est
2006 2092 2021 2110 e

1077 2135 1132 2164 Gu.
1149 2138 1177 2166 1.
1193 2137 1220 2165 2.
1243 2133 1476 2172 (geometricam,
1500 2136 1533 2160 ut
1549 2132 1609 2168 va.)
1624 2140 1670 2169 pr.
1681 2140 1726 2159 va.
1742 2129 1810 2158 cod.
1827 2128 1924 2157 Tolet.
1939 2124 2020 2163 goth,

1073 2196 1116 2200 -—
1137 2176 1184 2218 49)
1208 2176 1370 2214 duplicata
1392 2175 1423 2202 Z.
1439 2174 1495 2202 Gu.
1509 2176 1539 2204 2.
1562 2184 1608 2203 va.
1624 2173 1660 2203 al.
1684 2172 1855 2201 codfsolet.
1873 2168 1954 2208 goth.
1979 2182 2017 2187 --

1073 2220 1119 2260 50)
1138 2221 1265 2258 faciunt
1282 2229 1328 2247 va.
1343 2234 1385 2240 -
1409 2220 1453 2254 51)
1469 2217 1518 2245 Sic
1535 2216 1591 2246 Gu.
1611 2219 1637 2248 1.
1651 2219 1680 2248 2.
1695 2215 1732 2244 al.
1748 2214 1813 2244 cod.
1828 2213 1922 2241 Tolet.
1936 2208 2014 2248 goth.

1072 2273 1117 2291 va.
1131 2273 1176 2302 pr,
1202 2278 1241 2284 -—
1264 2261 1468 2300 septuagesies
1482 2260 1564 2298 vulg.
1584 2277 1619 2281 —
1636 2257 1684 2295 52)
1698 2256 1862 2297 dipondio-5
1876 2254 1942 2283 cod.
1955 2251 2014 2280 Το-

1072 2306 1121 2335 let.
1139 2305 1220 2345 goth.
1243 2320 1284 2326 -·-
1307 2313 1364 2334 om.
1381 2303 1471 2333 Arev.
