2264 2830
747 92 994 127 ORIGINUM

31 193 128 235 Quae
155 198 316 224 structura
329 188 352 208 ²⁷
381 191 500 223 melior
517 190 564 229 lit,
591 189 616 221 si
635 193 852 221 consonantes
873 188 1044 221 vocalibus
1070 190 1284 233 applicantur
1296 185 1330 222 ²⁸.

1035 94 1181 128 LlBER
1211 95 1253 128 11.
1927 94 1976 127 ‘19

1384 188 1501 220 Trium
1518 182 1686 230 quoque²⁹
1714 189 1975 231 consonantium,

31 257 118 289 quae
141 241 208 276 in³‘¹'
234 255 268 275 se
295 242 476 275 incidentes
499 241 635 273 stridere
664 245 695 272 et
722 240 815 283 quasi
842 240 938 272 rixari
965 240 1126 279 videntur,
1155 241 1288 274 vitanda
1316 241 1464 272 iunctura
1487 244 1551 279 est,
1573 239 1606 270 i‹l
1635 244 1699 279 est,
1719 249 1747 272 r.
1766 250 1792 271 s.
1810 251 1863 280 az,
1892 238 1978 273 ut³‘:

33 308 95 330 ars
119 296 330 333 studiorum,
359 305 422 326 rex
445 294 599 335 Xerxes,
628 302 729 324 error
749 292 903 325 Romuli.

34 359 154 382 verum
181 342 316 380 ‹›n1·1n³³⁸.

447 428 476 463 C
502 429 533 462 A
561 430 597 464 P.
651 429 724 464 XX.

204 508 235 540 l.
290 507 325 538 ln
352 506 460 538 verbis
494 518 629 550 quoque
667 505 816 539 cavenda
851 510 923 536 sunt
956 505 1058 544 vitia,

37 560 159 594 Graeci
186 558 415 602 Acyrologian
442 563 572 591 vocant.

958 292 1135 336 Fugicmla
1164 300 1211 326 est
1234 288 1301 325 et³²
1336 303 1520 325 corbonans
1547 302 1580 323 m
1608 290 1692 322 illisa
1720 291 1909 333 vocalibus,
1946 296 1980 324 ut

804 428 877 461 De
928 428 1213 462 iuncturis
1264 428 1566 462 verborum.

1113 510 1148 537 ut
1183 517 1247 537 non
1280 505 1465 549 impropria
1500 505 1601 537 verba
1636 507 1820 548 ponantur,
1861 500 1985 548 qnae³⁴

626 557 779 590 Amauda
806 562 854 589 est
881 567 964 599 ergo
991 557 1196 601 propriata&
1224 557 1270 591 sic
1297 563 1422 597 tamen,
1453 562 1487 589 ut
1514 556 1694 599 aliquando
1710 552 1734 572 ³⁵
1762 561 1902 600 propter
1919 555 1985 588 hu-

37 613 209 645 militatem
233 610 359 641 sordidi
388 615 442 642 aut
470 610 581 654 spurci
609 609 765 643 vocabuli
793 609 953 641 translatis
980 606 1186 642 vocabulis²²⁶
1220 610 1258 641 sit
1290 608 1470 649 utendum,
1506 614 1703 640 nontamen
1731 608 1835 652 longe
1863 608 1985 648 accitis,

38 663 96 696 sed
123 668 159 695 ut
185 662 269 695 veris
296 662 447 706 proxima
475 662 647 695 videantur
676 666 709 694 et
736 665 879 705 cognata
890 656 924 694 ³⁷.

206 722 238 754 2.
293 721 471 765 Fugienda
500 722 597 754 etiarn
626 722 825 766 Hyperbata
853 721 1025 766 longiora,
1053 732 1139 764 quae
1166 720 1238 753 fieri
1266 720 1333 753 sine
1361 719 1501 752 aliorum
1526 731 1677 753 sensuum
1700 718 1894 752 confusione
1922 730 1988 751 non

38 778 185 819 possunt.

244 773 456 817 Ambiguitas
483 785 619 817 quoquc
647 779 678 807 et
714 774 827 806 vitium
861 773 944 805 illud
982 772 1191 813 cavendum,
1235 783 1311 805 cum
1349 771 1486 815 quidam
1530 767 1741 805 iactatione³⁸
1778 771 1989 813 eloquentiae

39 826 150 867 ducti,
184 824 275 867 quod
306 822 408 857 υιιο39
436 830 490 858 aut
518 825 650 858 (luobus
679 825 786 858 verbis
813 825 1000 868 significare
1027 830 1198 869 poterant,
1233 824 1433 868 interpositis
1461 823 1610 856 inanibus
1647 822 1786 856 vocibus
1821 822 1924 866 longa
1958 827 1990 854 et

40 873 292 911 circumflexam
319 877 463 921 ambage
491 877 695 910 concludunt
707 873 748 910 ⁴¹:
776 876 868 920 quod
897 877 1011 909 vitium
1034 876 1278 921 perissologian
1305 881 1425 908 vocant
1436 872 1469 909 η.

204 936 238 970 3.
292 935 353 969 Cui
369 937 569 970 contrarium
593 937 736 970 criminis
764 932 915 970 vitium⁴³

42 989 106 1021 rari
122 984 151 1022 ¹5.

42 1041 150 1085 prima
178 1040 484 1073 Grammaticorum
512 1041 621 1074 studia
647 1045 903 1085 cognoscuntur.

208 988 385 1031 Fugiemla
413 994 486 1021 sunt
513 1000 664 1032 quoque,
701 990 783 1022 sicut
811 989 843 1021 in
878 989 978 1021 literis
1008 994 1041 1021 et
1074 989 1199 1031 verbis,

943 942 991 969 est
1018 937 1061 969 ob
1079 937 1248 969 brevitatis
1275 936 1419 970 studium
1432 931 1455 951 ⁴¹
1478 935 1578 967 etiam
1606 933 1789 966 necessaria
1807 933 1910 965 verba
1938 933 1991 965 su-

1242 989 1248 995 ·
1297 985 1321 1005 ⁴5

1241 993 1285 1020 ita
1354 988 1386 1020 in
1415 986 1580 1019 sententiis
1609 986 1704 1025 vitia,
1744 981 1867 1028 quae⁴⁷
1910 984 1993 1017 inter

206 1099 239 1132 4.
293 1100 376 1133 Sunt
402 1106 512 1133 autem
540 1097 848 1146 cacemphatouffl,
876 1100 1103 1145 Tautologia‚
1124 1095 1314 1144 Ellipsisffi,
1342 1097 1561 1142 Acyrologia,
1589 1096 1818 1141 Macrologia‚
1845 1096 1995 1129 Perisse-

43 1151 152 1196 logia‚
184 1152 398 1184 I‘leonasmos
426 1157 458 1185 et
485 1152 536 1185 his
562 1153 690 1186 similia.

743 1153 790 1186 At
816 1158 932 1186 contra
960 1154 1144 1185 orationem
1172 1151 1299 1184 extollit
1325 1156 1357 1183 et
1379 1155 1516 1183 exornat
1543 1149 1677 1193 energia
1705 1148 1947 1192 Emphasicum
1958 1144 1995 1189 ⁵⁰,

42 1215 128 1247 quae
155 1204 229 1248 plus
255 1203 417 1246 quiddam
431 1200 474 1245 ⁵¹,
502 1216 605 1248 quam
635 1204 754 1237 dixerit
767 1200 809 1245 5²,
836 1204 976 1249 intelligi
998 1204 1098 1245 tacit,
1131 1208 1167 1237 ut
1192 1203 1218 1235 si
1245 1202 1354 1236 dicas:
1394 1202 1456 1234 Ad
1479 1201 1640 1246 gloriam
1668 1200 1844 1244 Scipionis
1871 1209 1994 1233 ascen-

43 1252 151 1297 dam,
178 1260 211 1287 et
237 1251 449 1299 Virgiliusffl:

270 1314 473 1347 Demissum
499 1314 593 1358 lapsi
615 1325 684 1359 per
711 1313 851 1359 sunem.

45 1372 132 1406 Cum
159 1374 246 1406 enim
273 1374 352 1408 dicit
375 1374 475 1418 lapsi,
504 1374 709 1407 altitudinem
737 1373 891 1419 imaginis
918 1367 1116 1418 suggeritffi.

45 1436 132 1468 quae
157 1431 273 1458 natura
299 1437 358 1459 sua
386 1437 510 1471 magna
535 1431 617 1458 sunt.

338 1535 367 1568 C
393 1535 424 1568 A
451 1536 489 1569 P.
541 1535 632 1569 XXI.

1169 1371 1260 1405 Huic
1287 1370 1451 1404 contraria
1478 1368 1579 1402 virtus
1606 1372 1673 1410 est,
1700 1368 1808 1401 verbis
1839 1367 1996 1408 minuere,

704 1534 770 1568 De
805 1533 995 1580 Figuris
1027 1532 1260 1567 verborum
1291 1535 1328 1565 et
1361 1529 1699 1564 sententiarum.

212 1620 246 1653 l.
296 1616 484 1665 Augetur⁵⁶
512 1624 544 1654 et
567 1624 701 1654 ornatur
723 1620 828 1652 oratio
856 1619 955 1652 etiam
982 1619 1098 1663 figuris
1119 1619 1299 1651 verborum
1327 1627 1367 1649 ac
1377 1612 1401 1633 ⁵²
1428 1615 1671 1648 sententiarum.
1724 1613 1812 1646 Nam
1839 1612 1916 1655 quia
1943 1611 1997 1644 di-

46 1676 136 1706 recta
156 1676 189 1705 et
204 1678 367 1717 perpetua
392 1673 498 1706 oratio
525 1673 756 1718 fatigationem
773 1677 875 1716 atque
901 1671 1073 1704 fastidium
1094 1676 1163 1703 tam
1181 1669 1326 1711 dicendi,
1355 1678 1456 1712 quam
1476 1667 1633 1700 audiendi
1645 1663 1670 1684 ⁵⁸
1697 1670 1806 1707 creat,
1833 1663 1997 1698 flectenda

49 1791 140 1820 quam
165 1779 214 1812 Ar.
236 1796 278 1803 —
299 1782 347 1818 35)
370 1787 404 1808 ut
427 1792 485 1810 non
508 1779 680 1820 aliquando
704 1791 751 1810 va.
773 1797 816 1802 ——-
837 1783 888 1818 36)
909 1791 998 1809 voca-

49 1823 131 1850 bulis
163 1823 212 1850 vel
244 1824 417 1851 nominibus
446 1824 502 1852 Gu.
524 1827 551 1855 1.
598 1823 663 1853 Hoc
692 1824 740 1852 vel
769 1833 832 1852 esse
861 1823 1000 1853 videtur:

50 1866 126 1902 alii,
158 1870 192 1893 ut
220 1865 371 1894 interdum
400 1866 498 1895 variae
525 1867 607 1895 lectt.
637 1867 677 1895 ita
701 1867 730 1895 in
753 1867 899 1895 contextis
921 1866 1000 1895 iun-

49 1912 168 1946 guntur.
192 1908 304 1947 Scripsi
328 1908 428 1947 itaque
452 1909 618 1938 vocabulis.
632 1925 675 1931 —-
695 1907 742 1949 37)
760 1909 935 1948 proximam
952 1911 999 1939 vi-

49 1949 181 1978 deantur
203 1956 229 1977 et
253 1956 412 1989 cognatam
428 1951 481 1981 Gu.
494 1955 520 1984 1.
536 1968 580 1974 —-
603 1951 745 1980 Ordinem
765 1951 926 1981 verborum
949 1962 999 1982 re-

50 1993 114 2032 cepi
137 2003 191 2031 pro
214 1993 292 2030 vulg.
319 1995 461 2032 proxima
487 2000 515 2023 et
544 2005 630 2033 cogn.
662 1993 723 2023 vid.
745 2011 788 2017 ——
815 1996 938 2032 cognita
963 1994 1000 2024 al.

50 2050 91 2057 —
118 2033 166 2074 38)
199 2036 349 2064 iactantia
372 2037 427 2067 Gu.
446 2040 474 2068 2.
505 2038 542 2069 31,
577 2048 640 2066 var.
671 2037 741 2066 lect.
771 2048 819 2076 ap.
845 2036 936 2067 Goth.
963 2055 998 2058 —

50 2076 96 2116 39)
121 2079 216 2106 unilt-s·
240 2078 296 2106 Gu.
317 2081 341 2111 l.
367 2095 402 2100 —
427 2078 473 2119 ι10)
496 2080 698 2118 circumplexa
721 2090 767 2119 pr.
785 2080 910 2109 Vulcan.
925 2079 1002 2111 Rell.

52 2121 252 2159 circumflexa.
270 2137 308 2142 —
332 2120 379 2158 41)
403 2122 627 2151 concluduntur
645 2122 703 2152 Gu.
718 2126 744 2154 1.
761 2139 804 2144 —-
818 2121 865 2162 42)
880 2123 928 2150 Sic
945 2122 1001 2151 Gu.

55 2164 81 2193 1.
103 2179 144 2184 -—
166 2164 375 2202 Pet-issologia
398 2170 524 2193 vocatur
544 2165 627 2203 vulg.
642 2182 684 2187 —
706 2163 753 2204 43)
777 2166 916 2193 criminis
933 2164 1000 2196 add.

55 2204 202 2236 Gu.1.2.
234 2206 270 2234 al.
299 2217 344 2245 pr.
373 2216 418 2234 va.
450 2224 488 2228 —
515 2206 561 2248 44)
587 2208 635 2235 Sic
656 2208 711 2236 Gu.
729 2211 755 2238 1.
780 2224 822 2230 —-·
846 2207 1003 2236 bretitatis

53 2246 156 2276 stadio
178 2248 259 2286 vulg.
282 2265 320 2270 —
347 2254 378 2276 ut
402 2248 558 2277 brevitatis
579 2249 683 2278 studio
707 2250 764 2280 Gu.
780 2253 810 2283 2.
831 2261 877 2289 pr.
902 2261 1001 2280 va.—

54 2289 99 2325 45)
120 2291 228 2327 furare
250 2291 287 2319 al.
314 2307 356 2312 —
378 2293 426 2328 46)
449 2292 529 2330 vulg.
547 2298 573 2319 et
599 2292 683 2329 add.‚
708 2293 791 2331 quod
813 2304 872 2321 om.
898 2293 954 2321 Gu.
972 2296 1000 2324 1.

57 2331 165 2361 Verba:
189 2335 234 2361 ita
249 2340 275 2361 et
288 2335 318 2361 [n
334 2335 489 2361 sententiis
501 2336 579 2363 vitia
596 2336 646 2364 Ar.
661 2335 789 2364 collocat
808 2340 874 2374 post
888 2346 1001 2374 cogno-

56 2381 190 2406 scantur.
215 2392 250 2397 —
276 2375 408 2405 vitanda
440 2387 497 2416 pro
520 2378 597 2405 vitia
620 2376 688 2407 cod.
707 2381 734 2409 1.
757 2377 824 2407 vat.
845 2377 937 2408 Arch.
958 2394 1001 2400 —

1043 1781 1076 1808 in
1105 1784 1173 1808 ante
1196 1784 1271 1807 sent.
1296 1788 1353 1809 orn.
1376 1787 1422 1817 pr.
1453 1793 1494 1798 —
1530 1776 1579 1813 47)
1602 1786 1681 1815 qaae
1703 1784 1798 1814 usque
1822 1773 1859 1802 ad
1884 1783 1996 1812 cogno-

1041 1828 1170 1850 scantur
1191 1833 1249 1851 om.
1272 1821 1328 1857 al..
1363 1819 1443 1859 quod
1467 1829 1555 1858 supra
1581 1830 1647 1858 cap.
1671 1820 1721 1850 19.
1751 1821 1826 1846 extr.
1858 1816 1997 1854 leguntur

1044 1865 1143 1903 vulgo.
1172 1881 1214 1886 —
1242 1863 1287 1903 48)
1314 1863 1508 1901 Cacoplzaton
1532 1863 1583 1890 Ar.
1609 1879 1644 1883 -
1674 1860 1865 1899 cacephaton
1891 1859 1929 1888 al.
1950 1869 1996 1887 va.

1042 1924 1084 1931 -
1107 1910 1152 1945 Δ19)
1176 1908 1312 1945 Εείίρειέ
1335 1907 1384 1935 Ar.
1408 1922 1449 1928 --
1488 1902 1536 1945 50)
1559 1910 1625 1932 tum
1646 1904 1735 1941 fusis
1767 1906 1836 1942 (pro
1859 1902 1940 1940 vulg.
1971 1907 1996 1928 et

1042 1949 1208 1990 emphasi-5)
1233 1951 1290 1978 Gu.
1310 1952 1336 1981 1.
1361 1966 1400 1971 —
1429 1954 1529 1975 tamen
1542 1948 1643 1986 fal-sis
1658 1947 1713 1975 Gu.
1731 1948 1760 1977 2.
1780 1961 1823 1967 —
1845 1955 1915 1972 cum
1931 1955 1997 1971 em-

1038 1994 1134 2032 phasi
1158 1993 1195 2023 al.
1226 1992 1291 2021 Hoc
1313 2001 1418 2020 verum
1442 1996 1527 2029 pute,
1549 2000 1641 2029 quare
1663 1989 1771 2028 recepi.
1795 2004 1831 2009 —-
1855 1993 1921 2015 tum
1935 1997 1997 2014 em-

1038 2037 1151 2075 phasis
1174 2046 1218 2074 pr.
1237 2035 1287 2064 Ar.
1311 2051 1350 2056 -—
1375 2035 1564 2071 energiatum
1589 2034 1714 2070 emsa-uls
1736 2041 1783 2060 va.
1801 2047 1835 2051 —
1857 2033 1902 2065 51)
1925 2030 1996 2068 qui-

1045 2078 1118 2107 dam
1150 2079 1207 2106 Gu.
1226 2080 1252 2109 1.
1275 2094 1318 2099 —
1340 2075 1497 2116 quoddam
1525 2086 1569 2115 pr.
1594 2093 1632 2098 —
1663 2073 1787 2114 quidem
1814 2073 1850 2102 al.
1884 2089 1920 2094 —
1951 2074 1995 2105 52)

1045 2123 1094 2150 Sic
1125 2121 1181 2149 Gu.
1201 2124 1225 2152 1.
1244 2122 1273 2151 2.
1295 2120 1344 2148 Ar.
1374 2135 1415 2141 —
1446 2118 1565 2146 dixerat
1595 2118 1676 2156 vulg.
1708 2133 1751 2138 -
1780 2115 1828 2154 53)
1858 2112 1994 2142 ascendit

1045 2165 1101 2194 Gu.
1120 2166 1151 2194 2.
1172 2173 1217 2191 va.
1236 2178 1273 2184 —
1290 2160 1338 2203 54)
1356 2162 1426 2191 Aen.
1443 2161 1480 2197 Il,
1496 2164 1568 2193 262.
1590 2177 1624 2182 -
1645 2164 1688 2195 55)
1711 2159 1793 2198 lapsi
1809 2159 1992 2196 pet-funem,

1044 2208 1193 2245 imaginis
1216 2206 1295 2233 allz't.
1319 2205 1356 2233 al.
1375 2221 1417 2226 —
1441 2205 1589 2242 imaginis
1613 2213 1670 2231 om.
1693 2203 1742 2231 Ar.
1773 2201 1843 2239 (qui
1865 2199 1993 2237 suspica.

1043 2254 1108 2278 tur:
1135 2247 1315 2276 altitudini-9
1340 2246 1519 2287 imaginem)
1552 2252 1581 2275 et
1603 2246 1696 2275 Grial.
1719 2255 1733 2273 e
1753 2243 1818 2272 cod.
1841 2243 1923 2270 Rom.
1951 2254 1992 2260 —-

1042 2295 1090 2330 56)
1114 2293 1190 2320 Sunt
1212 2296 1314 2318 antem
1331 2297 1358 2318 et
1375 2289 1525 2329 quaedam
1542 2290 1670 2328 figurae
1685 2287 1843 2316 verborum
1855 2286 1886 2313 ιή
1895 2292 1991 2321 prae·-

1044 2336 1136 2372 ceptis
1158 2335 1360 2372 eloquentiae,
1393 2333 1503 2372 quibus
1528 2335 1718 2371 praeponunt
1742 2330 1778 2359 al.
1801 2337 1847 2366 pr·
1872 2342 1908 2347 -
1939 2324 1990 2360 57)

1043 2381 1070 2405 et
1093 2382 1205 2406 sentent
1228 2386 1274 2406 va.
1297 2393 1339 2398 —
1365 2376 1412 2414 58)
1436 2374 1549 2404 dicenti
1572 2391 1612 2397 —
1636 2371 1775 2402 audienti
1796 2371 1844 2398 Ar.
