2255 2819
221 126 297 161 564

385 217 419 250 ⁴.
473 216 561 247 luter
588 210 701 243 tubam
725 212 835 240 autem
864 211 896 240 et
922 208 1098 241 buccinam
1126 211 1253 240 veteres
1279 204 1520 238 discernebant.

223 273 334 305 dinem
363 269 406 302 ad
440 267 528 299 bella
556 260 787 294 denunciabat.
840 257 1037 304 Virgiliusl:

623 312 704 358 Qua
732 311 878 344 buccina
905 312 1047 356 signum

451 367 546 399 Dira
576 364 687 397 dedit.

223 419 344 459 Tuba²
370 414 524 466 proelia³
552 415 738 453 indicabat,
770 410 845 446 ut⁴z

919 114 1097 149 ISIDORI
1123 112 1303 146 HISPAL.
1331 109 1475 144 EPISC.

1575 203 1660 236 Nam
1687 201 1828 235 buccina
1848 199 1999 233 insonans
2024 199 2171 233 solicitu-

453 465 524 503 ,1ιὸ
551 467 636 500 tuba
664 465 856 499 terribilem
882 465 1029 497 sonitum
1058 463 1157 496 dedit
1185 472 1268 494 (lere
1297 470 1426 494 canoro
1442 455 1464 492 ¹³.

223 526 324 559 Cuius
354 518 477 555 sonus⁷
505 520 610 552 varius
641 523 696 551 est.

222 584 273 610 tur
300 587 368 615 eos,
405 574 461 617 qui
490 571 633 616 fugiunt,
660 569 825 602 interdum
853 568 1011 612 receptui.

223 635 255 663 et
282 628 375 673 signa
403 625 554 668 receptui
583 634 701 656 canere
729 620 890 654 dicuntur,

752 518 837 549 Nam
865 516 1029 549 interdum
1058 515 1184 548 canitur
1195 510 1218 553 Β,
1250 517 1285 545 ut
1311 513 1400 545 bella
1429 510 1694 551 committantur,
1718 509 1905 549 interdum,
1933 512 1968 540 ut
1994 507 2173 550 insequan-

1064 568 1149 600 Nam
1178 569 1330 609 receptus
1360 563 1495 603 dicitur,
1525 558 1617 605 quo⁹
1651 573 1685 594 se
1718 561 1878 594 exercitus
1915 558 2050 603 recipit,
2085 557 2174 590 unde

386 676 420 711 5,
476 675 623 709 Classica
651 678 723 707 sunt
751 683 885 712 cornua,
913 683 999 714 quae
1028 668 1236 703 convocandi
1259 678 1359 700 causa
1387 670 1480 698 erant
1506 665 1615 705 facta,
1644 668 1676 696 et
1703 675 1722 695 a
1749 662 1891 696 calando
1907 658 1931 678 ¹⁰
1958 660 2095 694 classica
2121 659 2176 692 di-

225 731 397 771 cebantur,
426 727 469 760 de
497 727 615 770 quibus
643 724 802 769 Virgilius
819 720 857 755 ¹¹:

455 778 618 812 Classica
646 777 786 820 iamque
799 771 821 791 ¹²
848 777 980 807 sonant.

224 832 327 878 Apud
365 833 552 864 Amazonas
588 834 697 862 autem
737 838 802 860 non
839 821 964 866 tubam,
1000 825 1083 857 sicut
1116 835 1134 855 a
1172 821 1323 866 regibuS,
1357 816 1449 852 sed¹⁴
1485 829 1504 850 a
1540 817 1657 863 regina
1697 815 1790 848 sistro
1826 815 2006 847 vocabatur
2034 812 2175 846 femina-

225 897 297 918 rum
324 883 496 917 exercitus.

857 945 885 979 C
912 945 942 977 A
969 944 1005 977 P.
1060 943 1101 976 V.

1180 940 1263 973 De

1323 938 1546 973 armis.

390 1035 422 1070 l.
475 1035 578 1068 Arma
602 1032 803 1078 generaliter
829 1031 975 1063 omnium
1006 1040 1113 1061 rerum
1137 1027 1352 1059 instrumenta
1380 1029 1469 1062 sunt,
1501 1022 1590 1055 unde
1626 1025 1658 1053 et
1696 1021 1754 1053 ubi
1781 1023 2005 1063 reponuntur,
2034 1016 2179 1049 armaria

226 1089 316 1122 dicta
343 1092 426 1121 sunt.
480 1087 563 1118 Item
600 1096 691 1116 arma
727 1088 758 1114 et
791 1083 857 1114 tela
893 1081 1039 1114 omnium
1075 1089 1255 1124 generum,
1289 1076 1347 1109 sed
1381 1087 1472 1108 arma
1495 1079 1583 1114 sunt,
1618 1073 1739 1115 quibus
1766 1071 1826 1115 ipsi
1854 1066 2029 1111 tuemur¹⁵,
2061 1064 2179 1108 telam,

226 1152 313 1184 quae
342 1139 529 1172 emittimus.
583 1137 668 1169 Nam
696 1146 787 1166 arma
815 1134 965 1177 duplicia
993 1128 1113 1171 sunt¹⁷‚
1150 1129 1184 1161 id
1213 1133 1260 1161 est
1292 1124 1383 1160 vel¹8
1410 1127 1528 1170 quibus
1555 1124 1768 1169 percutimus,
1798 1123 1851 1155 vel
1879 1123 1997 1165 quibus
2024 1120 2180 1165 tegimur.

392 1190 425 1222 2.
479 1190 582 1222 Arma
610 1191 719 1220 autem
749 1185 884 1229 proprie
917 1184 1006 1218 dicta
1033 1187 1105 1215 sunt
1133 1192 1192 1221 e0,

228 1243 392 1285 dicuntur,
421 1241 455 1273 id
483 1246 531 1273 est
558 1236 635 1272 ab¹⁰
661 1238 817 1277 humeris,
845 1233 933 1268 1:2²⁰:

623 1290 730 1322 Latos
758 1289 838 1321 huic
865 1288 970 1320 hasla
993 1295 1062 1331 per
1089 1294 1207 1317 armos

456 1342 552 1375 Acta
580 1342 705 1374 tremit.

230 1391 313 1429 vel²¹
344 1391 417 1429 α’πό
444 1395 512 1429 τοῦ
538 1393 657 1441 ἄρηος,
689 1392 723 1424 id
755 1396 803 1424 est
831 1403 848 1423 a
879 1385 1036 1423 Marte²².

808 1476 836 1510 C
866 1477 895 1509 A
923 1476 961 1509 P.
1014 1470 1107 1507 Vl²³.

1228 1179 1321 1223 quod
1356 1190 1465 1211 armos
1496 1182 1622 1222 tegunt.
1677 1176 1764 1208 Nam
1796 1185 1887 1206 arma
1921 1173 1973 1206 vel
2005 1172 2048 1204 ab
2084 1171 2181 1204 armis

1186 1471 1268 1505 Dc
1319 1468 1623 1516 gladiis.

396 1547 428 1580 l.
483 1547 625 1580 Gladius
649 1546 847 1591 generaliter
875 1544 993 1577 dicitur
1021 1542 1103 1575 ensis
1131 1542 1163 1573 in
1190 1540 1334 1586 proelio,
1357 1539 1415 1572 sed
1444 1538 1527 1570 ensis
1552 1537 1676 1569 ferrum
1704 1538 1841 1575 tantum,
1867 1531 1999 1578 gladius
2021 1540 2100 1563 vero
2127 1532 2182 1561 to-

232 1604 292 1632 tus.
346 1599 488 1644 Proprie
515 1605 625 1632 autem
653 1598 843 1642 appellatus
858 1593 881 1613 '²'
917 1595 1068 1640 gladius,
1105 1593 1198 1636 quod
1212 1590 1236 1609 ²⁵
1272 1592 1388 1637 gulam
1423 1589 1558 1629 dividit,
1592 1587 1627 1619 id
1663 1591 1710 1619 est
1745 1585 1909 1618 cervicem
1937 1594 2010 1616 seca

2013 1587 2025 1614 t
2039 1578 2074 1616 ²⁶.

2128 1578 2185 1612 Ad

232 1650 301 1684 hoc
334 1652 421 1683 enim
455 1651 600 1696 primum
612 1647 636 1666 ²⁷
669 1655 717 1683 est
744 1650 864 1689 sactus,
903 1659 979 1680 nam
1006 1651 1137 1680 caetera
1173 1645 1324 1677 membra
1353 1642 1522 1676 securibus
1543 1635 1684 1684 magis²⁶
1711 1637 1915 1677 caeduntur,
1949 1634 2075 1668 collum
2106 1631 2185 1677 gla-

234 1701 291 1735 dio
316 1707 453 1736 tautum.

400 1754 433 1785 2.
487 1752 586 1787 Acies
614 1756 725 1785 autem
753 1750 860 1796 gladii
887 1750 929 1782 ab
959 1749 1110 1782 acumine
1138 1747 1227 1781 dicta
1240 1743 1274 1779 Ἡ.
1329 1744 1477 1790 Capulus
1504 1746 1641 1776 vocatus
1652 1737 1694 1781 ³⁰,
1721 1740 1775 1773 vel
1799 1739 1877 1783 quia
1904 1742 2006 1782 caput
2032 1740 2080 1769 est
2106 1735 2185 1780 gla-

322 1844 351 1883 1)
378 1845 457 1882 Virg.
482 1845 551 1873 Aen.
575 1844 639 1880 Vll,
663 1844 735 1875 519.
758 1859 799 1864 —
830 1841 861 1882 2)
885 1848 985 1869 (talem
1017 1840 1084 1868 add.
1108 1840 1189 1877 vulg.

237 1903 279 1909 —
302 1897 359 1915 om.
376 1887 432 1915 Gu.
456 1890 482 1917 1.
505 1903 545 1908 —
578 1888 609 1924 3)
626 1886 778 1925 proelium
800 1895 846 1913 va.
886 1901 921 1905 —
949 1885 979 1919 4)
1005 1889 1037 1911 ut
1063 1893 1120 1912 om.
1144 1893 1189 1910 va.

239 1946 277 1950 —
313 1929 342 1969 5)
372 1935 405 1956 uc
435 1939 480 1957 va.
512 1946 552 1950 —
591 1932 618 1966 6)
649 1929 702 1957 Vv.
734 1928 816 1956 ‹lulit
840 1938 906 1955 clerc
938 1938 1048 1954 cartoro
1075 1936 1132 1954 0111.
1157 1926 1190 1954 Z.

239 1973 295 2000 Gu.
318 1975 343 2001 1.
363 1974 392 2002 2.
416 1981 461 2009 pr.
485 1988 523 1992 —
551 1982 613 1999 Son.
631 1972 745 2009 procul
766 1982 833 1998 acre
855 1980 993 1998 canorem.
1021 1979 1067 1997 va.
1091 1984 1132 1989 ·-—
1161 1968 1189 2005 7)

239 2015 290 2043 Sic
312 2014 345 2044 Ζ.
369 2013 423 2042 Gu.
449 2016 475 2043 1.
495 2016 522 2044 2.
546 2014 581 2041 al.
605 2024 649 2042 va.
674 2031 713 2035 —
737 2015 855 2041 amaus
877 2013 957 2050 vulg.
979 2028 1021 2033 ——
1056 2014 1083 2045 8)
1107 2012 1191 2037 canit

242 2058 288 2085 Ar.
311 2072 352 2078 —
375 2057 405 2092 9)
424 2055 506 2093 quod
527 2056 556 2083 Z.
582 2074 618 2077 —
645 2055 688 2094 10)
706 2055 840 2083 kalando
865 2056 920 2085 Gu.
942 2058 969 2086 2.
1001 2071 1036 2076 -
1066 2057 1107 2086 11)
1122 2053 1190 2082 Aen.

240 2100 303 2135 VII,
327 2101 397 2130 637.
423 2115 460 2118 —
494 2100 534 2134 12)
553 2098 601 2125 Sic
624 2098 654 2126 Z.
677 2101 733 2128 Gu.
752 2102 777 2129 1.
795 2101 821 2129 2.
839 2098 889 2126 Ar.
906 2113 944 2118 —
962 2107 1091 2134 namque
1110 2095 1191 2133 vulg.

241 2158 283 2163 -
306 2143 350 2180 13)
373 2140 463 2168 tabae
486 2140 543 2169 Gu.
571 2142 598 2170 1.
620 2142 649 2170 2.
672 2157 713 2161 —
739 2142 779 2173 14)
804 2140 857 2168 ml
879 2150 972 2178 usque
996 2139 1032 2167 ad
1059 2148 1108 2166 vv.
1127 2148 1191 2176 cap.

243 2184 272 2216 5.
311 2194 398 2211 arma
434 2188 459 2210 et
491 2182 552 2209 tela
581 2192 636 2210 om.
671 2182 735 2210 cod.
769 2183 875 2212 Zittav.
908 2199 949 2205 —
997 2183 1042 2217 15)
1073 2186 1197 2208 tuentur

244 2227 275 2254 Z.
303 2241 345 2248 —
386 2225 432 2261 16)
455 2230 525 2252 sunt
553 2223 621 2252 add.
645 2224 675 2252 Z.
703 2225 758 2252 Gu.
781 2228 808 2256 2.
830 2235 877 2253 va.
904 2241 945 2246 —
984 2227 1026 2260 17)
1049 2229 1120 2250 sunt
1143 2222 1196 2250 ad-

246 2268 308 2297 didi
339 2278 353 2296 e
378 2268 407 2295 Z.
437 2268 493 2296 Gu.
520 2270 547 2298 1.
568 2269 596 2296 2.
627 2276 672 2293 va.
704 2266 750 2293 Ar.
783 2283 822 2288 -
862 2269 904 2303 18)
929 2266 974 2294 vel
999 2265 1101 2293 addidi
1125 2276 1139 2293 e
1164 2265 1194 2293 Z.

247 2312 303 2339 Gu.
326 2314 353 2342 1.
379 2312 407 2341 2.
431 2319 480 2338 va.
504 2309 553 2338 Ar.
576 2324 618 2329 —
656 2305 701 2346 19)
728 2308 765 2334 ab
797 2308 898 2336 addidi
930 2318 944 2336 e
974 2309 1003 2336 Z.
1035 2309 1092 2336 Gu.
1116 2310 1141 2338 1.
1165 2310 1194 2339 2.

247 2363 294 2381 va.
317 2369 357 2374 —·
380 2351 428 2389 20)
447 2351 528 2390 Virg.
550 2351 623 2380 Aen.
648 2350 698 2386 XI,
725 2350 795 2381 644.
818 2367 858 2370 —
895 2350 942 2386 21)
966 2351 1013 2377 vel
1035 2372 1041 2379 .
1066 2373 1071 2379 .
1096 2351 1196 2378 Marte

1233 1849 1289 1868 om.
1300 1839 1331 1866 Z.
1346 1854 1387 1858 --
1408 1838 1457 1874 ⁶22)
1475 1836 1520 1864 vel
1535 1845 1554 1862 α
1569 1839 1661 1862 morte
1677 1831 1825 1860 <licuntur
1840 1830 1908 1861 add.
1924 1840 1970 1859 va.
1992 1845 2028 1850 —
2052 1831 2097 1863 23)
2114 1828 2186 1866 Cap.

1233 1881 1355 1909 VLVH.
1382 1890 1439 1907 om.
1463 1878 1528 1907 cod.
1553 1877 1671 1905 Zitt.-—
1694 1876 1739 1913 24)
1756 1875 1931 1914 appellatur
1948 1883 1994 1901 va.
2010 1887 2052 1894 -—-
2074 1871 2121 1907 25)
2136 1869 2186 1898 Sic

1235 1925 1291 1952 Gu.
1320 1927 1345 1954 1.
1368 1925 1396 1954 2.
1422 1932 1467 1960 pr.
1489 1931 1535 1950 va.
1561 1920 1635 1958 quia
1658 1917 1740 1955 vulg.
1765 1933 1805 1938 -
1836 1919 1881 1954 26)
1904 1916 1952 1944 Sic
1969 1915 2028 1943 Gu.
2051 1916 2077 1944 1.
2093 1916 2122 1945 2.
2139 1922 2185 1941 va.

1234 1967 1284 1995 Ar.
1301 1982 1343 1988 —
1363 1965 1439 2002 vulg.
1456 1962 1581 1991 desecat.
1608 1978 1644 1982 —
1670 1960 1715 1998 27)
1732 1962 1867 1997 primum
1888 1957 1990 1987 addidi
2006 1967 2021 1986 e
2037 1956 2093 1984 Gu.
2111 1958 2139 1986 1.
2156 1957 2186 1985 2-

1235 2020 1279 2048 pr.
1300 2019 1345 2038 va.
1377 2023 1414 2028 —
1451 2003 1496 2046 28)
1521 2006 1621 2042 magis
1652 2003 1755 2031 addidi
1782 2013 1796 2031 e
1820 2003 1876 2030 Gu.
1904 2005 1931 2031 1.
1955 2004 1983 2032 2.
2006 2010 2051 2028 va.
2075 1998 2123 2026 Ar.
2147 2012 2185 2018 -—-

1235 2051 1280 2090 29)
1305 2056 1347 2078 est
1372 2048 1439 2077 add.
1461 2049 1540 2086 vulg.
1559 2062 1597 2070 --
1622 2057 1678 2076 om.
1703 2046 1760 2074 Gu.
1781 2049 1806 2077 1.
1824 2048 1853 2077 2.
1871 2054 1917 2073 va.
1935 2043 1984 2073 Ar.
2004 2057 2043 2064 -—
2074 2039 2120 2078 30)
2137 2039 2187 2067 Sic

1236 2096 1292 2121 Gu.
1314 2098 1340 2124 1.
1364 2095 1391 2124 2.
1413 2108 1455 2112 ——
1478 2097 1602 2119 vocatur
1632 2090 1713 2126 vulg.
1735 2104 1777 2110 —-
1810 2088 1858 2125 31)
1878 2087 1926 2115 Sic
1949 2086 2005 2114 Gu.
2028 2086 2056 2114 1.
2081 2098 2121 2104 —
2144 2082 2188 2109 ibi

1236 2147 1301 2174 cap.
1332 2134 1412 2171 vulg.
1442 2150 1482 2154 —
1517 2133 1564 2171 32)
1589 2132 1638 2160 sic
1667 2132 1722 2160 Gu.
1748 2133 1775 2162 1.
1799 2132 1827 2161 2.
1863 2129 1910 2158 Ar.
1934 2146 1973 2150 —-
2003 2126 2079 2154 aliha·
2107 2125 2187 2160 vulg.

1239 2195 1282 2201 --
1302 2175 1351 2216 33)
1375 2182 1468 2204 tenere
1490 2175 1591 2204 addidi
1619 2185 1633 2203 e
1654 2175 1710 2202 Gu.
1732 2176 1758 2204 1.
1774 2175 1802 2204 2.
1827 2191 1865 2195 -—
1889 2170 1936 2209 34)
1955 2169 2071 2198 dictum
2083 2168 2138 2197 Gu.
2157 2169 2185 2196 1.

1239 2236 1280 2243 —
1308 2222 1357 2255 35)
1380 2219 1427 2246 Sic
1451 2219 1506 2246 Gu.
1534 2222 1559 2249 1.
1584 2221 1611 2250 2.
1636 2218 1671 2246 al.
1696 2227 1742 2245 va.
1766 2232 1804 2237 —-
1830 2214 1936 2242 dicunt
1958 2212 2038 2249 vulg.
2061 2225 2103 2232 -
2139 2207 2186 2243 36)

1239 2273 1272 2291 ex
1294 2272 1349 2301 pro
1372 2272 1391 2289 a
1414 2261 1472 2290 Gu.
1499 2264 1525 2292 1.
1548 2263 1576 2291 2.
1601 2260 1637 2288 al.
1661 2270 1705 2299 pr.
1728 2268 1773 2286 va.
1789 2275 1822 2278 —
1848 2255 1896 2297 37)
1920 2253 2001 2295 quod
2023 2262 2077 2291 pro
2094 2260 2188 2289 quam

1239 2306 1294 2335 Gu.
1328 2307 1353 2335 1.
1375 2320 1417 2325 —-
1452 2303 1498 2342 38)
1529 2302 1660 2342 spadum
1693 2302 1749 2330 Gu.
1775 2303 1804 2331 1.
1834 2316 1876 2321 ——
1913 2298 1958 2334 39)
1989 2295 2059 2333 Ipsa
2089 2299 2131 2320 est
2161 2298 2188 2320 ee

1239 2347 1353 2386 romplz.
1384 2357 1441 2375 om.
1471 2356 1517 2386 pr.
1545 2361 1587 2368 ·-
1624 2343 1672 2384 40)
1692 2345 1768 2382 quia
1788 2342 1844 2370 Gu.
1870 2344 1898 2373 2.
1929 2348 1976 2378 pr.
1999 2347 2044 2366 va.
2074 2336 2121 2365 Ar.
2146 2352 2189 2356 —
