2264 2830
794 77 1037 111 ORIGINUM
1072 79 1217 114 LIBER
1242 81 1333 115 XVI.

260 172 317 205 22.

93 236 186 265 nam,
214 236 275 258 nec
299 224 366 256 sine
390 221 473 256 ltis³⁸
502 235 619 267 parere
647 223 778 266 aquilas,

91 327 173 360 dunt
186 324 227 368 ⁴⁵,
262 327 320 359 nisi
348 327 412 360 cito
442 326 694 371 parturientibus
721 327 918 359 auferantur.

938 373 961 394 ir,

255 377 313 412 23.
368 378 548 422 Phengitcs
577 377 660 422 lapis
688 377 926 422 Cappadociae
963 402 972 416 ,

1006 379 1161 412 duritiam
1188 379 1291 411 habet
1319 379 1489 411 marmoris
1507 377 1537 419 ¹³,

1951 85 2025 119 495

372 169 531 205 Actitcs³⁷
558 171 688 216 lapides=
713 172 920 215 reperiuntur
941 173 972 204 in
992 173 1074 205 nidis
1097 175 1298 216 aquilarum:
1327 176 1413 207 aiunt
1434 175 1525 206 binos
1552 175 1696 213 inveniri,
1724 187 1847 209 marem
1872 184 1903 210 et
1930 179 2024 210 seini-

834 224 964 256 llorum
994 226 1154 258 masculus
1182 222 1327 268 ‹turus-³¹¹³,
1352 222 1494 258 „imile-“¹

91 287 169 308 neus
194 286 271 308 vero
300 276 436 320 paz-illus
465 281 496 307 et
513 272 534 291 ¹²
560 274 679 309 mollis,
714 275 851 318 Alligati
877 281 988 318 partus
1025 278 1225 310 celeritatem
1255 278 1396 317 faciunt,
1430 277 1527 309 ctiam

1521 226 1652 270 gallae,
1684 225 1902 269 subrutilus²¹‚
1929 230 2025 262 femi—

1543 275 1566 293 ’Π
1602 277 1725 320 aliquid
1742 275 1766 295 '¹¹
1794 280 1910 312 vulvae
1939 282 2025 314 exci-

1574 379 1733 413 candidus
1766 386 1864 424 atque
1891 383 2025 415 translu-

90 441 185 462 cens:
220 441 260 462 ex
293 441 360 472 quo
387 429 556 472 quondam
583 430 746 473 templum
774 434 998 463 constructum
1028 436 1073 462 cst
1101 443 1119 463 a
1150 431 1296 474 quodam
1326 442 1406 475 rege
1429 430 1554 462 foribus
1579 432 1704 473 aurcis,
1731 433 1847 475 quibus
1873 434 1990 467 clausis
2003 431 2026 451 ⁴⁸

89 481 218 514 claritas
246 482 328 514 intus
356 481 470 513 diurna
498 485 575 512 erat.

252 532 309 564 2⁴.
363 531 537 564 chernites
548 528 572 548 ⁴⁴³
600 531 692 564 ebori
704 527 729 546 ⁵⁶¹⁰
754 531 875 571 similis,
903 533 933 563 in
963 544 1028 575 quo
1054 533 1188 565 Darium
1218 532 1389 566 conditum
1416 532 1530 572 fertur,
1556 533 1720 577 Pariaque
1747 536 1858 568 similis
1883 535 2026 569 candore

88 589 120 615 et
146 583 273 624 duritia,
302 584 405 616 minus
432 588 542 616 tamen
569 583 788 626 ponderosus,
815 584 870 626 qui
898 581 1027 616 Porus⁵

250 634 307 667 25.

1031 581 1039 601 1

1066 590 1212 617 vocatur.

360 635 540 668 ostracites
567 639 711 673 vocatus,
740 635 831 677 quod
860 636 1106 668 similitudinem
1134 640 1235 667 testae
1263 634 1365 667 habet
1380 631 1423 674 ⁵²,
1460 646 1536 667 usus
1565 632 1672 667 eius⁵³
1706 648 1768 680 pro
1803 638 1946 681 pumice.

362 684 551 719 ΜεΙίῑῐιεεε54
580 687 664 730 lapis
692 686 797 718 dictus
825 691 873 718 est
887 683 911 702 ὦ
939 698 989 725 eo.
1018 687 1109 729 quod
1139 687 1296 719 melleum
1325 691 1357 718 et
1385 685 1518 719 dulcem
1546 698 1680 720 succum
1708 689 1842 721 emittat.

248 736 307 772 27.
362 735 523 781 Smyris³⁰
548 738 631 782 lapis
648 749 745 782 asper
761 742 792 770 ct
808 737 994 776 indomitus,
1018 744 1049 770 et
1066 738 1174 770 omnia
1199 743 1351 777 atterens,
1380 748 1419 769 ex
1443 749 1509 781 quo
1534 735 1679 782 lapide5⁷
1692 751 1847 784 gemmae
1870 744 2024 771 teruntur.

248 788 306 821 28.
360 789 529 833 Cltrysites
558 790 671 822 colore
698 789 809 822 similis
834 789 957 822 ochrae
973 786 1008 827 ⁵⁵,
1036 790 1197 822 invenitur
1220 790 1251 821 in
1276 790 1449 833 Aegypto.

247 839 306 872 29.
359 837 543 874 Amnites⁵⁹
570 841 680 873 similis
706 841 803 880 nitro,
830 839 887 873 sed
915 840 1045 872 durior:
1073 841 1222 885 gignitur
1249 842 1281 873 in
1310 842 1471 885 Aegypto
1500 841 1552 873 vel
1580 842 1612 873 in
1641 841 1764 874 Arabia
1779 837 1812 871 ⁶⁰.

245 890 304 924 30.
357 888 532 936 Thyites¹il
560 892 700 926 nascitur
726 892 759 924 in
786 891 968 935 Aethiopia
989 892 1091 925 veluti
1118 892 1240 934 viridis,
1268 892 1327 925 sed
1355 892 1490 935 lacteus⁷
1519 903 1594 926 cum
1624 892 1808 932 resolvitur,
1835 890 2027 923 remordens

80 942 295 977 vehementer
308 939 342 976 ⁰².

245 994 303 1026 31.
356 994 504 1028 Coranus
531 995 625 1027 albus
656 999 713 1033 est,
741 993 922 1037 duriorque
946 994 1058 1028 Pario.

245 1044 305 1080 32.
357 1042 553 1078 Molestus&
579 1045 681 1078 veluti
708 1045 819 1077 viridis
847 1051 878 1078 et
906 1045 1043 1090 grandis
1070 1047 1232 1078 invenitur
1258 1046 1291 1078 in
1318 1046 1488 1090 Aegypto.

242 1096 301 1131 33.
356 1097 564 1130 Tusculanus
598 1109 616 1129 a
644 1097 722 1130 loeo
751 1096 865 1129 ltaliae
893 1097 1010 1137 (lictus,
1039 1094 1218 1130 ‹licsilire‘²⁸⁴
1246 1098 1323 1142 igne
1337 1094 1362 1114 ⁶5
1388 1097 1537 1129 traditur.

242 1147 300 1180 3⁴.
354 1146 529 1181 Sabinusffi
555 1148 665 1183 fuscus
692 1147 807 1181 addito
842 1149 917 1181 oleo
941 1149 1039 1182 etiam
1074 1150 1187 1183 lucere
1220 1149 1333 1181 fertur.

76 1195 283 1233 lnementerffl
310 1200 379 1244 igni
406 1201 564 1233 resistens.

239 1249 300 1285 35.

1387 1149 1446 1180 Est
1480 1153 1512 1180 et
1539 1146 1676 1189 quidam
1710 1145 1820 1178 viridis
1847 1145 1930 1188 lapis
1966 1155 2022 1176 ve-

353 1251 511 1296 Siphnius
539 1251 649 1283 mollis
677 1255 709 1282 et
736 1250 914 1291 candidus,
944 1251 1166 1284 excalefactus
1181 1247 1206 1267 ΕΒ
1234 1251 1311 1283 oleo
1339 1250 1496 1293 nigrescit
1523 1244 1655 1291 atquem
1679 1247 1831 1280 durescit.

238 1301 296 1334 36.
348 1303 495 1346 Lapides
530 1313 664 1344 quoque
698 1301 944 1334 medicinalium
976 1303 1208 1334 mortariorum
1246 1305 1277 1333 et
1294 1297 1318 1316 ⁷⁰
1347 1301 1597 1344 pigmentorum
1634 1298 1743 1330 usibus
1780 1297 1868 1341 apti,
1901 1295 2022 1340 Ephe—

75 1354 139 1385 sius
154 1350 176 1369 ⁷¹
205 1354 405 1397 praecipuus
433 1358 464 1385 ct
491 1349 600 1386 ἰιιάε72
626 1349 845 1385 chalazius⁷³.
882 1350 1108 1386 Thebaicusn
1133 1357 1165 1385 et
1188 1352 1350 1385 basanites
1375 1351 1502 1395 lapides
1527 1345 1644 1383 nihi1⁷⁵
1662 1360 1702 1381 ex
1726 1360 1795 1382 sese
1810 1348 2019 1381 remittentes.

74 1455 187 1498 spania
220 1453 394 1489 citeri0ri⁷²
417 1452 543 1489 circa⁷²³
575 1455 796 1500 Segobricam
831 1455 957 1488 urbem.

73 1517 138 1550 que
164 1507 300 1540 finditur
326 1507 358 1539 in
392 1506 576 1550 quamlibet
586 1503 611 1523 ⁷9
636 1511 748 1539 tenues
775 1511 908 1540 crustas.

73 1601 128 1631 Gu.
155 1604 179 1631 1.
204 1604 233 1632 2.
259 1611 302 1638 pr.
326 1610 371 1630 va.
394 1615 435 1621 —
457 1601 497 1627 iis
519 1600 598 1638 vulg.
616 1615 656 1621 —
677 1602 723 1636 39)
746 1600 902 1627 masculos
925 1598 1019 1627 duros

71 1644 216 1673 Gu.1.—
238 1642 286 1678 40)
300 1643 413 1670 similes
429 1643 484 1672 Gn.
504 1645 581 1673 1.—
604 1642 649 1681 41)
666 1642 828 1670 salu-utilis
840 1643 869 1669 Z.
884 1642 940 1672 Gu.
953 1646 976 1674 l.
990 1645 1018 1673 2.

70 1696 172 1715 va.—
210 1684 254 1723 42)
285 1691 309 1712 et
342 1696 396 1723 pro
429 1695 465 1712 ac
492 1685 545 1713 Gn.
572 1687 596 1715 1.
630 1701 672 1705 -
703 1685 750 1721 43)
776 1695 795 1712 a
816 1684 927 1723 quibu-5
950 1684 1017 1712 add.

68 1729 149 1766 vulg.
171 1743 208 1749 —
233 1727 391 1766 aliquibus
413 1728 469 1756 Gu.
491 1730 518 1758 2.
549 1727 586 1755 al.
604 1737 650 1756 va.
673 1743 715 1748 -
741 1726 805 1755 Om.
830 1727 879 1757 Ar.
904 1746 941 1750 —
968 1728 1016 1764 44)

70 1769 193 1809 aliquid
215 1769 315 1798 addidi
339 1780 354 1798 e
379 1770 436 1799 Gu.
466 1772 491 1800 1.
515 1772 542 1800 2.
566 1770 614 1799 Ar.
641 1785 679 1792 —
706 1770 815 1797 vulvae
837 1769 963 1807 aliquid
984 1770 1015 1798 Z.

68 1828 110 1834 —
132 1814 180 1849 45)
203 1811 351 1840 ‹xciditnr
373 1813 402 1840 Z.
429 1829 464 1833 --
502 1813 549 1849 46)
573 1812 620 1841 Sic
645 1812 701 1841 Gu.
727 1816 749 1840 1.
771 1828 812 1834 —-
844 1812 938 1850 Capp.
973 1812 1017 1840 la-

66 1857 117 1892 pis
141 1854 224 1924 Ivulg.
253 1870 295 1875 —-
329 1853 376 1893 47)
399 1855 448 1882 Sic
472 1854 526 1882 Gu.
543 1857 569 1886 1.
592 1871 633 1875 —-
656 1854 776 1882 duritia
799 1865 905 1882 marm.
933 1855 1014 1892 vulg.

69 1913 110 1919 —
134 1898 267 1924 ‹urz'tiae
289 1907 394 1925 marm.
415 1898 446 1924 Z.
472 1907 517 1926 va.
548 1914 588 1918 -—
634 1899 639 1907 ‘
702 1908 716 1924 c
752 1899 817 1924 mis
891 1920 897 1925 .
920 1897 950 1926 Z.
975 1914 1009 1918 —

68 1940 115 1973 49)
144 1938 192 1968 sic
216 1939 302 1967 Arev.
326 1948 341 1966 e
358 1939 431 1968 Plin.
455 1939 592 1975 XXXVI,
618 1899 676 1970 143.)
686 1898 1015 1976 ——falijmitgvnlrulg—

67 1981 113 2020 50)
143 1982 191 2009 Sic
223 1982 251 2009 Z.
281 1981 337 2008 Gu.
355 1984 381 2012 1.
402 1984 430 2012 2.
453 1997 494 2002 --
523 1981 618 2009 eboris
649 1982 731 2020 vulg.
761 1999 802 2004 —
849 1982 893 2020 51)
918 1984 1014 2010 Purus

67 2034 113 2062 pr.
144 2034 192 2053 va.
222 2040 262 2046 -—-
299 2022 343 2061 59)
367 2023 415 2051 Sic
447 2023 503 2051 Gu.
528 2027 554 2054 1.
574 2040 615 2045 —
637 2024 747 2053 habeat
778 2025 858 2062 vulg.
888 2040 927 2046 -
965 2025 1012 2061 53)

67 2066 172 2104 Vulgg.
195 2065 264 2095 add.
287 2071 342 2097 est,
379 2065 459 2103 quod
489 2075 545 2093 om.
573 2066 604 2094 Z.
635 2067 691 2095 Gu.
713 2070 739 2098 1.
763 2070 790 2098 2.
826 2077 868 2105 pr.
892 2082 933 2087 -
967 2068 1013 2101 54)

66 2109 115 2136 Sic
139 2111 224 2137 Arev.
253 2118 267 2136 e
299 2108 371 2137 Plin.
394 2108 539 2143 xxxvl,
562 2110 610 2140 39.
635 2126 673 2131 -—
695 2110 841 2137 Melantcs
868 2109 950 2146 vulg.
972 2124 1013 2130 —

66 2152 226 2179 ,Uelanites
254 2151 283 2178 Z.
315 2151 370 2180 Gu.
392 2153 421 2181 2.
450 2166 492 2171 —
533 2150 581 2189 55)
603 2156 644 2178 est
673 2151 773 2180 addidi
803 2162 817 2180 e
841 2152 897 2180 Gu.
926 2154 952 2182 1.
982 2153 1010 2182 2.

65 2203 111 2224 va.
138 2210 179 2215 —
212 2194 260 2231 56)
283 2193 331 2220 Sic
356 2193 441 2221 Arev.
463 2208 505 2213 —
534 2192 662 2220 [smirus
683 2194 763 2231 vulg.
787 2211 826 2216 -—
856 2194 1009 2222 Hismz'rt-

66 2236 114 2264 dis
137 2236 192 2264 Gu.
220 2238 245 2266 1.
269 2251 311 2256 —
334 2236 484 2263 Ili-§miris
508 2235 542 2263 Z.
569 2235 622 2264 Gu.
645 2238 671 2267 2.
695 2246 739 2272 pr.
762 2246 807 2264 va.
829 2252 872 2258 —
890 2237 1009 2264 Hismi-

65 2279 165 2307 ridius
187 2278 225 2307 al.
249 2294 285 2298 —-
311 2279 466 2305 Jrlisminis
488 2277 525 2304 al.
550 2294 588 2298 —
619 2279 664 2312 57)
687 2277 789 2315 lapide
811 2279 913 2307 addidi
941 2289 955 2307 e
979 2279 1008 2307 Z.

68 2322 124 2350 Gu.
142 2324 168 2352 1.
192 2324 220 2352 2.
244 2320 281 2349 al.
305 2330 350 2358 pr.
372 2336 414 2342 —-
443 2317 492 2359 58)
515 2319 562 2347 Sic
579 2319 667 2347 Arev.
691 2336 724 2341 —
749 2330 851 2348 ocreae
873 2321 951 2358 vulg.
967 2337 1009 2342 —

69 2365 128 2391 σίνε
153 2364 207 2393 Gu.
228 2365 254 2393 1.
279 2362 333 2401 Ap.
349 2363 423 2391 Pliu.
440 2361 593 2397 XXXVII,
622 2364 669 2392 10.
693 2366 736 2390 est
752 2368 872 2391 ostreae.
893 2362 1008 2391 ochrae

352 1404 543 1448 Specularis
576 1404 659 1448 lapis
692 1408 827 1436 vocatus
862 1408 925 1444 est,
960 1404 1051 1448 quod
1089 1404 1160 1436 vitri
1188 1415 1281 1437 more
1308 1403 1524 1436 transluceat:
1564 1406 1715 1444 repertus
1741 1401 1832 1444 prius
1846 1395 1870 1415 ⁷¹¹
1897 1399 1929 1431 in
1956 1399 2021 1431 Hi-

1013 1456 1178 1488 lnvenitur
1210 1455 1295 1488 enim
1323 1455 1383 1487 sub
1410 1460 1498 1487 terra
1527 1458 1559 1485 et
1581 1452 1721 1485 effossus
1749 1450 1929 1489 exciditur,
1970 1455 2020 1481 at-

1064 1599 1178 1628 Atticae
1210 1598 1342 1627 meminit
1373 1598 1503 1626 Dioscor.
1528 1596 1569 1631 V,
1594 1598 1644 1627 62.
1675 1611 1715 1616 —
1759 1594 1806 1634 59)
1830 1594 1877 1621 Sic
1913 1594 1967 1621 Gu.
1989 1596 2019 1623 2.

1063 1643 1098 1670 al.
1122 1658 1163 1664 -
1191 1641 1330 1669 Ammites
1362 1641 1442 1678 vulg.
1476 1656 1512 1660 —
1546 1639 1719 1666 llammc'tes
1743 1637 1791 1666 Ar.
1821 1653 1862 1658 —
1901 1636 1947 1672 60)
1971 1636 2018 1663 Sic

1061 1685 1092 1715 Z.
1119 1686 1174 1712 Gu.
1201 1687 1226 1713 1.
1250 1687 1278 1715 2.
1298 1699 1340 1704 -—
1365 1684 1409 1710 vel
1430 1683 1484 1711 Ar.
1508 1692 1553 1711 va.
1577 1697 1618 1702 —
1641 1687 1666 1708 et
1690 1679 1787 1709 Arah.
1811 1679 1891 1715 vulg.
1908 1693 1948 1699 —
1972 1680 2017 1713 61)

1060 1727 1109 1754 Sic
1142 1737 1156 1755 e
1189 1726 1320 1756 Dioscor.
1354 1725 1395 1757 V.
1422 1725 1492 1756 154.
1525 1724 1624 1752 locum
1654 1722 1785 1751 restituit
1815 1720 1943 1749 chaeon.
1977 1736 2018 1741 -

1061 1769 1146 1806 Vulg.
1179 1771 1236 1806 qui
1264 1770 1402 1796 nascitur
1428 1768 1491 1795 sine
1521 1776 1615 1796 sensu.
1662 1765 1810 1792 omissum
1841 1769 1884 1792 est
1910 1763 1965 1801 qui
1987 1762 2017 1790 in

1061 1812 1117 1840 Gu.
1132 1814 1162 1842 2.
1178 1827 1219 1833 —
1243 1810 1287 1850 62)
1307 1811 1508 1839 vehementius
1538 1810 1568 1838 Z.
1603 1824 1642 1829 —
1682 1809 1727 1844 63)
1747 1806 1794 1834 Sic
1816 1805 1866 1834 Ar.
1893 1821 1929 1827 -
1954 1805 2017 1833 Mo-

1058 1855 1153 1883 lutcus
1182 1854 1238 1882 Gu.
1267 1858 1291 1884 1.
1319 1870 1361 1875 —
1390 1853 1536 1881 Melotms
1574 1850 1653 1887 vulg.
1688 1865 1726 1870 -
1761 1849 1889 1876 Solonas
1918 1848 1949 1878 Z.
1978 1865 2014 1868 —

1058 1900 1107 1933 64)
1130 1896 1265 1924 dissilit-i
1286 1897 1308 1923 Z
1341 1906 1387 1934 pr.
1410 1911 1450 1917 --
1487 1894 1532 1932 65)
1556 1894 1623 1931 igni
1647 1893 1676 1919 Z.
1702 1892 1759 1920 Gu.
1777 1894 1806 1923 2.
1827 1906 1868 1912 —-
1895 1888 1944 1929 66)
1968 1890 2016 1918 Sic

1058 1940 1113 1967 Gu.
1139 1942 1163 1970 1.
1189 1940 1240 1967 Ar.
1259 1955 1300 1960 —
1319 1938 1466 1966 §abintus
1483 1936 1540 1964 Gu.
1556 1937 1584 1965 2.
1611 1951 1646 1956 —
1670 1935 1802 1962 Sat-inus
1823 1933 1911 1969 vulg„
1940 1942 2015 1970 quae

1059 1982 1125 2011 add.
1150 1982 1241 2018 lapi-5,
1268 1981 1349 2018 quod
1374 1991 1430 2008 om.
1456 1979 1512 2007 Gu.
1537 1981 1563 2009 1.
1588 1979 1615 2007 2.
1639 1987 1684 2005 va.
1709 1977 1757 2005 Ar.
1781 1992 1822 1997 -
1853 1974 1898 2013 67)
1922 1975 2015 2002 velze-

1058 2026 1186 2052 mentius
1210 2025 1244 2051 Ζ.
1269 2038 1310 2045 -—
1347 2022 1391 2061 63)
1416 2021 1504 2058 calef.
1530 2020 1557 2048 Z.
1588 2036 1628 2041 —
1662 2017 1709 2056 69)
1727 2029 1809 2057 aqua
1835 2017 1888 2045 Gu.
1912 2019 1940 2048 2.
1965 2027 2011 2044 va.

1056 2082 1097 2088 --
1128 2068 1175 2101 70)
1200 2075 1236 2092 ac
1258 2074 1306 2093 va.
1328 2080 1369 2086 —
1401 2062 1449 2103 71)
1471 2063 1520 2091 Sic
1543 2063 1631 2091 Arev.
1656 2072 1670 2090 e
1692 2062 1767 2090 Plin.
1791 2059 1939 2093 XXXVI,
1963 2062 2015 2091 22.

1054 2107 1186 2136 Eclesius
1215 2107 1295 2144 vulg.
1319 2123 1358 2128 -
1397 2104 1445 2145 72)
1468 2104 1575 2134 demde
1597 2106 1652 2133 Gu.
1677 2107 1706 2136 2.
1731 2114 1777 2132 va.
1806 2118 1847 2124 —
1870 2101 1956 2130 modo
1985 2101 2016 2128 Z.

1057 2168 1094 2171 —
1120 2148 1167 2189 73)
1190 2150 1239 2177 Sic
1262 2150 1313 2178 Ar.
1339 2159 1353 2176 e
1382 2148 1456 2178 Plin.
1477 2149 1495 2178 l.
1513 2158 1539 2177 c.
1555 2164 1598 2169 —
1623 2147 1773 2175 colaticus
1795 2145 1875 2182 vulg.
1896 2160 1935 2166 —-
1966 2144 2012 2177 74)

1054 2203 1170 2231 quoque
1200 2191 1269 2220 add.
1292 2192 1372 2229 vulg.
1400 2207 1436 2213 -·
1468 2191 1533 2219 Om.
1559 2191 1614 2218 Gu.
1641 2193 1663 2220 t.
1690 2205 1730 2210 —
1766 2186 1815 2227 75)
1838 2189 1887 2215 Sic
1903 2187 1933 2214 Z.
1953 2185 2008 2212 GU.

1057 2239 1082 2265 1.
1108 2237 1135 2266 2.
1161 2244 1206 2273 pr.
1231 2234 1276 2263 Al.
1300 2249 1340 2255 —-
1367 2234 1414 2262 rel
1442 2234 1522 2271 vulg.
1546 2248 1586 2254 -
1620 2235 1664 2266 76)
1681 2232 1730 2259 Sic
1755 2232 1808 2259 Gu.
1834 2232 1862 2261 1.
1882 2246 1919 2251 ——
1938 2235 2006 2271 prl-

1053 2288 1134 2305 mum.
1156 2277 1237 2315 vulg.
1260 2293 1301 2298 -—
1336 2278 1378 2313 77)
1398 2277 1537 2304 estet-ion*
1551 2275 1580 2303 Z.
1597 2291 1637 2296 —
1654 2274 1787 2302 citeriori
1800 2281 1854 2310 pro
1873 2271 2006 2296 citercore

1052 2320 1108 2348 Gu.
1137 2322 1163 2350 1.
1186 2335 1228 2341 --
1258 2318 1303 2356 75)
1326 2318 1413 2357 Vulg.
1430 2325 1455 2347 et
1479 2321 1572 2353 circa,
1596 2317 1648 2346 sed
1672 2323 1698 2344 et
1722 2326 1776 2344 om.
1800 2314 1829 2340 Z.
1851 2312 1904 2338 Gu.
1929 2311 1955 2340 1.
1974 2310 2003 2340 2.

1051 2378 1092 2384 -
1120 2361 1165 2399 79)
1190 2361 1342 2401 quaslibet
1366 2362 1401 2390 al.
1430 2372 1476 2400 pr.
1499 2371 1545 2390 va.
