2255 2819
222 73 296 108 316
925 77 1101 112 ISIDORl
1129 79 1309 112 HISPAL.
1337 80 1478 114 EPISC.

221 175 253 202 et
280 167 575 202 matremfamilias.
637 168 722 200 Nam
748 173 936 210 matronae,
965 169 1067 213 quia¹
1096 169 1184 204 inn²
1211 174 1242 205 in
1273 175 1520 208 matrimonium
1547 183 1789 210 convenerunt:
1824 183 1962 221 matres,
1998 181 2074 223 quia
2111 194 2174 227 ge—

220 226 377 254 nuerunt:
407 219 669 252 matresfamilias
679 216 701 260 ³,
729 220 807 262 quia
834 218 917 253 iam⁴
944 234 1006 266 per
1033 224 1201 266 quandam
1224 226 1300 258 iuris
1324 227 1554 260 solennitatem
1579 229 1610 260 in
1632 229 1793 261 familiam
1817 230 1925 262 mariti
1946 231 2173 270 transierunt5,

387 271 445 305 14.
500 271 727 314 Monogamus
755 271 880 313 dictus,
916 275 995 316 quia
1030 276 1085 307 uni
1118 280 1243 310 tantum
1280 279 1398 322 nupsit.
1459 276 1617 314 ,Μόνον6
1644 281 1731 313 enim
1766 281 1858 325 apud
1891 281 2040 317 Graecos
2074 297 2174 319 unum

221 323 358 363 dicitur,
385 322 499 368 γάμος
526 323 660 365 nuptiae
687 322 955 367 interpretantur.

386 381 443 414 15.
496 378 679 425 Bigamus⁷
706 389 818 417 autem
847 390 878 417 et
906 386 1066 430 trigamus
1093 398 1112 418 a
1139 399 1277 421 numero
1309 399 1448 420 uxorum
1475 395 1626 432 vocatus,
1663 394 1756 435 quasi
1784 390 1953 435 duabusg,
1991 396 2043 428 vel
2070 398 2173 430 tribus

219 435 353 468 maritus
366 430 386 466 ⁹.

386 483 445 518 16.
499 483 610 516 Vidua
640 490 768 527 vocata,
797 487 890 529 quod
919 499 994 521 cum
1023 490 1093 522 viro
1122 501 1188 522 uno
1212 487 1355 530 fueritffl,
1381 501 1442 523 nec
1469 489 1591 525 circa¹¹
1620 495 1822 528 consortium
1849 496 1983 528 alterius
2010 492 2069 524 viri
2097 499 2173 535 post

219 542 358 569 mortem
387 535 536 580 coniugis
565 536 663 580 primi
677 533 699 552 ¹²
727 538 927 572 adhaeserit.
982 542 1067 573 Nam
1095 553 1180 584 quae
1208 544 1300 574 alteri
1330 547 1405 586 post
1434 549 1574 576 mortem
1602 547 1721 589 prioris
1749 548 1809 580 viri
1837 544 2025 591 nupserintss,
2053 544 2172 577 viduae

217 600 282 621 non
311 588 476 623 dicuntur.
531 588 615 621 Item
643 588 742 622 vidua
770 591 870 633 dicta,
899 593 991 635 quod
1019 594 1090 625 sola
1117 594 1173 634 sit,
1202 605 1263 627 nec
1291 595 1378 627 circa
1406 596 1609 629 consortium
1638 598 1770 632 alterius
1798 599 1856 632 viri
1883 597 2073 644 coniugalia
2101 597 2172 629 iura

217 640 381 674 custodiat
393 636 427 674 ¹³³.

381 691 439 726 17.
493 692 616 725 Fratris
644 705 727 726 uxor
759 695 903 728 fratrissa
931 702 1078 731 vocatur.

319 744 432 776 Mariti
461 744 562 776 frater
590 745 671 777 levir
699 746 826 781 dicitur,

317 796 469 829 Duorum
493 796 577 828 inter
604 809 638 828 se
666 797 803 830 fratrum
831 810 948 832 uxores
974 798 1170 834 ianitrices¹⁴
1198 806 1372 841 vocantur,
1400 803 1494 844 quasi
1520 802 1660 835 eandem
1689 803 1819 836 ianuam
1847 808 2005 844 terentes,
2029 803 2081 835 vel
2110 813 2171 846 per

217 847 357 880 eandem
385 848 514 880 ianuam
542 848 605 879 iter
632 848 804 882 habentes,

318 899 388 933 Viri
420 910 512 931 soror
539 899 615 943 glos
643 902 846 944 appellatur.

384 958 440 991 IS.
495 960 627 992 Sororis
657 962 705 993 vir
731 962 876 1006 speciale
903 973 1023 994 nomen
1052 974 1117 995 non
1144 962 1264 1006 habet,
1300 974 1362 996 nec
1391 964 1501 997 uxoris
1530 964 1640 997 frater.

384 1010 441 1042 19.
494 1010 746 1046 Matrimonium
777 1018 825 1046 est
838 1010 861 1029 ¹⁵
888 1014 972 1045 iusta
999 1015 1158 1046 nobilium
1187 1016 1362 1048 conventio
1390 1021 1421 1047 et
1450 1016 1597 1048 conditio
1612 1013 1643 1048 ¹¹⁵.

381 1070 440 1103 20.
496 1071 698 1117 Coniugium
735 1078 783 1105 est
817 1074 1043 1118 legitimarum
1078 1086 1296 1118 personarum
1331 1076 1414 1108 inter
1450 1089 1483 1108 se
1518 1076 1662 1109 coeundi
1695 1081 1728 1108 et
1761 1077 1942 1120 copulandi
1958 1073 1980 1093 ¹⁷
2018 1076 2169 1120 nuptiae:

215 1121 409 1165 coniugium
438 1121 620 1165 dictumffi,
649 1125 725 1167 quia
754 1126 918 1159 coniuncti
943 1131 1034 1167 sunt,
1062 1126 1116 1158 vel
1143 1139 1161 1158 a
1190 1128 1283 1171 iugo,
1311 1139 1378 1170 quo
1407 1125 1471 1160 inst*
1500 1129 1620 1172 nuptiis
1648 1128 1861 1172 copulantur,
1890 1141 1929 1161 ne
1957 1128 2087 1167 resolvi,
2115 1133 2171 1159 aut

213 1174 360 1217 separari
388 1175 524 1217 possint.

380 1232 438 1265 21.
492 1233 705 1266 Connubium
734 1239 845 1266 autem
874 1245 939 1266 non
967 1247 985 1266 a
1013 1242 1135 1278 nupta,
1168 1237 1225 1268 sed
1261 1249 1279 1268 a
1308 1237 1465 1269 nubendo
1494 1237 1684 1270 formatum.
1745 1238 1874 1272 Dicitur
1901 1244 2010 1271 autem
2040 1248 2169 1270 connu-

213 1284 324 1323 bium,
352 1294 428 1316 cum
457 1285 614 1328 aequales
641 1286 673 1317 in
701 1287 831 1330 nuptias
859 1292 998 1327 coeunt,
1027 1292 1144 1331 utputa
1173 1288 1260 1321 cives
1289 1289 1450 1329 Romani,
1485 1290 1558 1332 pari
1586 1290 1699 1332 utique
1728 1290 1900 1333 dignitate.
1955 1289 2169 1322 Connubium

212 1341 322 1368 autem
351 1348 416 1368 non
446 1342 503 1377 est,
531 1348 606 1370 cum
635 1337 712 1369 civis
736 1339 907 1370 Romanus
935 1350 1011 1371 cum
1039 1339 1157 1371 Latina
1185 1339 1341 1384 iungitur.
1399 1340 1538 1381 Quoties
1567 1346 1676 1373 autem
1702 1342 1901 1374 connubium
1929 1352 1995 1373 non
2023 1346 2081 1377 est,
2110 1340 2170 1372 tilii

212 1393 344 1431 patrem
373 1400 438 1420 non
466 1386 690 1431 sequuntur²⁰.

379 1447 438 1479 22.
493 1449 706 1491 Hymenaeus
735 1449 854 1482 dicitur
883 1462 901 1480 a
929 1449 1076 1491 quodam
1106 1451 1321 1493 Hymenaeo,
1353 1452 1408 1493 qui
1437 1452 1561 1495 primus
1588 1464 1752 1498 prospere
1779 1464 1855 1485 usus
1883 1458 1931 1485 est
1958 1451 2089 1496 nuptiis,
2116 1450 2170 1482 vel

214 1496 289 1533 ἀπό
311 1498 380 1533 τοῦ
408 1497 554 1542 ὑμένος,
583 1497 710 1542 quod²¹
739 1497 969 1532 111e1nbrana²²
996 1502 1189 1546 virginitatis
1218 1508 1265 1534 est
1291 1503 1481 1537 claustrum.

381 1557 439 1589 23.
494 1557 756 1592 Contubernium
786 1566 833 1593 est
861 1560 904 1592 ad
933 1566 1063 1605 tempus
1090 1562 1234 1595 coeundi
1264 1563 1456 1602 conventio,
1486 1562 1574 1595 unde
1602 1569 1634 1596 et
1660 1563 1922 1604 tabernaculum,
1947 1562 2040 1606 quod
2064 1560 2169 1593 modo

214 1607 299 1651 huc,
327 1609 431 1641 modo
459 1609 540 1642 illuc
566 1612 771 1656 praeligitur.

381 1668 440 1702 24.
494 1670 689 1714 Repudium
740 1678 787 1706 est
799 1670 848 1714 ²³¹,
902 1671 994 1716 quod
1041 1673 1102 1705 sub
1150 1673 1337 1705 testimonio
1349 1670 1372 1689 ²¹
1419 1673 1549 1705 testium
1597 1672 1651 1704 vel
1697 1673 1887 1717 praesenti,
1939 1672 1990 1705 vel
2040 1671 2169 1703 absenti

215 1719 361 1754 mittitur.
1719 1734 1721 1737 ’

381 1770 439 1805 25.
494 1773 681 1806 Divortium
708 1780 773 1815 est,
801 1776 1084 1819 quotienscunque
1097 1773 1122 1793 ²⁵
1148 1775 1309 1807 dissoluto
1337 1775 1547 1807 matrimonio
1575 1775 1658 1806 alter
1684 1786 1798 1807 eorum
1827 1775 1946 1807 alteras
1957 1771 1982 1792 ²⁶
2009 1773 2167 1816 sequitur.

215 1821 404 1856 Divortium
433 1828 542 1856 autem
566 1826 693 1858 (lictum
721 1839 740 1859 a
768 1827 854 1859 flexu
882 1828 1027 1867 viarum,
1055 1828 1123 1861 hoc
1151 1833 1217 1869 est,
1245 1828 1312 1860 vias
1334 1828 1366 1859 in
1394 1827 1521 1860 diversa
1547 1822 1763 1859 tendentes²⁷.

300 1932 327 1968 1)
352 1933 407 1970 qui
431 1932 486 1963 Gu.
504 1936 529 1964 1.
553 1951 594 1956 —
618 1946 696 1973 quae
719 1936 775 1964 Gu.
792 1939 821 1968 2.
847 1955 884 1959 —-
909 1935 938 1976 9)
963 1939 1025 1964 iam
1051 1937 1087 1965 al.
1111 1948 1167 1966 om.
1212 1939 1277 1965 siro
1315 1936 1376 1964 duo
1399 1937 1521 1974 fuerint
1554 1935 1602 1964 Ar.
1638 1952 1677 1957 —
1716 1937 1762 1972 11)
1796 1936 1903 1963 iccirco
1936 1934 1991 1962 Gu.
2018 1937 2044 1966 1.
2081 1935 2165 1973 quasi

217 1989 252 1993 —
278 1973 309 2009 3)
343 1977 597 2012 matresfitmilias
628 1979 727 2009 Gu.2.
758 1990 802 2017 pr.
827 1990 872 2008 va.
898 1980 946 2009 Ar.
978 1997 1016 2001 -—
1047 1980 1075 2019 4)
1105 1982 1169 2007 ium
1213 1991 1280 2008 cam
1303 1984 1380 2008 esset
1402 1978 1583 2007 coniunctio,
1613 1995 1653 1998 —
1685 1980 1729 2017 12)
1756 1979 1853 2017 primi
1882 1978 2024 2015 coniugis
2048 1977 2099 2007 Ar.
2122 1993 2164 1998 -

214 2024 274 2043 om.
299 2016 355 2045 Gu.
374 2020 399 2048 1.
417 2021 446 2049 2.
472 2034 508 2039 -
532 2023 559 2053 5)
587 2021 639 2048 [ιι-ς
661 2032 755 2049 unum
779 2022 892 2049 dicitur
917 2022 983 2052 add.
1009 2023 1045 2051 al.
1075 2041 1108 2043 —
1137 2026 1168 2059 (5)
1214 2022 1260 2062 13)
1291 2021 1424 2051 custodit
1455 2032 1499 2049 va.
1531 2038 1568 2042 -—-
1605 2024 1646 2056 l-k)
1673 2023 1786 2049 [amices
1815 2031 1859 2051 va.
1890 2037 1930 2042 -—
1964 2019 2010 2057 15)
2036 2026 2077 2047 esc
2108 2030 2165 2048 om.

215 2058 320 2085 Menos
344 2069 389 2097 pr.
413 2076 454 2081 —
478 2061 507 2098 7)
531 2063 686 2100 Ihgmnus
711 2065 766 2091 Gu.
782 2067 808 2095 2,
834 2066 870 2093 al.
894 2075 938 2095 va.
962 2082 1004 2086 —
1035 2064 1063 2104 8)
1082 2065 1167 2103 Vulg.
1214 2067 1269 2093 Gu.
1290 2069 1315 2096 1,
1339 2081 1380 2086 -
1404 2066 1451 2101 16)
1474 2064 1523 2092 sic
1543 2064 1599 2092 Gu.
1615 2067 1639 2094 1.
1656 2081 1695 2085 —
1719 2065 1804 2102 Vulg.
1828 2063 1976 2091 nobilium
1991 2064 2075 2090 iusta
2090 2073 2165 2090 con-

215 2102 307 2137 quasi
329 2113 349 2129 a
373 2101 512 2138 duabus,
536 2107 585 2132 sed
610 2117 628 2133 α
652 2117 710 2136 om.
737 2108 792 2136 (ἆυ.
819 2111 843 2138 1.
868 2108 917 2136 Ar.
942 2118 1004 2136 var.
1028 2108 1094 2135 lect.
1120 2119 1166 2146 ap.
1215 2111 1312 2135 ventio
1337 2114 1362 2135 et
1387 2106 1528 2135 conditio.
1553 2124 1592 2127 ——
1618 2110 1660 2141 17)
1684 2106 1835 2135 eoenmlae
1853 2111 1878 2133 et
1898 2105 2089 2143 copulandae
2103 2116 2164 2133 nu-

216 2142 304 2172 Goth.
334 2161 376 2166 —
404 2145 523 2173 duobus
545 2157 592 2176 va.
621 2165 662 2170 -
691 2148 825 2177 ‹lma-um
856 2151 909 2178 Gn.
925 2154 952 2182 2.
983 2150 1018 2177 al.
1044 2155 1072 2178 et
1096 2161 1164 2179 mox
1206 2153 1291 2189 ptine
1308 2151 1365 2178 Gu.
1387 2153 1415 2180 2,
1439 2167 1473 2171 ——-
1498 2149 1540 2188 13)
1561 2149 1647 2186 Vulg.
1665 2156 1705 2177 est
1723 2150 1857 2185 dictum,
1881 2147 1931 2176 sed
1959 2154 2001 2175 est
2028 2159 2085 2178 om.
2106 2149 2163 2176 Gu.

215 2186 319 2215 trium.
344 2204 379 2208 —
405 2188 433 2227 9)
458 2190 505 2217 Sic
530 2190 586 2219 Gu.
607 2192 633 2220 1.
652 2194 679 2222 2.
701 2192 749 2219 Ar.
772 2203 833 2220 var.
858 2193 924 2221 lect.
948 2203 996 2231 ap.
1021 2193 1108 2221 Goth.
1124 2210 1165 2214 -—
1212 2197 1237 2225 1,
1256 2196 1283 2223 2.
1301 2194 1347 2221 Ar.
1374 2210 1411 2213 —-
1441 2192 1482 2231 19)
1507 2194 1536 2219 1'11
1554 2203 1610 2220 oin.
1628 2193 1663 2220 al.
1684 2204 1729 2221 va.
1754 2209 1795 2215 -—
1824 2194 1871 2226 ΞΟ)
1886 2191 1936 2228 fil.
1958 2197 2041 2228 Γαίῃ
2062 2201 2163 2219 conse-

214 2226 300 2266 VUlg·
332 2230 518 2261 mulieribus,
548 2250 589 2254 ——
620 2236 662 2268 10)
689 2244 756 2261 cum
782 2246 846 2262 mro
872 2235 932 2262 duo
962 2246 1021 2263 non
1041 2238 1163 2272 suerint
1208 2242 1342 2274 quantur
1364 2236 1457 2266 Gu.2.
1483 2251 1523 2256 —
1545 2239 1591 2269 21)
1616 2235 1664 2263 Sic
1693 2236 1748 2264 Gu.
1768 2239 1793 2267 1.
1811 2238 1838 2266 2.
1859 2243 1903 2272 pr.
1930 2234 1978 2261 Ar.
2000 2234 2046 2263 ed.
2071 2232 2160 2261 Goth.

215 2270 252 2297 al·
277 2288 316 2292 —
339 2283 407 2300 cum
428 2276 494 2302 viro
517 2274 646 2303 secundo
668 2287 727 2303 non
744 2278 847 2313 suerit
870 2279 907 2306 al.
932 2288 995 2306 var.
1018 2279 1085 2307 lect.
1117 2291 1162 2318 ap.
1207 2296 1248 2300 —
1271 2290 1347 2317 quae
1366 2278 1445 2315 vulg.
1471 2294 1512 2298 ——
1536 2276 1581 2317 22)
1607 2279 1655 2305 Sic
1680 2280 1734 2307 Gu.
1756 2281 1782 2310 1.
1802 2277 1884 2308 2:1¹.
1911 2293 1947 2296 —
1971 2275 2160 2303 membranae

216 2312 303 2342 Goth.
331 2333 364 2336 -—
391 2327 459 2345 cum
476 2319 542 2345 viro
556 2317 674 2346 dudam
693 2320 796 2355 fucrit
815 2320 880 2348 cod.
902 2320 1005 2349 Alban.
1032 2338 1067 2343 —
1095 2333 1162 2350 cum
1206 2322 1288 2359 vulg.
1321 2340 1357 2343 —
1394 2320 1440 2360 23)
1463 2326 1505 2349 ‹as-t
1521 2331 1577 2349 om.
1595 2322 1650 2349 Gu.
1668 2323 1694 2352 2.
1728 2337 1769 2343 —-
1809 2319 1853 2358 24)
1884 2320 2086 2347 testimonium
2114 2318 2160 2347 ed.
