2264 2830
764 117 1009 152 ORIGINUM
1036 119 1181 154 LIBER
1208 122 1280 154 XV.

1923 122 1999 156 479

222 214 256 250 6.
307 214 420 248 Cardo
448 219 496 247 est
522 214 622 253 locus,
650 213 681 246 in
709 224 775 256 quo
804 215 922 246 ostium
951 215 1096 255 vertitur,
1124 220 1156 247 et
1182 226 1313 260 semper
1340 219 1500 254 movetur,
1528 213 1634 247 dictus
1663 211 1735 248 α’πό
1758 215 1819 260 τῆς
1846 217 2000 260 καρδίας,

59 268 154 313 quod
178 267 271 310 quasi
300 278 358 299 cor
379 266 547 298 hominem
576 270 691 305 totum,
716 265 759 297 ita
787 266 842 298 ille
869 277 991 300 cuneus
1019 266 1148 298 ianuam
1176 273 1272 312 regat
1289 279 1328 300 ac
1351 271 1491 298 moveat.
1534 265 1634 298 Unde
1655 271 1687 298 et
1713 266 1924 309 proverbiale
1937 273 2000 299 est:

61 321 101 353 111
131 320 279 353 cardine
308 329 381 350 rem
410 328 490 350 esse.

223 371 254 402 Ἰ.
309 369 436 401 Limina
464 367 620 400 ostiorum
646 368 735 401 dicta
763 379 815 409 eo,
842 368 933 411 quod
955 369 1016 401 sint
1042 373 1223 402 transversa

59 428 114 457 aut
141 423 329 459 introeatur,
357 426 411 453 aut
440 420 528 452 foras
555 424 657 453 eatur.

226 475 260 507 ὅ,
314 472 427 503 l’ostes
455 476 487 504 et.
514 467 642 503 antes⁴⁰
669 472 758 514 quasi
785 476 861 514 post
888 475 919 504 et
933 467 955 487 ⁴¹
984 476 1067 505 ante.

59 526 102 558 ad
128 521 222 558 eas⁴³
250 522 454 562 accedimus,
482 523 672 566 priusquam
702 523 838 556 domum
868 524 1102 568 ingrediamur.

421 607 449 640 C
471 608 501 640 A
523 609 559 642 Ρ.
613 609 703 642 Vlli.

225 676 255 709 l.
310 675 576 709 Fundamentum
605 677 746 718 dietum,
780 677 871 721 quod
894 674 1049 710 fundus*
1082 677 1122 709 sit
1158 676 1283 709 domui.

59 730 195 771 dictum,
222 727 314 770 quod
330 723 352 743 *ᾗ
379 725 526 760 cras-50⁴⁰
552 729 668 772 lapide
694 735 817 773 surgat.

223 779 256 813 2.
311 779 423 811 Paries
451 786 675 824 nuncupatus,
703 782 779 824 quia
807 791 938 824 semper
965 779 1032 811 duo
1060 783 1132 811 sunt
1159 789 1275 822 pares,
1310 778 1362 811 vel
1390 791 1408 810 a
1442 779 1554 817 latere,
1592 778 1643 809 vel
1672 789 1690 809 a
1723 772 1872 809 fronte”.

57 833 144 866 entim
172 836 400 875 tetragonum.
436 831 502 864 sive
530 831 745 876 hexagonum
761 829 786 849 ⁴⁸
811 833 871 873 sit,
906 831 962 874 qui
997 842 1031 863 se
1067 831 1272 875 conspiciunt
1307 841 1346 863 ex
1377 830 1450 874 pari
1478 834 1573 862 erunt
1586 825 1620 860 ⁴⁹.

58 890 148 918 ctura
177 883 263 916 facta
290 882 449 914 deformis
476 888 523 916 est
537 879 570 915 ⁵⁰.

1230 365 1255 385 'ie

1231 377 1234 383 ·
1256 392 1266 409 ,
1291 374 1325 401 ut
1351 369 1463 407 limes,
1498 365 1562 400 et⁷¹⁰
1600 379 1660 411 per
1684 379 1723 400 ea
1750 368 1832 402 sicut
1860 369 1891 401 in
1918 380 2001 413 agro

1121 472 1166 505 Et
1192 476 1302 511 antes,
1341 470 1419 513 quia
1456 475 1529 502 ante
1561 475 1662 509 stant,
1696 470 1748 503 vel
1782 471 1861 513 quia
1896 467 2002 504 ante⁴²

1157 523 1271 555 Postes
1297 533 1349 562 eo,
1377 521 1468 564 quod
1497 527 1573 565 post
1600 522 1717 554 ostium
1744 526 1837 555 stent.

784 609 854 641 Dc
902 608 1164 653 partibus
1217 606 1631 652 aedificiorum.

1336 675 1431 708 Idem
1470 681 1501 707 et
1535 680 1742 708 caementum
1779 687 1797 707 a
1828 671 2001 707 caedendo

1926 774 2003 807 Sive

1675 828 1782 861 Aliter
1810 826 1894 860 enim
1918 830 2003 857 stru-

222 934 255 966 3.
308 934 487 967 Parietinas
510 934 648 968 dicimus
672 934 765 978 quasi
790 934 954 979 parietum
982 934 1099 967 ruinas.
1152 933 1238 967 Sunt
1263 933 1350 966 enim
1378 933 1520 977 parietes
1549 937 1668 965 stantes
1681 927 1702 947 ⁷¹¹
1735 931 1802 962 sine
1829 933 1917 961 tecto
1939 922 2004 959 et⁵²¹

57 988 125 1020 sine
141 982 165 1002 ⁵⁸
191 985 424 1018 habitantibus.

221 1036 254 1068 -Ι·.
308 1037 471 1080 Aug-ulus,
499 1037 591 1079 quod
619 1036 704 1069 duos
725 1037 867 1081 parietes
894 1036 1076 1081 coniungat
1090 1033 1123 1068 ⁵¹.

159 1088 313 1122 Culmina
340 1088 428 1122 dicta
461 1095 551 1130 sunt,
586 1089 663 1131 quia
694 1089 785 1133 apud
820 1089 972 1132 antiquos
999 1093 1091 1121 recta
1117 1086 1230 1121 culmo
1264 1086 1463 1132 tegebantur
1475 1082 1518 1125 ⁵⁵,
1552 1092 1587 1118 ut
1620 1096 1706 1118 nunc
1733 1083 1860 1117 rustica.

57 1141 134 1175 tecti
162 1139 329 1172 summitas
349 1140 480 1172 culmen
508 1140 639 1173 dicitur.

1916 1079 2003 1112 Hinc

220 1190 254 1224 5.
309 1190 471 1225 Gamerae
503 1198 576 1224 sunt
608 1191 776 1224 volumina
793 1187 818 1207 ⁵⁶
845 1191 1021 1224 introrsum
1049 1189 1272 1234 respicientia,
1295 1188 1486 1232 appellatae
1513 1199 1531 1219 a
1559 1198 1678 1221 curvo:
1710 1184 1850 1230 κάμουρ
1862 1178 1886 1198 ⁵²
1915 1181 2001 1214 enlm

57 1244 189 1277 Graece
216 1254 353 1276 curvum
384 1248 431 1274 est
445 1239 478 1275 ⁵⁸.

221 1294 254 1326 6.
310 1293 495 1335 Laquearia
523 1298 606 1333 sunt,
634 1304 721 1335 quae
741 1304 906 1325 cameram
928 1292 1107 1335 subtegunt
1131 1296 1164 1324 et
1189 1295 1316 1331 ornant,
1340 1301 1426 1333 quae
1450 1295 1482 1322 et
1508 1289 1673 1323 lacunaria
1702 1288 1863 1322 dicuntur.
1907 1283 2000 1315 Prin-

57 1346 207 1391 cipaliter
231 1350 340 1377 autem
369 1345 459 1377 lacus
486 1344 616 1384 dicitur,
644 1350 680 1376 ut
706 1344 868 1377 Lucilius:

287 1396 473 1428 Rcsultunt
501 1396 676 1440 aedesque
702 1396 876 1439 lacusque.

57 1449 158 1483 Cuius
185 1448 360 1480 diminutio
388 1448 522 1479 lacunar
545 1447 641 1487 facit,
669 1451 704 1479 ut
731 1447 888 1479 Horatius
903 1441 945 1478 ⁵⁹:

284 1498 407 1542 Aeque
432 1509 579 1530 aureum
596 1495 620 1514 ⁶⁰

285 1549 372 1581 Elea
403 1550 539 1582 renidet
554 1546 577 1566 ⁶¹
605 1548 639 1581 in
662 1548 766 1580 domo
793 1549 952 1581 lacunar.

57 1601 140 1635 lnde
165 1600 202 1632 fit
223 1600 287 1632 alia
314 1600 486 1632 diminutio
516 1601 730 1640 lacunarium,
759 1596 824 1632 et⁰²
852 1611 912 1644 per
941 1596 1149 1640 α’ντίστιχον
1178 1595 1383 1639 laquearium
1412 1594 1491 1627 facit
1508 1590 1543 1627 ⁰³.

223 1650 255 1683 Ἰ.
309 1652 435 1684 Absida
459 1652 593 1685 Graeco
621 1662 784 1690 sermone,
811 1651 928 1683 Latine
955 1650 1187 1693 interpretatur
1214 1646 1342 1686 lucida,
1378 1657 1417 1679 eo
1451 1644 1544 1688 quod
1572 1644 1695 1676 lumine
1731 1637 1905 1686 accepto‘3⁴
1941 1651 2002 1684 per

57 1713 169 1736 arcum
197 1703 418 1746 resplendeat.
456 1704 523 1736 Sed
551 1708 660 1737 utrum
687 1702 837 1736 absidem
865 1714 906 1735 an
932 1700 1083 1734 absidam
1096 1696 1121 1717 ⁶5
1148 1699 1262 1734 dicere
1289 1698 1485 1740 debeamus,
1512 1696 1581 1729 hoc
1591 1691 1615 1712 ⁶⁶
1642 1694 1734 1728 verbi
1761 1704 1866 1738 genus
1893 1692 2000 1725 ambi-

57 1766 161 1800 guum
189 1754 325 1797 quidam
352 1754 529 1788 doctorum
556 1755 749 1788 existimant.

57 1863 98 1869 -·
127 1846 173 1885 35)
193 1847 282 1882 s‘WaS
310 1845 390 1873 yid&
419 1847 515 1883 vulg„
545 1847 595 1876 sed
619 1849 716 1884 fora-s·
747 1856 803 1875 om.
833 1846 888 1873 Gu.
916 1849 941 1876 1.
968 1862 1001 1866 —

1050 1861 1089 1865 —
1127 1845 1171 1880 43)
1195 1844 1400 1880 tetragonium
1423 1856 1463 1861 —
1485 1839 1687 1876 lzexagonmm
1714 1838 1769 1866 Gu.
1789 1839 1812 1866 1.
1834 1852 1875 1857 —
1903 1834 1951 1871 49)
1975 1840 2000 1861 ι(

57 1888 105 1927 36)
129 1890 207 1916 enim
232 1889 262 1919 Ζ.
288 1904 324 1909 ·-
348 1886 395 1925 37)
418 1891 485 1925 φῶς
500 1911 505 1918 .
521 1911 527 1917 .
544 1890 595 1917 lux
616 1896 659 1918 est
687 1900 743 1918 om.
767 1890 865 1918 Gn.2.
887 1904 929 1910 --
959 1887 1005 1925 33)
1043 1897 1136 1924 pares
1158 1891 1230 1913 sunt
1253 1886 1308 1914 Gu.
1333 1887 1361 1916 2.
1383 1897 1424 1905 —-
1452 1885 1498 1916 50)
1518 1883 1573 1909 erit
1596 1882 1628 1910 Z.
1659 1896 1699 1901 ——
1740 1878 1786 1917 51)
1811 1889 1888 1917 quae
1917 1883 2000 1904 stant

58 1933 106 1960 Sic
131 1932 189 1960 Gu.
215 1934 242 1961 1.
268 1948 305 1952 --
335 1935 522 1959 transversae
549 1938 618 1960 sunt
649 1933 729 1970 vulg.
763 1948 797 1954 -—
832 1936 1005 1958 transversa
1051 1929 1150 1959 Gn.2.
1167 1944 1209 1949 —
1232 1927 1276 1966 52)
1304 1933 1329 1955 et
1355 1936 1411 1954 om.
1435 1925 1465 1953 Z.
1492 1924 1586 1954 Gu.1.
1603 1940 1641 1944 -—
1666 1924 1713 1960 53)
1734 1922 1798 1949 sine
1821 1932 1877 1950 om.
1895 1919 1951 1949 Gu.
1969 1922 1998 1951 2.

58 1976 119 2002 sint
143 1975 173 2003 Z.
197 1974 253 2000 Gu.
275 1975 303 2003 2.
326 1972 376 2000 Ar.
399 1982 445 2001 va.
472 1990 507 1994 —
547 1977 592 2009 39)
617 1981 649 2003 ut
671 1985 716 2004 va.
740 1991 781 1996 —-
805 1974 896 2010 foras
928 1972 1004 2001 insta

58 2027 114 2056 pro
148 2016 228 2053 vulg.
250 2016 337 2051 fords
366 2014 485 2043 exhibet
517 2016 572 2045 Gu.
599 2020 625 2048 1.
657 2028 701 2055 pr.
732 2027 779 2046 va.
813 2032 848 2037 -
880 2017 928 2051 40)
951 2025 1004 2042 cm-

58 2066 107 2088 tae
131 2059 175 2087 bis
210 2058 313 2092 AreV,
347 2057 426 2094 quod
462 2064 544 2085 antes
573 2063 600 2087 et
629 2066 717 2088 antae
739 2060 886 2088 differant.
941 2058 1003 2097 Ego

59 2107 155 2131 autem
184 2099 378 2133 crediderim,
406 2099 551 2129 Isidorum
576 2103 674 2139 potius
702 2103 792 2131 verba
823 2100 1004 2135 confudisse,

57 2155 147 2183 quam
185 2143 298 2171 scribas
333 2141 480 2171 codicum.
517 2159 559 2165 —
596 2142 640 2181 41)
672 2146 762 2182 quasi
788 2150 860 2182 post
890 2149 917 2171 et
948 2153 1004 2171 om.

58 2188 116 2215 Gu.
135 2189 160 2216 1.
187 2202 226 2208 --
248 2185 332 2222 Vulg.
355 2189 422 2222 post
445 2191 514 2212 ante
535 2185 603 2214 add.
625 2191 748 2222 stantes,
773 2186 854 2225 quod
879 2196 934 2214 om.
954 2186 1004 2214 Ar.

57 2246 98 2252 -.
119 2227 166 2267 42)
188 2233 258 2256 ante
278 2237 333 2265 pro
355 2233 444 2254 antea
468 2228 525 2256 Gu.
547 2231 574 2259 1.
596 2230 626 2258 2.
647 2243 687 2250 —-
709 2230 753 2262 43)
776 2239 824 2256 eos
847 2229 902 2257 Gu.
929 2231 955 2258 1.
975 2229 1004 2258 2.

52 2289 98 2294 --
137 2270 183 2308 44)
207 2269 449 2308 fundamentum
477 2270 532 2298 Gu.
558 2273 584 2300 1.
615 2286 656 2291 —
686 2269 794 2299 domus
822 2281 877 2309 pro
900 2269 1005 2298 domui

60 2315 90 2343 Ζ.
113 2314 149 2343 al.
175 2330 209 2334 -—
243 2313 290 2349 45)
314 2323 343 2340 eo
367 2311 450 2350 quod
483 2312 538 2342 Gu.
563 2315 590 2343 2.
619 2323 667 2342 va.
701 2328 738 2336 --
772 2314 820 2349 46)
837 2324 943 2351 gros-50
967 2313 1004 2341 al.

60 2372 101 2377 —
130 2358 175 2393 47)
196 2355 246 2384 Sic
269 2355 326 2384 Gu.
347 2357 372 2385 1.
386 2357 414 2385 2.
435 2371 476 2377 -
500 2355 547 2383 νεῖ
567 2365 587 2382 α
602 2356 715 2392 fronte,
739 2355 787 2383 vel
807 2365 825 2382 (ι
849 2356 901 2383 lat.
921 2355 1002 2391 vulg.

1047 1987 1089 1994 —·
1113 1969 1158 2008 54)
1187 1972 1220 1998 in
1242 1980 1338 1997 unum
1361 1968 1530 2003 coniungat
1559 1966 1652 2004 vulg„
1681 1963 1733 1992 sed
1762 1973 1810 1993 vv.
1840 1966 1873 1992 in
1903 1972 1998 1989 unam

1049 2024 1104 2042 om.
1130 2013 1186 2040 Gu.
1206 2015 1231 2043 1.
1255 2027 1295 2034 -
1326 2011 1374 2048 55)
1397 2010 1447 2038 Sic
1470 2010 1501 2038 Z.
1525 2009 1581 2039 Gu.
1600 2011 1628 2039 1.
1651 2010 1682 2039 2.
1705 2017 1751 2046 pr.
1778 2007 1824 2036 Ar.
1847 2022 1889 2028 —
1913 2004 1999 2041 Vulg.

1048 2055 1226 2094 tegebantur
1246 2055 1354 2082 culmo.
1377 2069 1419 2076 —
1441 2052 1540 2080 culmo
1564 2061 1620 2080 om.
1644 2060 1689 2080 va.
1716 2065 1757 2071 —
1793 2052 1837 2083 56)
1863 2048 2000 2076 culmina

1048 2099 1103 2126 Gu.
1130 2101 1157 2128 1.
1181 2101 1208 2130 2.
1226 2112 1268 2118 —
1290 2096 1340 2134 57)
1366 2095 1413 2124 Sic
1437 2095 1492 2123 Gu.
1513 2097 1541 2126 2.
1566 2095 1594 2127 4.
1618 2103 1661 2132 pr.
1685 2102 1733 2121 va.
1752 2091 1803 2121 Ar.
1826 2108 1868 2113 —
1894 2091 1999 2120 Carnes

1049 2141 1148 2170 Gu.1.
1173 2157 1208 2162 —-
1238 2139 1351 2168 Camar
1373 2139 1403 2166 Z.
1417 2153 1458 2159 -—
1479 2134 1635 2176 καμπύλον
1657 2135 1739 2173 vulg.
1767 2149 1809 2157 —-
1847 2134 1894 2171 58)
1918 2131 1998 2159 dici-

1049 2189 1098 2211 tur
1121 2183 1153 2212 Z.
1173 2199 1215 2204 —
1245 2183 1293 2217 59)
1321 2181 1423 2210 Horat.
1449 2180 1506 2209 Od.
1529 2179 1568 2215 ΙΙ,
1596 2182 1637 2207 18.
1660 2178 1724 2207 init.
1747 2193 1789 2199 —
1820 2178 1864 2212 60)
1889 2182 1996 2203 aarum

1049 2226 1104 2253 Gn.
1130 2228 1156 2256 1.
1179 2241 1220 2247 —-
1256 2225 1304 2260 61)
1327 2225 1431 2252 renitet
1456 2223 1512 2251 Gu.
1538 2226 1564 2253 1.
1588 2222 1616 2253 4.
1639 2236 1681 2242 --
1704 2222 1815 2248 renitat
1839 2219 1868 2246 Z.
1890 2232 1929 2238 -
1953 2224 1996 2240 rf-

1047 2270 1119 2295 tinet
1144 2267 1200 2297 Gu.
1225 2269 1253 2299 2.
1284 2277 1329 2305 pr.
1361 2276 1407 2294 va.
1436 2281 1477 2287 —
1515 2264 1560 2303 62)
1584 2270 1610 2292 ει
1644 2273 1700 2292 om.
1720 2263 1750 2292 Z.
1781 2277 1817 2283 -
1848 2258 1893 2297 63)
1912 2257 1994 2292 faczt

1048 2321 1104 2339 om.
1130 2310 1215 2339 Arev.
1241 2324 1277 2331 —
1303 2308 1348 2346 64)
1373 2313 1453 2347 cepto
1477 2308 1510 2337 Ζ.
1532 2323 1573 2329 -
1607 2304 1654 2345 65)
1679 2305 1726 2334 Sic
1751 2304 1805 2332 Gu.
1829 2305 1853 2330 1.
1878 2315 1917 2319 —-
1941 2296 1995 2324 (121-

1047 2352 1149 2381 sidam
1172 2363 1213 2380 an
1236 2351 1373 2379 absidem
1390 2351 1470 2388 vulg.
1491 2366 1524 2370 —
1559 2348 1604 2387 66)
1628 2349 1719 2375 huius
1743 2346 1795 2371 Gu.
1819 2344 1846 2372 2.
