2255 2819
141 933 224 973 1104]

213 119 263 154 74
860 114 944 149 FL.
984 112 1182 149 SOSIP.

219 212 280 243 nius
303 209 446 240 Secundus
479 214 557 239 recte
583 208 710 238 arborem
744 205 781 235 ita
811 205 865 237 dici
895 206 950 242 ait,
981 217 1090 248 pomum
1111 217 1180 238 vero

219 266 273 297 per
296 266 309 283 ο
332 252 439 283 literam
464 251 527 282 dici.
572 251 648 282 Fici:
670 249 788 279 Ennius:

316 297 472 335 Dulm'ferae
490 297 544 333 Jicz'
564 295 691 322 lactantes
712 294 788 322 ubere
810 296 863 321 loto
873 292 894 321 ¹.

221 339 355 370 Lucilius:

311 382 388 415 Fici,
411 378 507 419 inquit,
532 378 698 406 comeduntur
720 382 744 407 et
769 387 836 406 uvae
846 376 870 406 ².

292 428 342 455 87.
359 421 501 454 Felicium.
539 420 635 450 Trium
657 431 789 462 generum
809 419 919 449 nomina
940 419 1063 461 genitivo
1082 418 1181 459 plurali

226 474 289 497 ante
308 477 351 495 um
371 468 381 494 ι’
402 463 503 493 debent
522 463 667 503 recipere,
690 470 717 494 ut
738 463 904 504 pernicium,
930 462 1085 497 audacium,
1108 461 1181 492 sero-

225 511 303 540 cium.
348 507 412 537 Atia
436 505 482 536 illa
506 505 605 545 regula
628 511 684 541 est,
708 517 787 547 quam
810 505 858 535 suh
882 506 905 534 C
923 504 1003 535 litera
1022 504 1149 534 diximus.

290 552 338 581 5³8.
355 549 471 582 Fretus.
496 546 598 578 huius³
623 548 720 583 fretus:
745 548 857 578 Porcius
872 547 1006 583 Licinius,
1032 553 1057 577 ut
1081 547 1183 577 Plinius

227 593 325 622 eodem
354 591 488 621 sermonis
523 590 596 620 dubii
627 590 700 620 libro
727 598 806 620 sexto
833 591 933 620 rel'ert:
961 591 1035 630 falsi
1054 590 1143 629 fretus
1155 590 1180 620 4.

226 635 349 666 Messala
379 639 473 664 contra
496 634 607 664 Antonii
624 635 638 652 ⁵
671 633 781 663 literas:
804 636 952 671 Angustiae
968 634 1067 673 fretus.
1111 633 1180 663 Fre-

228 679 293 711 tu⁶2
324 677 439 707 Cicero:
468 678 492 706 A
515 677 669 714 Gaditano,
696 676 797 717 inquit,
823 677 901 716 srelu
913 677 937 705 ⁷.
981 676 1119 716 Augustus
1147 674 1182 705 ad

228 721 387 751 Antonium:
411 720 494 748 Fretu
515 722 590 749 cessi.

295 763 344 792 89.
360 761 481 793 Fabrum
493 772 544 802 pro
557 761 707 797 fabrorum,
723 759 769 790 ubi
782 760 883 791 Plinius
895 760 992 791 eodem
1007 759 1079 790 libro
1094 766 1183 795 sexto,

232 806 286 835 lioc
312 811 405 841 recte,
434 805 533 845 inquit,
558 815 638 839 usuS,
662 810 690 834 et
711 803 882 839 sestertium,
906 804 1007 844 inquit,
1032 809 1070 833 tot
1099 802 1182 832 milia.

231 849 272 878 M.
296 849 414 877 Scaurus
437 853 531 877 contra
550 846 660 877 Brutum
690 845 725 876 de
747 846 870 886 pecuniis
900 845 1072 887 repetundis:
1103 846 1185 874 Prae-

229 893 299 930 fecti
313 890 457 929 salaminii.

297 934 346 963 90.
364 931 486 962 Filiabus
514 931 541 962 in
569 930 738 960 testamentis
766 930 803 960 ob
834 930 980 960 discrimen
1004 928 1018 971 Η
1039 941 1121 959 sexus
1149 929 1185 959 ait

232 976 334 1006 Plinius
357 974 411 1004 diei
434 984 596 1008 consuesse,
626 974 707 1002 οιιιῐιυ
731 972 775 1002 his
803 979 902 1003 tantum
924 972 1078 1002 nominibus
1101 971 1184 1001 adiici

231 1018 338 1053 soleat,
362 1028 430 1058 quae
453 1026 566 1045 numero
588 1015 685 1056 plurali
709 1026 734 1044 es
755 1015 843 1045 literis
867 1015 1064 1050 terminantur,
1093 1020 1120 1045 ut
1140 1025 1184 1043 cu-

230 1061 372 1102 piditates,
397 1059 560 1099 (lignitateS,
584 1057 630 1088 vel
652 1068 723 1100 quae
745 1069 791 1095 us,
819 1063 845 1087 ut
868 1068 950 1093 anus,
974 1068 1082 1094 manus,
1105 1067 1184 1087 sena-

229 1111 285 1137 tus,
310 1103 412 1131 fluctus.

297 1146 345 1175 91.
364 1143 477 1174 Febrim
501 1149 527 1173 ut
549 1142 660 1177 tussim,
685 1142 765 1177 sitim,
790 1143 827 1172 ait
852 1141 971 1178 Plinius,
995 1142 1120 1184 exceptis
1142 1142 1186 1173 his

227 1187 331 1222 tribus,
355 1193 448 1216 cetera
471 1186 625 1215 accusativo
650 1185 676 1215 in
699 1196 735 1214 em
761 1192 869 1216 exeunt.

292 1231 341 1260 92.
359 1229 501 1259 Fontis-¹⁰.
550 1230 655 1257 tuorum
678 1227 814 1257 nominum
833 1227 970 1267 genitivus
987 1227 1102 1268 pluralis
1125 1234 1187 1257 ante

228 1283 272 1301 um
294 1271 425 1313 syllabam
457 1274 469 1301 z·
497 1270 578 1301 litera
607 1270 794 1300 terminabitur
813 1271 852 1305 ¹¹,
881 1270 1066 1306 accusativus,
1098 1270 1184 1310 inquit

229 1314 341 1349 Plinius,
368 1325 419 1354 per
441 1317 478 1342 eis
500 1313 617 1354 loquitur
628 1312 665 1347 ΓΖ,
690 1312 817 1342 montium
840 1313 971 1347 monteis;
1001 1313 1064 1342 licet
1080 1312 1181 1348 Varro,

230 1358 330 1397 inquit,
361 1356 496 1397 exemplis
518 1355 589 1385 lianc
612 1354 737 1395 regulam
760 1354 901 1385 confutare
923 1356 1033 1385 tentarit
1047 1355 1072 1373 ¹³
1094 1355 1182 1385 istius-

229 1399 319 1434 modi,
344 1398 453 1429 falcium
475 1398 578 1435 falces,
602 1408 656 1427 non
679 1397 774 1427 l'aleeis
797 1398 879 1434 facit,
909 1408 960 1428 neo
981 1397 1031 1428 has
1053 1397 1182 1434 merceis,

303 1509 330 1541 1)
349 1509 393 1536 Cf,
421 1507 527 1534 Hessel.
557 1507 590 1532 ad
615 1506 686 1534 Enn.
713 1506 780 1534 Ann.
804 1507 830 1540 I,
857 1515 916 1541 pag.
942 1508 985 1533 15.
1089 1507 1118 1539 2)
1143 1507 1188 1533 Cf.

232 1543 316 1572 Lucil.
336 1544 439 1577 Reliqq.
463 1552 490 1576 p.
511 1543 571 1568 236.
591 1542 632 1567 ed.
654 1542 771 1567 Havete.
874 1543 905 1574 3)
931 1542 982 1567 Pro
1007 1551 1034 1567 v.
1061 1542 1142 1567 huius
1161 1542 1188 1567 in

233 1580 299 1604 cod.
319 1584 357 1604 est
376 1579 404 1605 π,
510 1577 538 1608 4)
558 1576 624 1606 Quis
643 1580 696 1607 est,
724 1577 767 1609 qui
795 1576 885 1601 credat
912 1585 1004 1602 nomen
1032 1576 1118 1601 Porcii
1144 1577 1188 1601 Li-

234 1614 295 1638 cinii
312 1618 383 1638 recte
402 1622 431 1638 se
449 1612 562 1643 habere,
591 1620 657 1644 quae
675 1612 726 1636 dno
745 1616 805 1636 sunt
823 1611 926 1636 nomina
944 1611 1075 1644 gentilitia
1087 1612 1101 1636 ’.ἔ
1131 1611 1188 1637 Nec

234 1649 367 1681 quisquam
386 1648 451 1679 fnit,
478 1646 522 1679 qui
542 1650 586 1671 aut
606 1646 699 1670 Porcia
720 1646 815 1670 Catani
833 1650 878 1671 aut
899 1646 1000 1671 Licinio
1019 1646 1119 1671 cuidam
1139 1646 1189 1671 hoc

234 1683 338 1707 effatum
357 1683 472 1707 tribuere
491 1681 609 1706 auderet.
646 1681 719 1705 Citat
743 1685 827 1705 tamen
852 1681 961 1706 eundem
980 1681 1099 1706 Porcium
1118 1681 1189 1706 Lici-

237 1717 305 1741 nium
325 1717 426 1742 Gellius
446 1715 524 1748 XIX,
543 1717 568 1741 9.
595 1720 621 1740 et.
639 1715 733 1746 xvii,
752 1716 796 1740 21.
817 1715 859 1739 ubi
888 1715 914 1740 in
941 1715 989 1740 hoc
1016 1715 1119 1740 nomine
1138 1715 1189 1740 iam

237 1751 345 1775 offendit.
358 1751 518 1781 Gronovius,
537 1758 612 1783 quem
629 1749 729 1774 videas.
765 1749 809 1774 Cf.
823 1749 900 1775 etiam
914 1750 1042 1784 Stephan-
1057 1750 1188 1782 Fragmm.

237 1785 341 1810 Poetar.
368 1795 392 1817 p.
409 1787 467 1810 415.
504 1786 627 1809 Ceterum
647 1785 679 1809 de
700 1783 790 1808 eodem
809 1784 873 1809 satis
898 1785 1072 1818 probabiliter
1097 1785 1190 1818 dispu-

236 1819 304 1845 tavit
323 1819 487 1844 Weicliertus
509 1819 535 1844 in
555 1819 659 1844 Poetur.
679 1819 798 1843 Latinor.
818 1818 884 1843 Rell.
909 1828 935 1852 p.
958 1820 1015 1846 138.
1041 1819 1086 1852 qui
1104 1824 1191 1844 tamen

238 1853 302 1878 nihil
326 1853 359 1877 de
382 1855 491 1878 nomine.
598 1855 626 1885 5)
652 1853 783 1878 Antonini
815 1854 882 1878 Cod.
918 1854 1043 1878 Valerius
1069 1853 1191 1879 Messala

238 1889 334 1914 citatur
361 1895 376 1911 a
394 1888 518 1913 Suetonio
545 1887 571 1913 in
600 1888 656 1913 vita
681 1888 823 1913 Octaviani
852 1897 910 1921 cap.
930 1889 972 1914 74.
1015 1889 1059 1915 Cf.
1086 1888 1190 1922 Meyer.

238 1940 370 1971 Fragmm.
390 1937 463 1963 Orat.
485 1939 557 1964 Rom.
583 1948 610 1972 p.
627 1939 687 1965 208.
705 1948 779 1972 seqq,
886 1940 915 1969 6)
936 1931 1019 1966 Frctie‘
1040 1939 1106 1973 (sic)
1125 1940 1190 1966 eod.

238 1975 269 2007 7)
288 1974 328 1998 De
345 1972 422 1997 simili
441 1972 515 1997 huius
533 1974 604 1998 vocis
624 1982 672 1998 usu
696 1974 730 1998 cf.
750 1973 852 1999 Nonius
877 1983 903 2007 p.
919 1975 978 2001 205.
1015 1975 1136 2000 Gronov.
1158 1975 1191 2000 ad

240 2009 263 2034 A
282 2007 362 2033 Gellii
379 2007 424 2031 titt..
446 2006 486 2039 X,
506 2008 548 2032 26.
587 2008 758 2040 Perangusto
777 2011 857 2040 fretu
883 2017 914 2033 ex
934 2009 992 2034 Cic.
1014 2010 1041 2034 iu
1060 2010 1138 2034 Verr.
1158 2009 1192 2042 V,

242 2043 285 2070 26.
306 2042 371 2067 citat.
389 2040 491 2076 Gellius
514 2040 596 2073 xm,
616 2044 657 2067 20.
704 2043 840 2067 Gaditano
861 2045 938 2075 fretu
964 2044 1032 2077 apud
1059 2044 1116 2071 Cic.
1143 2053 1192 2076 ego

242 2086 294 2102 uon
312 2076 410 2102 inveni.
450 2076 599 2107 Quaerant,
625 2076 719 2108 quibus
746 2083 831 2103 vacat.
936 2078 965 2110 8)
986 2078 1126 2111 Praefecti.
1162 2078 1193 2103 In

244 2119 311 2146 Cod.
337 2124 377 2144 est
404 2108 442 2152 ᾗ
475 2117 528 2142 Ed.
555 2126 595 2150 pr.
628 2118 717 2151 Pracf.
744 2135 778 2138 -—
810 2121 932 2145 Scaurus
953 2126 1047 2146 contra
1076 2121 1194 2147 Brutum

244 2155 321 2179 etiam
348 2153 442 2179 citatur
466 2161 481 2178 a.
498 2151 624 2190 Diomede
644 2162 670 2185 p.
689 2155 793 2181 398.—
807 2156 849 2179 Ad
871 2156 1027 2189 Caepionem
1055 2156 1194 2189 aliquoties

244 2188 365 2214 laudatur
389 2187 467 2214 infra.
503 2186 547 2213 Cf.
574 2190 649 2210 etiam
675 2187 778 2221 Meyer.
805 2189 831 2213 in
859 2191 935 2216 Orat.
960 2190 1035 2217 Rom.
1060 2190 1193 2223 Fragmm.

265 2232 305 2256 ag.
328 2223 384 2249 128.
411 2229 485 2254 seqq.
589 2221 618 2252 9)
641 2220 705 2245 Cum
728 2223 767 2247 Itis
791 2228 907 2251 tantum.
944 2225 990 2249 Sic
1014 2225 1073 2250 libri
1094 2233 1191 2250 omnes.

242 2233 392 2290 {legendum
417 2256 474 2281 sine
492 2254 586 2280 dubio:
612 2263 672 2278 cum
695 2258 751 2280 bus
776 2257 816 2281 lais
837 2262 943 2284 tantum
961 2260 1112 2284 nominibus
1129 2263 1193 2284 cett.

245 2294 288 2321 10)
311 2291 419 2316 Frontis
437 2289 504 2315 eod.
523 2289 640 2321 frameis
666 2289 718 2315 Ed.
739 2298 779 2321 pr.
798 2291 878 2317 Fabr.
902 2293 931 2317 P.
957 2294 1025 2327 quod
1044 2302 1133 2319 verum
1152 2294 1193 2318 vi-

241 2327 327 2351 detur.
418 2327 462 2358 11)
484 2323 588 2348 Littera
605 2323 790 2365 ter-minabitur
808 2325 887 2350 Fabr.
908 2327 938 2352 Ρ.
963 2337 995 2353 ex
1015 2328 1194 2353 emendatione

242 2369 366 2394 Fabricii.
382 2368 449 2393 Cod.
469 2367 589 2392 exhibet:
609 2367 640 2392 lit
665 2375 725 2392 cum
742 2367 922 2392 merebuntur.
950 2369 1002 2396 Ed.
1021 2380 1062 2403 pr.
1087 2370 1194 2396 literam

240 2404 421 2430 merebuntur.
459 2402 540 2428 Recte
559 2401 664 2429 videtur
681 2401 830 2428 emendasse
850 2401 931 2428 Fabr.
1018 2406 1064 2437 12)
1083 2405 1193 2438 [Aequa-

1223 112 1524 150 CHARISII

1215 215 1267 235 nee
1288 204 1340 235 hos
1366 206 1458 242 axeis,
1487 206 1647 243 lintreis14,
1670 207 1807 242 rentreis,
1831 206 1957 246 stupeis,
1980 205 2081 242 urbeis,
2105 216 2165 237 cor-

1214 247 1277 278 beis
1288 248 1324 284 ¹⁵,
1346 249 1464 285 vecteis,
1487 250 1603 290 nepteis.
1648 250 1681 280 Et
1705 256 1795 280 tamen
1816 261 1909 280 manus
1928 249 1972 280 dat
1995 250 2165 290 praemissae

1214 290 1345 331 regulae,
1374 291 1487 322 ridicule
1499 292 1526 310 1⁶
1557 299 1583 323 ut
1599 294 1736 334 ,exeeptis
1766 292 1809 323 liis
1831 292 1984 323 nominibus
2006 292 2095 323 valeat
2119 304 2163 324 re-

1213 333 1288 375 gula.

1277 377 1327 406 93.
1344 376 1432 406 Fures
1446 376 1487 409 ¹⁷:
1507 375 1570 406 licet
1583 376 1849 409 Grammaticirelint
1864 377 1992 418 genitivis
2006 385 2060 408 tam
2075 378 2167 416 singu-

1215 418 1267 448 lari
1290 430 1368 459 quam
1391 418 1488 459 plurali
1509 418 1532 448 si
1555 422 1566 448 i
1587 419 1666 451 litera
1689 421 1812 451 intererit
1834 422 2013 452 accusativum
2035 418 2170 462 pluralem

1216 461 1244 491 in
1259 465 1297 490 eis
1312 462 1401 497 exire,
1427 468 1454 491 ut
1477 460 1522 491 hic
1545 460 1623 499 suuis,
1647 462 1742 493 horum
1759 463 1872 498 sunium,
1896 465 1947 494 lios
1963 464 2065 499 l'uneis,
2090 474 2170 504 quam

1217 504 1343 545 regulam
1361 510 1445 545 negat
1461 503 1561 534 Plinius
1578 504 1652 535 vires
1674 504 1779 537 habere
1796 507 1925 548 potuisse.
1970 507 2069 537 Errant
2085 506 2166 541 enim,

1217 548 1262 586 qni
1288 553 1387 587 putant,
1413 558 1445 576 ea
1467 546 1590 582 nomina,
1615 558 1684 588 quae
1707 550 1871 580 nominativo
1902 549 2037 589 singulari
2063 555 2089 578 et
2117 559 2168 588 ge-

1217 589 1301 619 nitivo
1324 590 1395 631 sing.
1408 590 1435 607 ¹3
1455 600 1508 630 per
1525 593 1548 618 is
1569 589 1790 628 terminabuntur,
1814 598 1839 622 et
1854 592 2028 631 genitivosl‘)
2047 602 2099 632 per
2114 595 2169 621 ium

1218 631 1376 672 loquuntur,
1413 633 1569 662 accusativo
1606 632 1695 663 suneis
1725 643 1807 673 posse
1837 635 1945 671 dicere,
1983 634 2055 676 quod
2085 639 2170 675 negat

1215 673 1326 704 Plinius.

1283 717 1333 747 94.
1351 717 1487 748 Ferocior
1506 723 1641 757 tamquam
1656 717 1746 758 peior,
1769 717 1876 754 melior,
1895 719 1932 749 ait
1947 718 2018 750 Stilo
2029 719 2071 755 ²⁰,
2090 719 2118 750 in
2132 721 2171 748 eis

1218 760 1375 789 accusativo
1396 771 1478 800 posse
1501 760 1634 801 proferri,
1660 760 1833 791 serocioreis.

1284 803 1332 833 95.
1350 803 1529 838 Feriendum,
1552 802 1695 833 ferienteis
1710 803 1783 833 idem
1800 802 1870 833 stilo
1887 809 1960 844 putat
1975 803 2068 834 facere
2084 803 2169 834 debe-

1218 855 1258 879 re,
1279 851 1304 874 ut
1322 845 1471 881 docentes,
1490 845 1637 875 saltanteis.
1683 845 1819 882 Quoniam
1835 856 2021 887 quaecumque
2032 847 2061 864 ²1
2077 857 2170 876 secum

1219 886 1299 917 verbi
1323 887 1381 917 iura
1405 888 1563 923 traxissent,
1595 900 1629 918 ea
1652 889 1812 918 accusativis
1835 888 1998 928 pluralibus,
2027 888 2170 919 adiuvante

1219 940 1251 959 re
1276 929 1424 965 dumtaxat,
1449 931 1600 969 genitivum
1622 930 1755 971 pluralem
1779 931 1805 961 in
1827 935 1864 959 eis
1887 941 1995 961 sonare.

1281 973 1331 1002 96.
1349 973 1502 1001 Facilioreis
1520 972 1656 1003 Caecilius
1667 973 1708 1008 ²²,
1733 974 1816 1015 inquit
1832 973 1942 1009 Plinius,
1966 973 2039 1004 idem
2060 978 2088 1004 et
2109 983 2174 1003 san-

1218 1017 1322 1043 ctz'oreis
1342 1015 1387 1045 ait.

1283 1058 1332 1088 97.
1350 1057 1460 1097 Fagus;
1482 1056 1573 1087 Varro
1597 1057 1632 1087 de
1654 1063 1739 1097 gente
1757 1058 1786 1088 P.
1805 1058 1836 1088 R.
1860 1058 1964 1098 primo:
1990 1058 2084 1096 Fagus
2107 1068 2173 1097 quas

1220 1101 1320 1129 Graece
1341 1099 1459 1141 φήγους
1470 1099 1500 1117 ²³
1518 1106 1613 1129 vocant
1630 1101 1721 1139 fagos.
1765 1100 1850 1130 Gaius
1862 1101 1893 1118 Ἠ
1910 1100 2014 1131 Caesar
2029 1101 2064 1130 de
2079 1099 2173 1131 analo-

1221 1142 1270 1183 gia
1293 1143 1429 1172 secundo:
1453 1143 1558 1179 Fagos,
1578 1144 1704 1181 populos,
1729 1144 1821 1172 ulmos.

1288 1186 1336 1215 98.
1354 1184 1507 1219 Falarulis:
1531 1184 1644 1222 [Cicero
1667 1185 1693 1215 in
1716 1184 1858 1215 Pisonem:
1883 1184 1938 1213 Sed
1958 1186 2049 1215 dicunt
2059 1186 2100 1223 25]
2124 1187 2176 1215 isti

1222 1229 1285 1266 ipsi,
1308 1230 1355 1265 qui
1375 1229 1446 1256 mala
1458 1227 1487 1245 ²5
1509 1228 1604 1262 (tutore,
1627 1228 1694 1256 bona
1715 1229 1848 1265 voluptate
1869 1228 2008 1266 definiunt,
2031 1231 2174 1268 sapientem

1218 1271 1367 1307 dicturum,
1400 1273 1507 1299 etiamsi
1533 1272 1562 1299 in
1585 1271 1742 1300 Phalaridis
1755 1270 1786 1288 ²7
1815 1274 1893 1299 lauro
1915 1273 2044 1300 succensis
2065 1271 2174 1310 ignibit-*1

1219 1317 1361 1343 torreatur.

1233 1354 1247 1398 {l
1283 1355 1457 1389 99.F1·uc1i;
1478 1353 1623 1384 Terentius
1645 1354 1672 1384 in
1694 1353 1846 1395 Adelphis:

1304 1398 1384 1429 Nunc
1405 1402 1501 1428 exacta
1523 1402 1610 1427 aetate
1631 1399 1678 1427 hoc
1693 1398 1786 1437 fructi
1803 1408 1852 1438 pro
1874 1397 1961 1428 labore
1977 1397 2038 1437 fero
2049 1396 2096 1435 ²⁸3

1222 1511 1268 1533 tas
1294 1507 1365 1533 Edd.
1392 1507 1466 1539 loq.t'
1490 1506 1554 1539 (sic)
1574 1506 1640 1532 Cod.
1670 1506 1688 1532 i.
1710 1515 1734 1533 e.
1754 1506 1884 1540 loquitur.
1920 1506 1963 1531 Cf.
1989 1507 2071 1532 Iudex
2095 1505 2177 1539 sigla·

1222 1552 1278 1568 rum
1298 1551 1365 1575 quae
1383 1541 1408 1566 in
1428 1541 1490 1566 Gaii
1510 1542 1574 1566 Cod.
1595 1542 1777 1576 reperiuntur,
1798 1542 1825 1566 in
1843 1541 1893 1568 Ed.
1910 1541 1972 1567 Gaii
1991 1541 2078 1569 Berol.
2098 1550 2177 1575 pagg.

1223 1576 1367 1602 cxxvnl
1387 1580 1413 1601 et
1431 1576 1528 1603 CXLI.
1566 1576 1687 1601 Ceterum
1708 1576 1776 1609 quod
1802 1576 1918 1609 proxime
1937 1576 2068 1602 antecedit
2087 1576 2123 1601 eis
2150 1576 2177 1601 in

1223 1612 1291 1637 cod.
1311 1611 1435 1644 scriptum
1461 1616 1514 1636 est:
1539 1609 1607 1644 (IS,
1633 1611 1670 1635 sic
1694 1616 1723 1636 ut.
1746 1610 1763 1643 Ε
1790 1619 1870 1644 snpra
1893 1612 2019 1643 scriptum
2045 1611 2176 1636 videatur.

1224 1647 1270 1679 13)
1287 1646 1435 1679 Tcmpturit
1453 1645 1520 1671 Cod.
1593 1645 1636 1675 14)
1652 1646 1774 1678 Lyntreis
1792 1646 1857 1670 Cod.
1872 1645 1923 1671 Ed.
1938 1654 1978 1678 pr.
2049 1645 2093 1675 15)
2110 1645 2178 1670 Cur-

1222 1683 1279 1706 ueis
1303 1682 1370 1706 Cod.
1478 1681 1521 1712 16)
1543 1681 1667 1713 Regulae
1692 1680 1822 1704 ridiculae
1841 1679 1910 1704 Edd.
1930 1680 2045 1713 regulae
2063 1680 2178 1705 ridicule

1225 1716 1309 1747 Cod.;
1342 1715 1533 1740 distinctionem
1563 1714 1707 1740 mutandam
1737 1714 1839 1739 censuit
1864 1715 1941 1740 Nieb.
1962 1723 2045 1747 .quem
2073 1720 2177 1740 secutus

1225 1760 1290 1777 suin.
1405 1751 1449 1779 17)
1475 1750 1565 1775 Funes
1590 1749 1658 1774 Edd.
1688 1749 1775 1774 Fures
1798 1748 1865 1773 Cod.
1913 1749 1974 1774 Non
1999 1749 2103 1774 dubium
2127 1755 2177 1782 est,

1225 1792 1298 1811 recte
1315 1785 1394 1811 scribi
1414 1785 1515 1810 Funcs.
1604 1785 1648 1815 18)
1667 1784 1746 1816 sing.
1767 1784 1840 1809 deest
1859 1783 1884 1808 in
1903 1783 1974 1809 Edd.
2062 1784 2107 1816 19)
2128 1784 2179 1809 Ge-

1225 1820 1322 1845 micinas
1341 1819 1407 1844 Cod.
1432 1823 1501 1852 gnta
1529 1818 1580 1844 Ed.
1600 1827 1640 1852 pr.
1664 1818 1784 1851 genitivo
1802 1819 1884 1844 Fabr.
1905 1818 1937 1845 P.
2019 1818 2065 1850 20)
2085 1819 2178 1844 Aelius

1228 1855 1296 1880 stilo
1315 1855 1398 1887 idem,
1425 1853 1470 1887 qui
1494 1862 1573 1887 supra
1593 1862 1619 1886 p.
1633 1853 1676 1878 64.
1697 1853 1737 1879 ed.
1759 1853 1789 1878 P.
1826 1853 1953 1878 Varronis
1972 1853 2095 1885 magister
2113 1853 2180 1878 dici-

1226 1894 1279 1916 tur.
1317 1889 1387 1914 Idem
1407 1888 1503 1914 citatur
1521 1889 1552 1913 ab
1571 1888 1602 1913 A.
1623 1887 1710 1912 Gellio
1732 1888 1768 1920 ΙΙ,
1786 1889 1829 1914 21.
1853 1888 1903 1921 111,
1922 1888 1948 1914 3.
1968 1887 2000 1920 V,
2020 1889 2064 1914 21.
2083 1887 2118 1920 X,
2136 1888 2180 1914 21.

1227 1940 1415 1966 commentario
1434 1940 1466 1965 dc
1483 1938 1629 1973 proloquiis
1648 1938 1722 1971 XVI,
1741 1940 1766 1964 8.
1785 1939 1818 1965 ud
1837 1947 1913 1972 quem
1930 1938 2013 1964 locum
2032 1938 2094 1964 vide
2113 1947 2182 1972 quae

1227 1975 1363 2001 adnotavit
1388 1974 1547 2000 Gronovius.
1594 1973 1695 1998 Nomen
1725 1973 1781 2000 eius
1806 1978 1904 2000 totum:
1936 1974 1968 1999 L.
1994 1974 2087 1999 Aelius
2112 1975 2181 1999 stilo

1230 2010 1421 2036 Praeconinus.
1459 2008 1502 2033 cf.
1522 2008 1625 2033 Indices
1644 2009 1677 2033 ad
1696 2008 1766 2033 Gell.
1872 2009 1918 2041 21)
1940 2010 2180 2041 Quaecumque—-

1229 2046 1379 2070 dumtaxat
1412 2043 1541 2076 scriptura
1570 2051 1584 2067 e
1612 2042 1678 2068 Cod.
1712 2043 1863 2068 dumtaxat
1893 2043 1969 2068 etiam
2000 2043 2028 2068 in
2056 2043 2109 2068 Ed.
2138 2052 2180 2077 pr.

1229 2082 1275 2111 22)
1300 2078 1458 2111 Intelligitur
1483 2077 1539 2102 sine
1564 2077 1643 2102 dubio
1670 2078 1802 2103 Caecilius
1826 2078 1947 2110 statius,
1980 2077 2013 2103 de
2039 2085 2092 2111 quo
2117 2078 2179 2103 vide

1229 2121 1394 2148 Testimonia
1411 2125 1525 2146 veterum
1545 2120 1613 2153 apud
1632 2120 1753 2145 Bothium
1773 2121 1800 2145 in
1818 2120 1894 2146 Poet.
1915 2121 1993 2146 Scen.
2013 2120 2073 2146 Lat.
2093 2120 2132 2154 V,
2151 2121 2178 2146 2.

1229 2166 1255 2191 p.
1276 2156 1336 2183 125.
1441 2155 1488 2187 23)
1513 2155 1563 2180 Vv.
1590 2163 1658 2186 quas
1679 2155 1779 2180 Graece
1805 2155 1899 2181 desunt
1923 2155 1948 2180 in
1969 2155 2038 2181 Edd.
2063 2156 2098 2180 Ο.
2134 2155 2179 2181 Cf.

1228 2190 1354 2216 Varronis
1371 2189 1502 2222 Fragmm.
1528 2199 1555 2224 p.
1575 2189 1635 2215 235.
1653 2189 1696 2214 ed.
1715 2189 1777 2223 Bip.

1882 2190 1929 2222 24)
1949 2190 2034 2215 Gaius
2052 2189 2180 2224 scriptura

1229 2235 1244 2250 e
1262 2225 1330 2252 Cod.
1374 2224 1418 2249 Cf.
1446 2224 1478 2249 C.
1499 2223 1559 2249 Iulii
1580 2224 1702 2249 Caesaris
1724 2224 1854 2256 Fragmm.

1879 2233 1905 2258 p.
1925 2225 1987 2255 332.
2015 2224 2057 2250 ed.
2078 2223 2177 2249 Daehn.

1228 2260 1275 2291 25)
1296 2260 1384 2284 Cicero
1407 2258 1435 2282 in
1460 2258 1596 2284 Piso-nem.-
1623 2259 1676 2283 scd
1697 2259 1800 2284 dicunt.
1834 2259 1909 2284 Haec
1936 2260 2017 2284 verba
2036 2259 2063 2284 in
2080 2257 2180 2283 Codice

1228 2295 1320 2320 deesse
1336 2292 1496 2326 significavit
1514 2294 1593 2319 Nieb.
1629 2293 1682 2318 Sed
1707 2293 1813 2318 exhibet
1837 2293 1887 2319 iam
1910 2293 1963 2320 Ed.
1991 2302 2031 2327 pr.
2055 2296 2081 2317 et.
2106 2296 2178 2317 recte

1227 2329 1279 2362 legi
1298 2328 1430 2354 videntur.
1467 2328 1510 2353 Cf.
1531 2328 1588 2353 Cic.
1608 2327 1635 2352 in
1652 2327 1742 2353 Pison.
1763 2336 1786 2353 c.
1809 2328 1850 2354 18.
1949 2328 1994 2360 26)
2014 2325 2091 2352 Malo
2110 2325 2178 2351 cod.

1228 2371 1279 2396 Ed.
1300 2379 1340 2404 pr.
1436 2371 1482 2403 27)
1503 2371 1640 2396 Falaridis
1663 2370 1731 2395 Cod.
1753 2370 1823 2395 Edd.
1843 2370 1878 2396 0.
1973 2369 2018 2401 28)
2037 2367 2121 2393 Locus
2138 2373 2180 2394 est

1229 2406 1340 2433 Terent.
1352 2404 1402 2432 Ad.
1416 2405 1449 2439 V,
1465 2408 1491 2439 4,
1507 2407 1548 2432 16.
1583 2405 1635 2432 Pro
1648 2409 1746 2433 exacta
1762 2409 1850 2433 aetate
1862 2404 1890 2431 iu
1902 2403 1968 2431 Cod.
1985 2407 2025 2430 est
2042 2406 2177 2431 mactate.

2180 1360 2252 1400 [105
