2264 2830
807 47 1054 106 oruc-mm
1089 73 1236 108 LIBER
1262 75 1321 108 111.

252 167 281 201 C
308 167 337 200 A
366 167 402 199 1¹.
456 165 594 200 LXVII.

252 235 349 269 Ram
376 231 668 280 praecedentia²⁰
695 236 746 267 vel
776 235 1035 279 antegradatio
1047 232 1058 251 ³¹

87 287 233 329 videtur,
262 293 295 320 et
318 287 443 331 aliquid
470 283 638 332 praeter³²

251 381 280 414 C
306 381 337 414 A
364 381 400 414 P.
454 381 608 414 vanl.

252 449 412 482 Remotio
438 445 526 481 vel³¹
554 450 825 493 retrogradatio
852 449 1024 482 stellarum
1038 445 1063 465 ³⁵

86 502 182 535 simul
207 507 239 535 et
264 507 442 534 retrorsum
470 502 596 534 moveri
624 501 754 534 videtur
765 498 798 534 ³¹⁵.

545 577 573 610 C
601 578 631 610 A
659 578 696 610 1¹.
750 578 872 612 Lxlx.
954 577 988 610 D
1005 588 1024 610 e

1968 81 2038 117 131

647 165 712 199 De
740 166 1077 210 praecedentia
1113 172 1151 200 et
1187 168 1589 214 ‹cntegradutione
1625 170 1874 205 stellarum.

1060 232 1072 251 ⁰
1098 237 1267 270 stellarum
1296 244 1360 278 est,
1394 237 1474 269 dum
1502 237 1596 269 stella
1624 243 1751 271 motum
1778 250 1873 273 suum
1885 237 1907 257 ³¹
1937 253 2039 287 agere

663 287 935 320 consuetudinem
964 285 1182 331 praecedit³³¹.

688 380 752 414 De
787 380 1032 414 remotione
1065 381 1134 414 vet
1167 382 1587 425 retrogradatione
1621 384 1868 417 stellarum.

1089 455 1155 491 est,
1187 450 1322 493 quando
1336 446 1360 466 ³⁰
1389 450 1502 491 stella,
1534 451 1615 484 dum
1641 457 1769 486 motum
1796 465 1891 487 suum
1920 450 2037 500 agit³²‚

1075 581 1222 612 statu
1274 578 1580 612 stellarum.

252 645 375 679 Status
412 646 581 679 stellarum
616 651 681 686 est,
730 642 842 690 quia³⁰
876 646 956 678 duni
990 646 1085 679 stella
1119 657 1251 691 semper
1287 651 1438 680 movetur
1452 642 1491 687 ¹⁰,
1543 652 1653 679 tamen
1690 648 1723 680 iu
1757 649 1920 692 aliquibus
1954 650 2036 683 locis

86 703 172 730 stare
203 696 343 730 videtur.

86 790 213 825 CAP.
242 791 345 824 Lxx.
404 790 465 823 De
492 789 742 823 nominibus
776 792 1038 833 stellarum,

1075 791 1231 835 quibus
1266 802 1314 824 ex
1351 792 1504 825 causis
1537 792 1710 825 nomina
1746 799 2033 838 acceperunt.

252 859 283 892 l.
338 858 401 892 Sol
428 859 618 904 appellatus
635 856 713 891 est⁴¹
743 871 795 900 eo,
823 861 916 903 quod
940 860 1026 892 solus
1054 865 1236 905 appareat,
1261 860 1444 894 obscuratis
1471 860 1607 905 fulgore
1627 871 1685 894 suo
1709 862 1836 896 cunctis
1862 863 2032 896 sideribus.

250 910 283 945 2.
337 910 440 943 Luna
461 911 551 943 dicta
578 911 670 954 quasi
696 911 844 953 Lucina,
872 912 983 945 ablata
1011 912 1122 945 media
1146 912 1285 956 syllaba.

319 961 430 996 Casta
455 962 549 1007 sam
574 963 720 995 Lucina.

1340 912 1392 945 De
1419 923 1486 956 qua
1514 913 1671 957 Virgilius
1684 908 1727 945 ¹¹²:

84 1012 234 1057 Sumpsit
262 1019 372 1046 autem
400 1025 521 1047 nomen
546 1025 608 1059 per
635 1014 875 1048 derivationem
888 1010 914 1030 ⁴³
941 1025 959 1046 a
997 1014 1076 1046 solis
1104 1015 1200 1055 luce,
1238 1026 1279 1048 eo
1306 1014 1399 1058 quod
1435 1015 1478 1048 ab
1506 1026 1547 1048 eo
1575 1015 1686 1048 lumen
1697 1011 1722 1032 ‘¹¹
1756 1015 1901 1060 accipiat
1936 1026 2034 1050 acce-

83 1070 246 1109 ptumque
273 1065 402 1099 reddat.

250 1115 283 1151 3.
336 1116 470 1150 Stellae
495 1115 604 1149 dictae
632 1129 651 1149 a
678 1117 796 1150 stando
810 1112 854 1158 ⁴³,
898 1127 939 1149 eo
975 1114 1105 1160 quod⁴5
1139 1118 1225 1150 fixae
1258 1122 1343 1150 stant
1376 1114 1545 1162 semper4⁷
1572 1118 1604 1150 in
1640 1118 1757 1159 coelo,
1807 1129 1868 1152 nec
1899 1118 2032 1153 cadunt.

84 1167 169 1200 Nam
197 1167 290 1210 quod
319 1168 468 1201 videmus
491 1165 571 1200 del*3
598 1169 694 1201 coelo
723 1169 834 1201 stellas
860 1169 953 1211 quasi
982 1169 1067 1208 labi,
1096 1181 1162 1201 non
1189 1174 1263 1202 sunt
1290 1169 1424 1209 stellae,
1452 1169 1510 1201 sed
1539 1169 1676 1214 igniculi
1706 1170 1747 1201 ab
1775 1169 1911 1202 aethere
1936 1171 2033 1214 lapsi,

83 1219 140 1262 qui
167 1218 267 1260 fiunt,
294 1219 374 1252 dum
394 1224 507 1252 ventus
535 1219 652 1253 altiora
679 1226 796 1264 petens
824 1220 1016 1252 aethereum
1044 1221 1158 1264 ignem
1185 1231 1297 1254 secum
1324 1220 1446 1261 trahit,
1482 1221 1539 1263 qui
1565 1226 1671 1253 tractu
1698 1231 1757 1252 suo
1785 1221 1929 1253 imitatur
1955 1222 2032 1254 stel-

84 1272 131 1304 las
159 1271 315 1304 cadentes
327 1267 361 1305 ⁴⁹.

85 1334 161 1354 cum
189 1323 286 1356 coelo
315 1323 399 1354 fixae
426 1322 583 1356 feruntur.

415 1272 501 1303 Nam
528 1271 645 1304 stellae
673 1272 796 1305 cadere
823 1282 889 1303 ιιοιι
916 1275 1068 1314 possunt:
1104 1270 1293 1305 immobiles
1329 1272 1416 1304 enim
1444 1276 1535 1313 sunt,
1569 1276 1605 1303 ut
1632 1271 1843 1315 praedictum
1872 1269 1972 1313 est⁵⁰‚
2001 1278 2033 1306 et

249 1372 282 1407 4.
337 1373 472 1406 Sidera
496 1373 585 1406 dieta
606 1383 646 1405 eo
657 1368 692 1412 ⁵¹,
720 1372 812 1415 quod
840 1384 879 1405 ea
905 1373 1097 1417 navigantes
1121 1373 1364 1406 considerando
1385 1373 1533 1417 dirigunt
1543 1370 1568 1390 ⁵²
1595 1384 1726 1406 cursum
1743 1374 1985 1417 consiliumque
1997 1371 2031 1416 ⁵³,

86 1436 126 1456 ne
154 1424 328 1457 fallacibus
355 1425 450 1457 undis
472 1429 528 1456 aut
554 1425 656 1456 ventis
684 1424 762 1456 alibi
774 1421 798 1441 5³
826 1424 1044 1457 deducantur.

1098 1424 1276 1465 Quaedam
1304 1430 1415 1457 autem
1442 1425 1559 1457 stellae
1586 1425 1714 1458 idcirco
1743 1425 1838 1469 signa
1866 1425 2031 1469 dicuntur,

85 1476 163 1519 quia
190 1488 228 1508 ea
241 1479 265 1491 5’
293 1481 410 1508 nautae
437 1472 649 1508 οὔπη-311155
675 1475 706 1507 in
731 1475 954 1520 gubernandis
971 1475 1128 1520 remigii5‚
1155 1476 1420 1520 contemplantes
1436 1476 1543 1508 aciem
1554 1471 1579 1492 ⁵⁷
1606 1476 1845 1520 fulgoremque
1870 1488 1985 1510 eorum
1997 1474 2032 1519 55,

84 1527 203 1570 quibus
230 1527 327 1560 rebus
354 1532 454 1559 status
481 1527 569 1560 coeli
596 1527 725 1558 futurus
752 1526 944 1561 ostenditur.

248 1576 282 1611 5.
337 1579 406 1612 Sed
436 1584 468 1610 et
495 1589 609 1610 omnes
643 1578 797 1610 homines
824 1590 863 1611 ea
889 1578 1062 1611 intendunt
1086 1577 1129 1609 ad
1165 1573 1442 1621 praevidendas5⁹
1469 1578 1553 1610 aeris
1580 1578 1755 1621 qualitates
1781 1589 1843 1623 per
1879 1585 2033 1613 aestatem

85 1634 118 1663 et
146 1629 292 1662 hiemem
326 1630 561 1673 vernalemque
597 1629 805 1674 temperiem.

83 1681 256 1725 qualitates
266 1678 289 1698 ¹⁵¹
314 1681 510 1726 significant.

249 1732 282 1768 6.
336 1734 519 1778 Signorum
544 1729 688 1778 prima⁰²
714 1733 835 1766 Arctos
849 1728 890 1775 ⁶3,
927 1744 1013 1778 quae
1025 1728 1049 1748 ‘⁵³

87 1842 117 1870 Z.
140 1857 181 1863 ——
202 1840 251 1880 36)
275 1843 304 1870 in
317 1852 380 1880 qua
396 1842 426 1871 Z.
444 1842 500 1870 Gu.
513 1845 543 1873 2,
559 1852 604 1881 pr.
618 1851 664 1870 va.
681 1860 719 1864 —
744 1843 775 1870 in
789 1852 848 1880 qno
863 1840 898 1869 al.
924 1858 963 1861 —
987 1839 1035 1880 37)

86 1890 162 1923 agat
179 1884 209 1913 Z.
228 1884 281 1912 Gu.
297 1886 326 1914 Ω.
342 1894 385 1922 pr.
399 1894 444 1912 va.
458 1885 494 1914 al.
516 1901 559 1905 —
589 1882 637 1923 38)
663 1884 750 1922 Vulg.
768 1884 837 1913 add.
853 1882 919 1912 Ista
935 1884 1037 1912 omnia

87 1928 119 1956 in
134 1925 252 1955 absidis
271 1927 467 1965 colliguntur,
483 1937 558 1965 quae
575 1938 631 1955 oui.
650 1928 680 1956 Z.
697 1928 754 1958 Gu,
774 1930 798 1959 1.
817 1931 845 1959 2.
863 1937 908 1966 pr.
926 1936 972 1954 va.
987 1926 1036 1955 Ar.

89 1986 123 1991 —-
150 1971 199 2007 39)
223 1970 295 2008 quia
318 1969 420 1998 addidi
438 1980 453 1998 e
476 1971 507 1998 Z.
524 1971 620 2001 Gu.1.
638 1973 667 2002 2.
692 1971 741 2000 Ar.
768 1980 816 2009 pr.
840 1986 881 1990 -
912 1968 1036 2007 quando

86 2022 136 2042 va.
162 2028 199 2034 —
223 2012 273 2051 40)
298 2012 408 2040 moveri
425 2012 591 2041 vidam-al.
615 2032 652 2035 —
676 2013 726 2052 41)
751 2019 793 2040 est
807 2012 875 2040 add.
893 2013 923 2040 Z.
940 2012 995 2040 Gu.
1013 2014 1039 2043 1.

87 2071 128 2078 —-
151 2054 197 2094 42)
222 2055 321 2092 Eclog.
339 2054 399 2090 lV,
427 2058 472 2086 10.
496 2072 532 2077 —
557 2054 603 2094 43)
622 2067 678 2094 per
697 2055 789 2084 derisu
809 2065 914 2083 nomen
929 2064 976 2082 va.
1000 2071 1038 2075 —

89 2096 177 2127 diriv.
198 2098 255 2126 Gu.
274 2099 299 2128 1.
327 2113 360 2118 —
386 2098 435 2134 44)
458 2097 505 2126 Sic
526 2098 583 2126 Gu.
602 2101 629 2129 1.
653 2115 691 2120 —-
717 2098 803 2136 Vulg.
825 2098 864 2126 ab
888 2109 919 2125 eo
940 2097 1040 2125 lumen

88 2155 131 2162 —-
152 2140 254 2168 lumen
268 2139 306 2168 ab
321 2151 352 2167 eo
367 2140 399 2168 Z.
424 2158 460 2162 --
487 2140 536 2179 45)
560 2140 599 2168 ab
618 2140 728 2169 stando
745 2142 838 2172 Gu.2.
861 2151 905 2179 pr.
929 2155 969 2161 —
992 2137 1039 2179 46)

89 2182 137 2210 Sic
156 2182 211 2211 Gu.
232 2186 257 2214 1.
284 2199 319 2204 -
346 2183 419 2220 quia
442 2182 505 2210 sine
533 2193 563 2210 eo
581 2183 661 2221 vulg.
687 2200 719 2205 —
748 2183 796 2221 47)
821 2183 869 2211 Sic
887 2184 917 2213 Z.
935 2183 991 2211 Gu.
1012 2184 1038 2213 1.

90 2225 187 2263 (fixa)
208 2228 236 2256 2.
261 2242 297 2246 —-
313 2225 400 2263 fixae
424 2230 507 2252 stant
526 2226 557 2252 in
574 2226 652 2253 coelo
669 2236 780 2264 semper
796 2235 842 2254 va.
866 2244 905 2248 —-
927 2234 1041 2262 sculpet

82 2268 167 2306 fixae
186 2273 269 2296 stant
286 2268 366 2305 vulg.
390 2284 431 2289 —
456 2266 502 2307 48)
519 2269 550 2295 in
565 2268 597 2297 Z.
622 2285 659 2289 ——
682 2280 696 2295 e
712 2269 768 2297 Gu.
783 2271 811 2300 2.
830 2268 866 2296 al.
885 2278 930 2307 pr.
946 2277 1041 2296 va.—

90 2310 135 2349 49)
146 2309 305 2339 candentes
325 2311 354 2339 Z.
383 2328 418 2332 —
448 2311 497 2348 50)
521 2310 568 2338 Sic
590 2310 644 2340 Gu.
662 2313 690 2342 1.
715 2327 753 2334 —
777 2313 859 2339 imm.
875 2311 962 2346 enim,
985 2310 1042 2338 „sic-

880 1630 966 1663 Ortu
1001 1631 1089 1663 enim
1118 1630 1171 1662 vel
1206 1640 1327 1664 occasu
1359 1640 1419 1664 suo
1455 1630 1551 1663 certis

1562 1626 1587 1645 '²⁰
1616 1630 1810 1664 stationibus
1841 1635 2033 1675 temporum

1077 1732 1110 1764 in
1138 1743 1198 1765 axe
1224 1732 1290 1764 fixa
1301 1727 1326 1748 ⁶5
1355 1731 1419 1765 Vll
1446 1732 1546 1765 stellis
1580 1731 1612 1764 in
1648 1743 1683 1765 se
1712 1733 1870 1766 revolutis
1898 1738 2032 1767 rotatur.

1078 1847 1111 1869 ut
1132 1840 1326 1879 praedictum
1353 1839 1580 1880 (supradictum
1606 1841 1660 1880 al.)
1704 1847 1746 1869 est
1777 1841 1850 1879 (om.
1872 1841 1934 1882 Z.),
1964 1850 2033 1872 Sunt

1079 1885 1159 1922 vulg.
1175 1900 1217 1906 —
1240 1886 1284 1921 51)
1309 1896 1338 1911 eo
1354 1895 1411 1912 om.
1427 1885 1456 1912 Z.
1472 1894 1518 1912 va.
1532 1883 1581 1913 Ar.
1598 1900 1639 1905 —
1662 1886 1706 1921 52)
1729 1884 1816 1921 Vulg.
1835 1886 1913 1914 inter
1929 1884 2034 1925 ‹iis-ig„

1081 1927 1131 1955 sed
1144 1928 1224 1954 inter
1240 1937 1297 1956 om.
1318 1929 1345 1956 Z.
1363 1927 1418 1956 Gu.
1435 1930 1461 1958 1.
1479 1926 1527 1955 Ar.
1552 1941 1592 1947 —
1625 1926 1672 1964 53)
1699 1926 1748 1955 Sic
1775 1927 1829 1955 Gu.
1846 1929 1874 1959 1.
1899 1944 1940 1949 -—-
1964 1940 2034 1958 cur-

1079 1980 1149 1997 sum
1166 1970 1330 1997 consilium
1346 1970 1396 2000 Ar.
1420 1987 1457 1991 --
1482 1979 1593 1996 cursus
1606 1970 1767 1999 eonsilium
1784 1970 1834 1999 Ar.
1856 1987 1895 1991 -—
1920 1969 1969 2010 54)
1986 1971 2035 2001 Sic

1082 2013 1113 2041 Z.
1132 2012 1189 2041 Gu.
1207 2015 1236 2045 1.
1251 2015 1280 2043 2.
1295 2022 1340 2050 pr.
1358 2022 1404 2040 va.
1421 2011 1459 2040 al.
1481 2027 1524 2033 —
1547 2012 1610 2040 alio
1631 2011 1715 2050 vulg.
1739 2028 1781 2034 —
1811 2011 1857 2051 55)
1882 2012 1966 2050 quod
1986 2025 2034 2042 εαε

1082 2056 1112 2083 Ζ.
1135 2071 1178 2077 —
1200 2053 1285 2093 quod
1308 2066 1358 2082 eas
1378 2064 1425 2083 va.
1450 2070 1487 2076 ·—
1521 2055 1595 2092 quia
1623 2066 1657 2082 ea
1675 2055 1730 2083 Gu.
1751 2057 1794 2091 1.‚
1819 2055 1901 2094 quod
1922 2057 2034 2095 recepi,

1082 2098 1214 2127 refertur
1228 2098 1264 2125 ad
1279 2099 1379 2136 signa.
1403 2112 1445 2118 —
1473 2096 1522 2135 56)
1546 2097 1696 2126 ola-serrem
1718 2098 1749 2126 Z.
1779 2113 1821 2118 —
1855 2098 1902 2137 57)
1916 2099 2034 2135 faciem

1083 2141 1114 2169 Z.
1136 2156 1178 2162 —
1201 2140 1250 2179 58)
1274 2150 1379 2167 earum
1397 2140 1452 2169 Gu.
1465 2141 1493 2170 2.
1510 2149 1557 2169 va.
1574 2139 1622 2169 Ar.
1643 2156 1685 2161 —
1707 2139 1757 2178 59)
1780 2140 1829 2169 Sic
1843 2140 1872 2169 Z.
1891 2141 1945 2171 Gu.
1965 2144 1989 2172 1.
2003 2144 2032 2173 2.

1081 2193 1128 2222 pr.
1143 2193 1189 2212 va.
1205 2182 1294 2212 Arev.
1307 2199 1348 2204 —
1371 2184 1416 2219 60)
1442 2183 1545 2210 ceteri-9
1559 2183 1591 2211 Z.
1607 2201 1645 2205 -—
1669 2183 1714 2219 61)
1740 2183 1923 2221 qualitatem
1942 2184 2033 2213 Gu.2.

1082 2241 1124 2246 —
1147 2225 1196 2265 62)
1219 2226 1268 2253 Sic
1292 2226 1348 2254 Gu.
1365 2227 1392 2257 1.
1414 2243 1452 2247 ——
1473 2226 1594 2263 primus
1609 2225 1689 2263 vulg.
1719 2241 1763 2247 —
1793 2225 1841 2264 63)
1864 2226 1980 2254 Arcton
2002 2225 2031 2254 Z.

1084 2268 1230 2300 Gu.1.2.
1252 2278 1299 2297 va.
1331 2287 1369 2290 —
1403 2267 1452 2306 64)
1476 2267 1524 2296 Sic
1543 2269 1596 2296 Gu.
1614 2270 1641 2299 1.
1666 2283 1706 2289 —
1730 2269 1785 2306 qui
1811 2268 1889 2307 vulg.
1912 2284 1953 2290 —
1982 2268 2031 2303 65)

1085 2310 1134 2340 Sic
1158 2311 1214 2341 Gu.
1232 2314 1257 2342 1.
1285 2326 1326 2332 -
1341 2311 1430 2349 fixus
1456 2310 1539 2349 vulg.

1541 2353 1575 2387 R
1599 2354 1618 2377 *
