2255 2819
232 85 308 120 584
931 69 1114 112 'ISIDORI
1140 77 1319 111 HrsPAL.
1347 77 1492 114 EPISC.

334 176 503 210 Triremes
530 178 563 206 et
588 170 801 214 quatriremes
827 168 923 201 trium
952 174 984 202 et
1006 175 1147 213 quatuor
1181 171 1353 213 ordinum,
1390 171 1437 205 sic
1470 176 1502 205 et
1536 170 1766 216 penteremes¹
1800 179 1833 206 et
1859 170 2074 208 hexeremes²
2101 176 2176 219 qui·

234 242 305 271 nos,
333 224 407 261 vel³
433 236 528 258 senos
555 222 685 255 ordines
712 220 883 254 habentes,

399 277 458 310 24.
511 273 687 308 Actuariae
715 283 813 304 naves
840 276 923 312 sunt,
950 283 1037 314 quae
1063 272 1143 304 velis
1165 272 1262 305 simul
1291 277 1323 305 et
1348 269 1467 306 remis⁴
1493 280 1645 319 aguntur.

337 330 566 372 Hippagogus
577 320 599 363 ⁵,
627 323 659 354 in
686 334 753 365 quo
784 335 885 366 equos
912 323 1128 356 transvehere
1155 323 1288 356 solitum
1316 329 1372 356 est.

335 378 534 414 Pontonium
561 374 731 418 navigium
758 374 926 407 fluminale
953 374 1085 408 tardum
1111 380 1142 407 et
1169 386 1284 418 grave,
1311 375 1402 417 quod
1427 377 1553 408 nonnisi
1579 377 1720 421 remigio
1744 377 1907 421 progredi
1932 381 2051 422 potest.

335 432 424 465 Hinc
452 434 483 461 et
510 422 694 468 traiectusss,
721 425 756 458 id
784 432 832 459 est
858 431 1014 459 extentus.
1066 427 1128 459 Est
1155 423 1262 458 euim⁷
1289 424 1395 459 funis⁸
1420 423 1541 468 latus⁹‚
1579 428 1668 461 unde
1703 433 1736 462 et
1766 434 1939 462 transenna
1973 429 2092 462 dicitur
2120 439 2177 461 ex·-

238 491 343 520 tentus
371 480 468 514 suuis-

398 529 457 564 25.
511 524 690 563 Lenibuslu
716 528 869 561 navicula
890 528 1008 569 brevis⁷
1043 525 1147 571 quae¹
1197 528 1261 561 alia
1288 528 1513 572 appellatione
1548 529 1668 562 dicitur
1702 535 1735 563 et
1767 531 1888 575 cymba
1924 536 1956 563 et
1983 527 2176 575 caupilus-¹²,

234 590 315 621 sicut
344 589 376 617 et
403 578 547 621 lintrisffi,
574 580 608 612 id
637 575 718 611 estu
745 580 895 620 carabus,
923 576 1054 622 quem'5
1080 580 1110 611 in
1140 579 1235 612 Pado
1258 577 1534 624 paludibusque¹⁰
1560 585 1703 614 utuntur.

399 634 458 667 26,
512 632 660 667 Carabus
692 642 796 675 parva
829 631 956 675 scapha
987 642 1025 664 ex
1053 631 1172 664 vimine
1198 632 1304 672 facta,
1340 643 1424 675 quae
1462 629 1648 666 contecta¹⁷
1680 633 1784 666 crudo
1825 634 1918 667 corio
1952 644 2056 678 genus
2084 632 2177 664 naxi-

234 690 281 737 gii
309 687 456 733 praebet.

335 736 504 772 Portemia
531 733 682 767 navicula
708 732 836 776 Syriaci
863 732 994 778 generis
1027 733 1090 765 lata
1122 737 1154 765 et
1189 733 1256 765 sine
1293 733 1403 766 carina
1434 745 1452 765 a
1487 733 1655 778 portando
1690 731 1848 767 vocatam.
1900 733 2044 768 Utuntur
2078 734 2113 766 iis
2146 734 2177 766 in

236 791 416 827 Pannonia.

401 838 460 871 27.
513 834 696 867 Trabariae
723 834 872 868 amnicae
896 845 1006 875 naves,
1034 845 1119 877 quae
1148 845 1186 866 ex
1206 833 1339 878 singulis
1366 835 1511 867 trabibus
1538 839 1704 876 cavantur,
1736 846 1822 878 quae
1849 835 1914 867 alio
1941 837 2074 868 nomine
2100 836 2177 867 lito-

236 895 341 929 rariae
368 891 529 923 dicuntur.
582 886 656 918 Hae
684 890 715 918 et
737 897 776 918 ex
802 897 867 918 uno
895 885 989 931 ligno
1017 891 1132 919 cavato
1162 885 1268 918 factae
1281 881 1312 925 ¹⁰,
1340 890 1370 917 et
1394 886 1471 919 inde
1499 887 1671 928 caudicae,
1698 887 1775 930 quia
1802 899 1821 919 a
1842 892 1982 931 quatuor
2005 899 2108 930 usque
2133 887 2177 919 ad

237 948 354 980 decem
388 941 540 975 homines
568 934 743 982 capiunt²⁰.

1152 524 1161 544 l

543 1040 692 1074 CAP.
746 1039 787 1072 ll.
871 1039 932 1073 De
979 1037 1191 1084 partibus
1245 1039 1418 1072 navium
1472 1044 1510 1073 et
1563 1040 1869 1072 armamentis.

404 1119 435 1150 l.
490 1117 618 1160 Puppis
646 1116 809 1159 posterior
836 1127 912 1159 pars
940 1116 1029 1148 navis
1053 1122 1110 1155 est,
1138 1116 1228 1158 quasi
1255 1122 1341 1158 post.
1394 1117 1498 1148 Prora
1526 1117 1668 1150 anterior
1696 1118 1787 1160 quasi
1813 1117 1934 1160 priora.

339 1170 470 1214 Cymba
481 1166 504 1185 ²¹
527 1170 620 1200 locus
648 1163 763 1199 imus*²
789 1168 887 1207 navis,
916 1167 1006 1210 quod
1036 1167 1127 1209 aquis
1154 1167 1334 1200 incumbat.

338 1222 458 1256 Carina
486 1232 504 1252 a
532 1218 696 1253 currendo
726 1218 824 1259 dicta,
855 1219 946 1261 quasi
974 1219 1111 1251 currina.

402 1273 435 1305 2.
489 1272 569 1303 Fori
596 1270 724 1302 navium
753 1270 855 1302 latera
884 1281 1047 1308 concava,
1082 1281 1100 1300 a
1134 1268 1273 1301 terendo
1306 1279 1406 1299 onere
1479 1267 1583 1307 (licta,
1617 1268 1684 1300 sive
1719 1265 1899 1301 tabulatam
1928 1267 2069 1308 navium,
2093 1279 2178 1310 quae

237 1331 431 1365 sternuntur,
459 1323 548 1356 dicta
576 1323 617 1355 ab
645 1333 698 1361 en,
721 1321 813 1364 quod
840 1323 979 1355 incessus
1007 1317 1146 1354 ferant²³
1178 1319 1232 1352 vel
1266 1319 1345 1351 foris
1370 1315 1578 1353 eirrinearrt²'⁵.
1622 1319 1673 1352 De
1701 1320 1820 1362 quibus
1845 1319 2015 1363 Virgilius:

465 1370 684 1418 Lc1.1·{1lquc²⁷
701 1373 816 1417 soros.

401 1425 434 1457 3.
489 1425 702 1458 Columbaria
725 1425 755 1456 in
783 1424 916 1456 summis·
938 1423 1093 1455 lateribus
1121 1420 1251 1453 navium
1279 1420 1355 1453 loca
1383 1431 1546 1461 concava,
1573 1431 1634 1464 per
1661 1433 1747 1465 quae
1774 1420 1918 1454 eminent
1941 1420 2040 1461 remi,
2081 1419 2179 1460 dicta,

237 1476 305 1512 ut²¹²
333 1477 447 1516 credO,
475 1477 567 1520 quod
596 1477 656 1509 siut
679 1476 794 1508 similia
822 1475 966 1507 latibulis
994 1473 1235 1511 columbarum,
1264 1472 1296 1503 in
1323 1472 1442 1514 quibus
1468 1471 1646 1504 nidificant.

401 1527 436 1561 4.
487 1529 585 1572 Agea
613 1528 683 1559 viae
710 1533 782 1559 sunt
810 1527 861 1559 vel
890 1522 999 1559 loca²⁹
1027 1526 1058 1557 in
1082 1524 1175 1564 navi,
1215 1535 1277 1567 per
1303 1535 1389 1566 quae
1416 1523 1459 1555 ad
1484 1523 1627 1568 remiges
1652 1522 1805 1555 hortator
1838 1522 1975 1555 accedit.
2030 1521 2081 1554 De
2113 1532 2179 1564 qua

238 1579 382 1613 Ennius:
411 1579 527 1611 Multa
544 1578 631 1623 soro
654 1583 771 1622 ponet,
801 1582 832 1610 et
860 1574 991 1623 ιιὲῑτι30
1014 1577 1127 1620 longa
1148 1575 1313 1619 repletur.

402 1628 437 1665 5.
492 1631 651 1662 Transtra
674 1635 747 1662 sunt
773 1629 924 1673 tabulae,
963 1628 1019 1661 ubi
1046 1627 1163 1661 sedent
1185 1627 1346 1671 remiges,
1378 1624 1471 1669 quod
1498 1624 1530 1657 in
1557 1629 1740 1657 transverso
1774 1627 1847 1655 sunt
1859 1619 1894 1664 ³¹,
1928 1617 2059 1663 dictam,
2092 1634 2179 1665 quae

1420 1263 1445 1283 ⁴23

239 1681 397 1725 Virgilius
410 1678 435 1697 ³³
461 1681 539 1726 iuga
567 1680 728 1726 appellat.

326 1802 350 1829 l)
371 1803 533 1834 Pentremcs
560 1799 617 1827 Gu.
645 1800 671 1828 1.
701 1815 738 1818 —
763 1802 898 1835 penteres
930 1796 960 1824 Z.
990 1806 1036 1823 va.
1070 1796 1115 1823 Ar.
1147 1810 1189 1815 —
1236 1813 1271 1817 -
1301 1795 1345 1829 19)
1371 1793 1420 1821 Sic
1444 1793 1474 1820 Z.
1498 1793 1553 1820 Gu.
1575 1794 1603 1823 1·
1631 1791 1669 1830 (et
1693 1801 1724 1818 fx
1747 1790 1822 1830 uno)
1846 1793 1873 1821 2.
1898 1801 1942 1829 pr.
1967 1801 2012 1818 va·
2040 1789 2130 1828 (llaec
2152 1796 2179 1817 et

240 1839 272 1879 ²2)
295 1850 438 1866 exarc-meus·
469 1841 524 1869 Gu.
556 1843 581 1870 1.
605 1856 645 1861 ——
675 1840 791 1867 hexeres
813 1840 842 1867 Z.
873 1848 918 1868 va.
945 1839 993 1866 Ar.
1028 1854 1068 1859 —
1102 1835 1133 1876 3)
1164 1842 1188 1864 et
1234 1836 1391 1875 candere-9)
1416 1837 1483 1862 [Ιιιε
1504 1845 1536 1862 cx
1553 1833 1678 1861 caudice
1696 1835 1802 1869 factae
1825 1844 1858 1861 ex
1880 1844 1940 1861 uno
1963 1833 2047 1869 ligno
2070 1837 2177 1860 cavato

241 1893 287 1912 va.
309 1897 349 1903 --
371 1884 397 1913 4)
421 1885 540 1919 remigis
572 1884 628 1912 Gu.
657 1886 683 1913 1.
714 1898 754 1904 —-
795 1885 824 1918 5)
850 1882 898 1909 Sic
923 1883 971 1909 Ar.
999 1897 1033 1901 -
1070 1882 1189 1917 flzlvpa—
1233 1880 1313 1916 vulg.
1351 1895 1392 1899 —
1428 1876 1475 1916 20)
1498 1877 1547 1906 Sic
1570 1877 1600 1906 Z.
1629 1877 1685 1906 Gu.
1707 1879 1733 1906 1.
1759 1879 1786 1908 2.
1810 1895 1848 1900 ..-
1885 1877 2011 1914 capiant
2032 1875 2113 1912 vulg.
2136 1890 2178 1896 —

239 1934 338 1964 gogae
360 1924 437 1960 vulg.
462 1940 501 1946 -—
538 1925 738 1962 ))rlv‹›g‹1ul›zzs
764 1925 794 1952 Z.
817 1941 858 1945 —
896 1925 1054 1962 {pagarus
1079 1923 1136 1950 Gu.
1163 1925 1189 1952 1.
1232 1921 1279 1960 21)
1306 1920 1422 1949 camba
1449 1920 1496 1948 Ar.
1519 1929 1564 1958 pr.
1587 1935 1628 1939 —
1656 1917 1702 1958 22)
1726 1919 1774 1946 Sic
1796 1919 1826 1946 Z.
1851 1918 1906 1946 Gu.
1923 1921 1951 1949 2.
1973 1918 2075 1946 Ar.—
2098 1927 2179 1945 unz-'s

241 1970 270 1998 2.
294 1976 339 2005 pr.
362 1975 407 1993 va.
434 1982 468 1986 —
506 1971 531 1997 ω
555 1969 735 1994 transiecta-s>
759 1968 813 1995 Gu,
836 1970 859 1996 1.
886 1983 922 1987 -—
955 1968 1115 1993 traiectum
1143 1974 1188 1992 va.
1232 1965 1311 2001 vulg.
1336 1981 1374 1984 —
1412 1961 1457 2000 23)
1481 1972 1571 1989 one-ra
1595 1971 1639 1990 va.
1666 1971 1708 1998 pr.
1735 1977 1768 1982 -—
1795 1962 1842 1997 24)
1865 1961 1974 1988 tabula
1996 1970 2043 1990 va.
2068 1975 2105 1981 -—
2131 1961 2177 1995 25)

241 2026 284 2031 —
304 2010 332 2043 7)
356 2009 412 2035 Est
439 2009 513 2034 enim
544 2011 599 2036 Gu.
627 2013 651 2039 1.
686 2026 720 2030 -—
760 2012 790 2043 8)
809 2008 900 2048 fanis
930 2019 985 2036 om.
1016 2009 1045 2035 Z.
1069 2018 1114 2035 va.
1138 2007 1188 2036 Ar.
1226 2008 1333 2044 serunt
1357 2006 1413 2034 Gu.
1438 2007 1465 2034 2.
1494 2020 1535 2026 —
1558 2004 1706 2040 feruntur
1729 2003 1785 2032 Gu.
1804 2006 1830 2034 1.
1853 2020 1894 2024 —
1927 2001 1972 2042 26)
1996 2003 2126 2030 emicant
2148 2001 2177 2028 Z-

241 2067 283 2073 -.
309 2054 339 2088 9)
357 2050 454 2077 lutum
480 2059 524 2077 va.
550 2067 585 2071 —
625 2054 670 2084 lo)
693 2052 739 2078 Sic
764 2052 811 2078 Ar.
836 2068 872 2072 ——
899 2051 1026 2078 Limlnw
1048 2050 1128 2087 vulg.
1150 2067 1186 2071 -
1234 2068 1271 2071 —
1297 2049 1341 2086 Ξῖ)
1358 2048 1406 2075 Sic
1428 2047 1458 2074 Z.
1483 2047 1539 2075 Gu.
1559 2049 1584 2077 1.
1609 2047 1658 2074 Ar.
1673 2063 1712 2066 —
1728 2046 1792 2073 Om,
1808 2055 1945 2081 versum,
1969 2044 2019 2083 qui
2040 2049 2084 2072 est
2106 2044 2178 2072 Aen.

242 2093 377 2122 Lenibus
401 2102 447 2121 va.
471 2109 511 2112 —
536 2094 579 2127 ll')
599 2095 651 2129 qui
674 2094 705 2121 Z.
728 2109 769 2114 -——
794 2092 836 2130 12)
861 2094 909 2120 Sic
932 2094 979 2123 Ar.
1003 2109 1043 2114 --
1073 2102 1189 2129 rczupo-
1234 2092 1282 2127 Vl,
1305 2092 1386 2125 412„
1411 2089 1466 2119 Gu,
1485 2091 1513 2119 2.
1537 2105 1575 2110 —
1599 2091 1644 2125 25)
1668 2094 1701 2116 ut
1723 2087 1825 2116 addidi
1849 2098 1863 2117 e
1887 2089 1942 2116 Gu.
1962 2090 2036 2117 1.-
2061 2084 2108 2125 29)
2130 2086 2178 2113 Sic

244 2137 294 2163 lus
316 2136 397 2173 vulg.
422 2151 461 2156 —
483 2139 633 2171 nunqnam.»-
657 2135 686 2161 Z.
712 2152 747 2156 —
773 2136 927 2173 caupillus
950 2136 985 2164 al.
1003 2151 1043 2155 -
1069 2135 1112 2170 15)
1131 2135 1189 2161 lin·
1235 2135 1282 2163 Ar.
1302 2149 1343 2154 —
1364 2133 1502 2169 Agim-ia
1524 2137 1593 2158 sunt
1616 2131 1683 2158 locu
1706 2131 1784 2168 vulg.
1808 2147 1845 2152 —
1880 2130 2035 2167 Ageaviae
2064 2134 2136 2156 ,sunt
2158 2127 2178 2156 l-

244 2185 287 2205 ter
310 2178 359 2205 Ar.
381 2192 422 2198 —
453 2177 555 2203 leniter
587 2186 632 2204 va.
677 2177 726 2204 Est
758 2177 851 2205 forma
884 2189 898 2205 a
932 2178 1059 2215 genitivo
1090 2177 1188 2204 ducta.
1231 2177 1263 2204 Z.
1293 2191 1334 2196 —-
1367 2175 1506 2211 Agunia
1542 2179 1614 2200 sunt
1647 2174 1666 2202 l.
1702 2175 1757 2201 Gu.
1791 2176 1815 2203 1.
1839 2174 1867 2203 2·
1903 2171 2043 2200 Scllssffel'·
2073 2170 2110 2198 de
2145 2178 2177 2197 ΓΘ

244 2237 286 2243 -
310 2219 353 2258 14)
374 2217 452 2246 idem
475 2224 501 2245 et
519 2219 549 2245 Z.
573 2234 610 2239 —-
646 2217 690 2255 15)
712 2218 759 2245 Sic
782 2220 838 2247 Gu.
862 2223 886 2250 1.
912 2223 939 2250 2,
963 2235 1004 2240 -
1027 2230 1085 2256 quo
1109 2219 1189 2256 vulg.
1231 2217 1316 2246 milit.
1340 2216 1389 2244 lib.
1413 2217 1435 2245 Ι.
1460 2227 1483 2244 c.
1508 2219 1535 2246 (j.
1560 2216 1616 2253 legi
1641 2215 1705 2243 vult
1729 2214 1868 2253 Agearc'a
1889 2220 1957 2242 sunt
1981 2214 2047 2241 loca
2063 2222 2077 2240 e
2096 2212 2176 2249 glos—

247 2279 283 2284 —
310 2263 356 2299 16)
379 2262 410 2288 in
424 2260 506 2288 Padi
523 2259 694 2298 paludibus
709 2269 755 2287 va.
779 2277 816 2281 —
840 2261 927 2288 Pado
946 2262 1047 2289 0111.Z.
1072 2266 1187 2299 utque.
1231 2270 1288 2288 sar.
1321 2259 1412 2286 latino
1453 2259 1550 2287 Germ.
1588 2268 1639 2287 ms,
1668 2258 1804 2295 Agitzrm
1838 2257 1904 2286 loca
1948 2254 2099 2294 quaedam
2144 2254 2176 2280 in

250 2321 282 2325 .-
311 2305 356 2340 17)
380 2303 429 2331 Sic
451 2303 483 2333 Ζ,
507 2304 555 2331 Ar.
581 2318 622 2323 —
645 2307 779 2329 contexta
802 2303 879 2340 vulg.
899 2319 938 2325 -—
958 2302 1005 2342 18)
1028 2309 1136 2331 uocata
1157 2304 1187 2332 Z.
1230 2302 1370 2337 navibus,
1395 2312 1471 2339 quae
1489 2312 1543 2339 per
1561 2311 1655 2328 remos
1677 2301 1815 2328 hortator
1841 2298 1965 2328 accedit.
1993 2313 2025 2317 -—
2056 2299 2102 2331 30)
2128 2296 2175 2329 Sic
