<?xml version="1.0" encoding="UTF-8"?>
<!DOCTYPE html PUBLIC "-//W3C//DTD XHTML 1.0 Transitional//EN"
    "http://www.w3.org/TR/xhtml1/DTD/xhtml1-transitional.dtd">
<html xmlns="http://www.w3.org/1999/xhtml" xml:lang="en" lang="en">
 <head>
  <title>
</title>
<meta http-equiv="Content-Type" content="text/html;charset=utf-8" />
  <meta name='ocr-system' content='tesseract 3.04.00' />
  <meta name='ocr-capabilities' content='ocr_page ocr_carea ocr_par ocr_line ocrx_word'/>
</head>
<body>
  <div class='ocr_page' id='page_1' title='image "./corpusgrammatico03linduoft_0276.png"; bbox 0 0 2203 2829; ppageno 0'>
   <div class='ocr_carea' id='block_1_1' title="bbox 148 107 1421 145">
    <p class='ocr_par' dir='ltr' id='par_1_1' title="bbox 148 107 1421 145">
     <span class='ocr_line' id='line_1_1' title="bbox 148 107 1421 145; baseline 0.001 -3"><span class='ocrx_word' id='word_1_1' title='bbox 148 107 223 142; x_wconf 81' lang='lat'><strong>258</strong></span> <span class='ocrx_word' id='word_1_2' title='bbox 845 108 1023 143; x_wconf 82' lang='lat' dir='ltr'>ISIDORI</span> <span class='ocrx_word' id='word_1_3' title='bbox 1060 108 1240 145; x_wconf 89' lang='lat' dir='ltr'><strong>HISPAL.</strong></span> <span class='ocrx_word' id='word_1_4' title='bbox 1278 109 1421 143; x_wconf 85' lang='lat' dir='ltr'><strong>EPISC.</strong></span> 
     </span>
    </p>
   </div>
   <div class='ocr_carea' id='block_1_2' title="bbox 148 199 2097 292">
    <p class='ocr_par' dir='ltr' id='par_1_2' title="bbox 148 199 2097 292">
     <span class='ocr_line' id='line_1_2' title="bbox 313 199 2097 252; baseline 0.004 -18"><span class='ocrx_word' id='word_1_5' title='bbox 313 201 371 234; x_wconf 79' lang='lat'><strong>22.</strong></span> <span class='ocrx_word' id='word_1_6' title='bbox 425 201 627 244; x_wconf 71' lang='lat' dir='ltr'><strong>Artotyritae</strong></span> <span class='ocrx_word' id='word_1_7' title='bbox 661 201 704 233; x_wconf 85' lang='lat' dir='ltr'><strong>ab</strong></span> <span class='ocrx_word' id='word_1_8' title='bbox 739 201 910 235; x_wconf 85' lang='lat' dir='ltr'><strong>oblatione</strong></span> <span class='ocrx_word' id='word_1_9' title='bbox 938 199 1049 236; x_wconf 82' lang='lat' dir='ltr'><strong>dicti¹.</strong></span> <span class='ocrx_word' id='word_1_10' title='bbox 1102 203 1228 236; x_wconf 78' lang='lat' dir='ltr'><strong>Panem</strong></span> <span class='ocrx_word' id='word_1_11' title='bbox 1256 205 1343 236; x_wconf 81' lang='lat' dir='ltr'><strong>enim</strong></span> <span class='ocrx_word' id='word_1_12' title='bbox 1380 208 1412 236; x_wconf 86' lang='lat' dir='ltr'><strong>et</strong></span> <span class='ocrx_word' id='word_1_13' title='bbox 1439 214 1570 237; x_wconf 84' lang='lat' dir='ltr'><strong>caseum</strong></span> <span class='ocrx_word' id='word_1_14' title='bbox 1605 204 1752 238; x_wconf 83' lang='lat' dir='ltr'><strong>offerunt</strong></span> <span class='ocrx_word' id='word_1_15' title='bbox 1785 205 1950 248; x_wconf 85' lang='lat' dir='ltr'><strong>dicentes,</strong></span> <span class='ocrx_word' id='word_1_16' title='bbox 1984 208 2097 252; x_wconf 80' lang='lat' dir='ltr'><strong>primis</strong></span> 
     </span>
     <span class='ocr_line' id='line_1_3' title="bbox 148 252 1739 292; baseline 0.001 -5"><span class='ocrx_word' id='word_1_17' title='bbox 148 253 340 287; x_wconf 72' lang='lat' dir='ltr'><strong>hominibus</strong></span> <span class='ocrx_word' id='word_1_18' title='bbox 368 254 573 286; x_wconf 84' lang='lat' dir='ltr'><strong>oblationem</strong></span> <span class='ocrx_word' id='word_1_19' title='bbox 602 265 619 284; x_wconf 89' lang='lat' dir='ltr'><strong>a</strong></span> <span class='ocrx_word' id='word_1_20' title='bbox 646 252 806 286; x_wconf 74' lang='lat' dir='ltr'><strong>fructibus</strong></span> <span class='ocrx_word' id='word_1_21' title='bbox 833 260 940 287; x_wconf 80' lang='lat' dir='ltr'><strong>terrae</strong></span> <span class='ocrx_word' id='word_1_22' title='bbox 969 260 1001 287; x_wconf 87' lang='lat' dir='ltr'><strong>et</strong></span> <span class='ocrx_word' id='word_1_23' title='bbox 1027 266 1046 286; x_wconf 86' lang='grc'>3</span> <span class='ocrx_word' id='word_1_24' title='bbox 1073 254 1234 288; x_wconf 77' lang='lat' dir='ltr'><strong>fructibus</strong></span> <span class='ocrx_word' id='word_1_25' title='bbox 1261 256 1371 287; x_wconf 77' lang='lat' dir='ltr'><strong>ovium</strong></span> <span class='ocrx_word' id='word_1_26' title='bbox 1400 256 1497 289; x_wconf 86' lang='lat' dir='ltr'><strong>fuisse</strong></span> <span class='ocrx_word' id='word_1_27' title='bbox 1525 257 1739 292; x_wconf 77' lang='lat' dir='ltr'><strong>celebratam,</strong></span> 
     </span>
    </p>
   </div>
   <div class='ocr_carea' id='block_1_3' title="bbox 314 372 2096 417">
    <p class='ocr_par' dir='ltr' id='par_1_3' title="bbox 314 372 2096 417">
     <span class='ocr_line' id='line_1_4' title="bbox 314 372 2096 417; baseline 0.003 -13"><span class='ocrx_word' id='word_1_28' title='bbox 314 372 372 405; x_wconf 75' lang='lat'><strong>24.</strong></span> <span class='ocrx_word' id='word_1_29' title='bbox 428 372 595 405; x_wconf 86' lang='lat' dir='ltr'><strong>Severiani</strong></span> <span class='ocrx_word' id='word_1_30' title='bbox 622 385 642 405; x_wconf 85' lang='lat' dir='ltr'><strong>a</strong></span> <span class='ocrx_word' id='word_1_31' title='bbox 668 374 793 407; x_wconf 77' lang='lat' dir='ltr'><strong>Severo</strong></span> <span class='ocrx_word' id='word_1_32' title='bbox 823 375 944 417; x_wconf 72' lang='lat' dir='ltr'><strong>exorti,</strong></span> <span class='ocrx_word' id='word_1_33' title='bbox 980 375 1090 407; x_wconf 84' lang='lat' dir='ltr'><strong>vinum</strong></span> <span class='ocrx_word' id='word_1_34' title='bbox 1118 386 1184 407; x_wconf 91' lang='lat' dir='ltr'><strong>non</strong></span> <span class='ocrx_word' id='word_1_35' title='bbox 1212 375 1344 408; x_wconf 90' lang='lat' dir='ltr'><strong>bibunt:</strong></span> <span class='ocrx_word' id='word_1_36' title='bbox 1371 383 1463 408; x_wconf 85' lang='lat' dir='ltr'><strong>vetus</strong></span> <span class='ocrx_word' id='word_1_37' title='bbox 1489 377 1739 410; x_wconf 75' lang='lat' dir='ltr'>Testamentum</span> <span class='ocrx_word' id='word_1_38' title='bbox 1766 382 1798 409; x_wconf 86' lang='lat' dir='ltr'><strong>et</strong></span> <span class='ocrx_word' id='word_1_39' title='bbox 1824 378 2096 410; x_wconf 79' lang='lat' dir='ltr'><strong>resurrectionem</strong></span> 
     </span>
    </p>
   </div>
   <div class='ocr_carea' id='block_1_4' title="bbox 148 424 2095 523">
    <p class='ocr_par' dir='ltr' id='par_1_4' title="bbox 148 424 2095 523">
     <span class='ocr_line' id='line_1_5' title="bbox 148 424 415 468; baseline -0.007 -11"><span class='ocrx_word' id='word_1_40' title='bbox 148 435 214 457; x_wconf 91' lang='lat' dir='ltr'><strong>non</strong></span> <span class='ocrx_word' id='word_1_41' title='bbox 241 424 415 468; x_wconf 83' lang='lat' dir='ltr'><strong>recipiunt.</strong></span> 
     </span>
     <span class='ocr_line' id='line_1_6' title="bbox 313 474 2095 523; baseline 0.003 -17"><span class='ocrx_word' id='word_1_42' title='bbox 313 474 371 507; x_wconf 81' lang='grc'>25.</span> <span class='ocrx_word' id='word_1_43' title='bbox 425 474 560 507; x_wconf 88' lang='lat' dir='ltr'><strong>Tatiani</strong></span> <span class='ocrx_word' id='word_1_44' title='bbox 587 488 605 508; x_wconf 90' lang='lat' dir='ltr'><strong>a</strong></span> <span class='ocrx_word' id='word_1_45' title='bbox 627 476 771 509; x_wconf 86' lang='lat' dir='ltr'><strong>Tatiano</strong></span> <span class='ocrx_word' id='word_1_46' title='bbox 797 478 946 520; x_wconf 89' lang='lat' dir='ltr'><strong>quodam</strong></span> <span class='ocrx_word' id='word_1_47' title='bbox 971 478 1089 520; x_wconf 75' lang='lat' dir='ltr'><strong>vocati,</strong></span> <span class='ocrx_word' id='word_1_48' title='bbox 1117 478 1175 521; x_wconf 87' lang='lat' dir='ltr'><strong>qui</strong></span> <span class='ocrx_word' id='word_1_49' title='bbox 1203 482 1235 510; x_wconf 86' lang='lat' dir='ltr'><strong>et</strong></span> <span class='ocrx_word' id='word_1_50' title='bbox 1256 478 1448 511; x_wconf 85' lang='lat' dir='ltr'><strong>Encratitae</strong></span> <span class='ocrx_word' id='word_1_51' title='bbox 1469 479 1569 519; x_wconf 73' lang='lat' dir='ltr'><strong>dicti,</strong></span> <span class='ocrx_word' id='word_1_52' title='bbox 1597 480 1673 523; x_wconf 86' lang='lat' dir='ltr'><strong>quia</strong></span> <span class='ocrx_word' id='word_1_53' title='bbox 1701 491 1814 513; x_wconf 81' lang='lat' dir='ltr'><strong>carnes</strong></span> <span class='ocrx_word' id='word_1_54' title='bbox 1836 475 2095 520; x_wconf 66' lang='lat' dir='ltr'><strong>abominantur³‚</strong></span> 
     </span>
    </p>
   </div>
   <div class='ocr_carea' id='block_1_5' title="bbox 427 310 1858 357">
    <p class='ocr_par' dir='ltr' id='par_1_5' title="bbox 427 310 1858 357">
     <span class='ocr_line' id='line_1_7' title="bbox 427 310 1858 357; baseline 0.001 -11"><span class='ocrx_word' id='word_1_55' title='bbox 427 313 563 355; x_wconf 77' lang='lat' dir='ltr'>Aquarii</span> <span class='ocrx_word' id='word_1_56' title='bbox 590 310 792 356; x_wconf 73' lang='lat' dir='ltr'><strong>appellati2,</strong></span> <span class='ocrx_word' id='word_1_57' title='bbox 821 325 860 347; x_wconf 91' lang='lat' dir='ltr'><strong>eo</strong></span> <span class='ocrx_word' id='word_1_58' title='bbox 889 315 981 357; x_wconf 86' lang='lat' dir='ltr'><strong>quod</strong></span> <span class='ocrx_word' id='word_1_59' title='bbox 1009 325 1131 357; x_wconf 85' lang='lat' dir='ltr'><strong>aquam</strong></span> <span class='ocrx_word' id='word_1_60' title='bbox 1158 316 1263 347; x_wconf 80' lang='lat' dir='ltr'><strong>solam</strong></span> <span class='ocrx_word' id='word_1_61' title='bbox 1292 315 1436 348; x_wconf 78' lang='lat' dir='ltr'><strong>offerunt</strong></span> <span class='ocrx_word' id='word_1_62' title='bbox 1463 316 1495 348; x_wconf 91' lang='lat' dir='ltr'><strong>in</strong></span> <span class='ocrx_word' id='word_1_63' title='bbox 1523 317 1626 350; x_wconf 82' lang='lat' dir='ltr'><strong>calice</strong></span> <span class='ocrx_word' id='word_1_64' title='bbox 1653 316 1858 350; x_wconf 80' lang='lat' dir='ltr'><strong>sacramenti.</strong></span> 
     </span>
    </p>
   </div>
   <div class='ocr_carea' id='block_1_6' title="bbox 144 533 2096 1103">
    <p class='ocr_par' dir='ltr' id='par_1_6' title="bbox 147 533 2096 635">
     <span class='ocr_line' id='line_1_8' title="bbox 313 533 2096 581; baseline 0.003 -15"><span class='ocrx_word' id='word_1_65' title='bbox 313 533 371 568; x_wconf 83' lang='grc'>26.</span> <span class='ocrx_word' id='word_1_66' title='bbox 425 535 542 579; x_wconf 86' lang='lat' dir='ltr'><strong>Alogii</strong></span> <span class='ocrx_word' id='word_1_67' title='bbox 570 542 730 570; x_wconf 86' lang='lat' dir='ltr'><strong>vocantur</strong></span> <span class='ocrx_word' id='word_1_68' title='bbox 757 543 915 580; x_wconf 77' lang='lat' dir='ltr'><strong>tanquam</strong></span> <span class='ocrx_word' id='word_1_69' title='bbox 943 537 1009 570; x_wconf 84' lang='lat' dir='ltr'><strong>sine</strong></span> <span class='ocrx_word' id='word_1_70' title='bbox 1039 538 1164 572; x_wconf 71' lang='lat' dir='ltr'><strong>verbo.</strong></span> <span class='ocrx_word' id='word_1_71' title='bbox 1219 534 1340 581; x_wconf 73' lang='grc' dir='ltr'><em>Λόγος</em></span> <span class='ocrx_word' id='word_1_72' title='bbox 1367 539 1453 570; x_wconf 90' lang='lat' dir='ltr'><strong>enim</strong></span> <span class='ocrx_word' id='word_1_73' title='bbox 1483 540 1615 572; x_wconf 78' lang='lat' dir='ltr'><strong>Graece</strong></span> <span class='ocrx_word' id='word_1_74' title='bbox 1642 541 1782 573; x_wconf 81' lang='lat' dir='ltr'><strong>verbum</strong></span> <span class='ocrx_word' id='word_1_75' title='bbox 1810 540 1940 573; x_wconf 77' lang='lat' dir='ltr'><strong>(licitur.</strong></span> <span class='ocrx_word' id='word_1_76' title='bbox 1986 539 2096 571; x_wconf 90' lang='lat' dir='ltr'><strong>Deum</strong></span> 
     </span>
     <span class='ocr_line' id='line_1_9' title="bbox 147 585 2027 635; baseline 0.003 -17"><span class='ocrx_word' id='word_1_77' title='bbox 147 585 234 619; x_wconf 90' lang='lat' dir='ltr'><strong>enim</strong></span> <span class='ocrx_word' id='word_1_78' title='bbox 262 587 403 619; x_wconf 86' lang='lat' dir='ltr'><strong>verbum</strong></span> <span class='ocrx_word' id='word_1_79' title='bbox 430 597 495 618; x_wconf 91' lang='lat' dir='ltr'><strong>non</strong></span> <span class='ocrx_word' id='word_1_80' title='bbox 523 588 680 629; x_wconf 81' lang='lat' dir='ltr'><strong>credunt,</strong></span> <span class='ocrx_word' id='word_1_81' title='bbox 705 595 896 633; x_wconf 72' lang='lat' dir='ltr'><strong>respuentes</strong></span> <span class='ocrx_word' id='word_1_82' title='bbox 918 589 1075 621; x_wconf 83' lang='lat' dir='ltr'><strong>Iohannis</strong></span> <span class='ocrx_word' id='word_1_83' title='bbox 1105 589 1314 633; x_wconf 76' lang='lat' dir='ltr'><strong>evangelium</strong></span> <span class='ocrx_word' id='word_1_84' title='bbox 1343 595 1375 621; x_wconf 80' lang='lat' dir='ltr'><strong>et</strong></span> <span class='ocrx_word' id='word_1_85' title='bbox 1402 591 1654 635; x_wconf 64' lang='lat' dir='ltr'><strong>Apocalypsim.</strong></span> <span class='ocrx_word' id='word_1_86' title='bbox 2026 628 2027 631; x_wconf 14' lang='grc' dir='ltr'><strong>Ἰ</strong></span> 
     </span>
    </p>

    <p class='ocr_par' dir='ltr' id='par_1_7' title="bbox 145 645 2095 783">
     <span class='ocr_line' id='line_1_10' title="bbox 311 645 2094 694; baseline 0.002 -17"><span class='ocrx_word' id='word_1_87' title='bbox 311 645 370 679; x_wconf 74' lang='grc'>27.</span> <span class='ocrx_word' id='word_1_88' title='bbox 424 645 672 693; x_wconf 70' lang='lat' dir='ltr'><strong>Cataphrygis⁴</strong></span> <span class='ocrx_word' id='word_1_89' title='bbox 701 660 821 681; x_wconf 83' lang='lat' dir='ltr'><strong>nomen</strong></span> <span class='ocrx_word' id='word_1_90' title='bbox 849 645 1043 693; x_wconf 78' lang='lat' dir='ltr'><strong>provincia⁵</strong></span> <span class='ocrx_word' id='word_1_91' title='bbox 1070 645 1242 694; x_wconf 60' lang='lat' dir='ltr'><strong>Phrygiafi</strong></span> <span class='ocrx_word' id='word_1_92' title='bbox 1271 649 1382 690; x_wconf 80' lang='lat' dir='ltr'><strong>de‹lit‚</strong></span> <span class='ocrx_word' id='word_1_93' title='bbox 1418 651 1495 694; x_wconf 86' lang='lat' dir='ltr'><strong>quia</strong></span> <span class='ocrx_word' id='word_1_94' title='bbox 1528 652 1574 683; x_wconf 89' lang='lat' dir='ltr'><strong>ibi</strong></span> <span class='ocrx_word' id='word_1_95' title='bbox 1599 651 1773 684; x_wconf 75' lang='lat' dir='ltr'><strong>extiterunt</strong></span> <span class='ocrx_word' id='word_1_96' title='bbox 1799 655 1952 683; x_wconf 58' lang='lat' dir='ltr'><strong>auctores</strong></span> <span class='ocrx_word' id='word_1_97' title='bbox 1980 661 2094 682; x_wconf 86' lang='lat' dir='ltr'><strong>eorum</strong></span> 
     </span>
     <span class='ocr_line' id='line_1_11' title="bbox 145 695 2095 746; baseline 0.003 -18"><span class='ocrx_word' id='word_1_98' title='bbox 145 696 344 741; x_wconf 80' lang='lat' dir='ltr'><strong>Montanus,</strong></span> <span class='ocrx_word' id='word_1_99' title='bbox 384 695 519 731; x_wconf 79' lang='lat' dir='ltr'><strong>Prisca⁷</strong></span> <span class='ocrx_word' id='word_1_100' title='bbox 560 705 592 732; x_wconf 86' lang='lat' dir='ltr'><strong>et</strong></span> <span class='ocrx_word' id='word_1_101' title='bbox 618 700 805 733; x_wconf 83' lang='lat' dir='ltr'>Maximilla</span> <span class='ocrx_word' id='word_1_102' title='bbox 819 698 840 735; x_wconf 51' lang='grc' dir='ltr'>Β.</span> <span class='ocrx_word' id='word_1_103' title='bbox 904 701 951 733; x_wconf 90' lang='lat' dir='ltr'><strong>Hi</strong></span> <span class='ocrx_word' id='word_1_104' title='bbox 981 702 1160 733; x_wconf 79' lang='lat' dir='ltr'><strong>adventum</strong></span> <span class='ocrx_word' id='word_1_105' title='bbox 1197 702 1328 745; x_wconf 79' lang='lat' dir='ltr'><strong>spiritus</strong></span> <span class='ocrx_word' id='word_1_106' title='bbox 1359 699 1487 736; x_wconf 75' lang='lat' dir='ltr'><strong>sancti⁹</strong></span> <span class='ocrx_word' id='word_1_107' title='bbox 1527 714 1592 735; x_wconf 89' lang='lat' dir='ltr'><strong>nou</strong></span> <span class='ocrx_word' id='word_1_108' title='bbox 1623 703 1655 734; x_wconf 93' lang='lat' dir='ltr'><strong>in</strong></span> <span class='ocrx_word' id='word_1_109' title='bbox 1682 702 1858 746; x_wconf 71' lang='lat' dir='ltr'><strong>apostoli5‚</strong></span> <span class='ocrx_word' id='word_1_110' title='bbox 1903 701 1961 734; x_wconf 84' lang='lat' dir='ltr'><strong>sed</strong></span> <span class='ocrx_word' id='word_1_111' title='bbox 1997 703 2029 733; x_wconf 93' lang='lat' dir='ltr'><strong>in</strong></span> <span class='ocrx_word' id='word_1_112' title='bbox 2061 712 2095 734; x_wconf 90' lang='lat' dir='ltr'><strong>se</strong></span> 
     </span>
     <span class='ocr_line' id='line_1_12' title="bbox 145 748 486 783; baseline 0.009 -3"><span class='ocrx_word' id='word_1_113' title='bbox 145 748 300 781; x_wconf 89' lang='lat' dir='ltr'><strong>traditum</strong></span> <span class='ocrx_word' id='word_1_114' title='bbox 330 755 486 783; x_wconf 86' lang='lat' dir='ltr'><strong>asserunt.</strong></span> 
     </span>
    </p>

    <p class='ocr_par' dir='ltr' id='par_1_8' title="bbox 145 798 2095 988">
     <span class='ocr_line' id='line_1_13' title="bbox 312 798 2094 846; baseline 0.001 -14"><span class='ocrx_word' id='word_1_115' title='bbox 312 800 371 833; x_wconf 80' lang='grc'>28.</span> <span class='ocrx_word' id='word_1_116' title='bbox 426 798 597 834; x_wconf 80' lang='lat' dir='ltr'><strong>Cathari¹⁰</strong></span> <span class='ocrx_word' id='word_1_117' title='bbox 626 808 767 846; x_wconf 82' lang='lat' dir='ltr'><strong>propter</strong></span> <span class='ocrx_word' id='word_1_118' title='bbox 795 803 989 835; x_wconf 75' lang='lat' dir='ltr'>munditiam</span> <span class='ocrx_word' id='word_1_119' title='bbox 1018 803 1062 835; x_wconf 87' lang='lat' dir='ltr'><strong>ita</strong></span> <span class='ocrx_word' id='word_1_120' title='bbox 1098 815 1131 835; x_wconf 90' lang='lat' dir='ltr'><strong>se</strong></span> <span class='ocrx_word' id='word_1_121' title='bbox 1159 804 1420 837; x_wconf 75' lang='lat' dir='ltr'><strong>nominaverunt.</strong></span> <span class='ocrx_word' id='word_1_122' title='bbox 1474 805 1666 838; x_wconf 76' lang='lat' dir='ltr'><strong>Gloriantes</strong></span> <span class='ocrx_word' id='word_1_123' title='bbox 1693 805 1778 837; x_wconf 91' lang='lat' dir='ltr'><strong>enim</strong></span> <span class='ocrx_word' id='word_1_124' title='bbox 1808 804 1849 836; x_wconf 84' lang='lat' dir='ltr'><strong>(le</strong></span> <span class='ocrx_word' id='word_1_125' title='bbox 1872 804 1935 836; x_wconf 87' lang='lat' dir='ltr'><strong>suis</strong></span> <span class='ocrx_word' id='word_1_126' title='bbox 1963 804 2094 844; x_wconf 78' lang='lat' dir='ltr'><strong>meritis,</strong></span> 
     </span>
     <span class='ocr_line' id='line_1_14' title="bbox 145 852 2095 900; baseline 0.002 -17"><span class='ocrx_word' id='word_1_127' title='bbox 145 856 270 896; x_wconf 85' lang='lat' dir='ltr'><strong>negant</strong></span> <span class='ocrx_word' id='word_1_128' title='bbox 295 852 541 896; x_wconf 84' lang='lat' dir='ltr'><strong>poenitentibus</strong></span> <span class='ocrx_word' id='word_1_129' title='bbox 570 854 697 886; x_wconf 78' lang='lat' dir='ltr'><strong>veniam</strong></span> <span class='ocrx_word' id='word_1_130' title='bbox 726 860 959 899; x_wconf 84' lang='lat' dir='ltr'><strong>peccatorum:</strong></span> <span class='ocrx_word' id='word_1_131' title='bbox 988 855 1113 888; x_wconf 54' lang='lat' dir='ltr'><strong>viduas</strong></span> <span class='ocrx_word' id='word_1_132' title='bbox 1141 856 1165 887; x_wconf 81' lang='lat' dir='ltr'><strong>si</strong></span> <span class='ocrx_word' id='word_1_133' title='bbox 1194 856 1381 899; x_wconf 73' lang='lat' dir='ltr'><strong>nupserint,</strong></span> <span class='ocrx_word' id='word_1_134' title='bbox 1409 862 1566 900; x_wconf 76' lang='lat' dir='ltr'><strong>tanquam</strong></span> <span class='ocrx_word' id='word_1_135' title='bbox 1598 857 1765 889; x_wconf 79' lang='lat' dir='ltr'><strong>adulteras</strong></span> <span class='ocrx_word' id='word_1_136' title='bbox 1793 856 1964 888; x_wconf 86' lang='lat' dir='ltr'><strong>damnant:</strong></span> <span class='ocrx_word' id='word_1_137' title='bbox 1991 855 2095 887; x_wconf 83' lang='lat' dir='ltr'><strong>Mun-</strong></span> 
     </span>
     <span class='ocr_line' id='line_1_15' title="bbox 145 902 2094 953; baseline 0.002 -18"><span class='ocrx_word' id='word_1_138' title='bbox 145 902 255 936; x_wconf 83' lang='lat' dir='ltr'><strong>diores</strong></span> <span class='ocrx_word' id='word_1_139' title='bbox 282 915 316 936; x_wconf 89' lang='lat' dir='ltr'><strong>se</strong></span> <span class='ocrx_word' id='word_1_140' title='bbox 344 904 479 937; x_wconf 82' lang='lat' dir='ltr'><strong>caeteris</strong></span> <span class='ocrx_word' id='word_1_141' title='bbox 502 905 706 948; x_wconf 84' lang='lat' dir='ltr'><strong>praedicant.</strong></span> <span class='ocrx_word' id='word_1_142' title='bbox 740 907 805 947; x_wconf 78' lang='lat' dir='ltr'><strong>Qui</strong></span> <span class='ocrx_word' id='word_1_143' title='bbox 829 917 950 939; x_wconf 91' lang='lat' dir='ltr'><strong>nomen</strong></span> <span class='ocrx_word' id='word_1_144' title='bbox 977 918 1071 938; x_wconf 83' lang='lat' dir='ltr'><strong>suum</strong></span> <span class='ocrx_word' id='word_1_145' title='bbox 1099 907 1123 938; x_wconf 88' lang='lat' dir='ltr'><strong>si</strong></span> <span class='ocrx_word' id='word_1_146' title='bbox 1151 917 1357 951; x_wconf 74' lang='lat' dir='ltr'><strong>cognoscere</strong></span> <span class='ocrx_word' id='word_1_147' title='bbox 1384 908 1515 951; x_wconf 74' lang='lat' dir='ltr'><strong>vellent,</strong></span> <span class='ocrx_word' id='word_1_148' title='bbox 1540 921 1574 942; x_wconf 87' lang='lat' dir='ltr'><strong>se</strong></span> <span class='ocrx_word' id='word_1_149' title='bbox 1601 909 1712 953; x_wconf 87' lang='lat' dir='ltr'><strong>potius</strong></span> <span class='ocrx_word' id='word_1_150' title='bbox 1742 903 1970 947; x_wconf 81' lang='lat' dir='ltr'><strong>mundanos¹¹,</strong></span> <span class='ocrx_word' id='word_1_151' title='bbox 1993 917 2094 950; x_wconf 84' lang='lat' dir='ltr'><strong>quam</strong></span> 
     </span>
     <span class='ocr_line' id='line_1_16' title="bbox 145 955 482 988; baseline 0 -1"><span class='ocrx_word' id='word_1_152' title='bbox 145 955 288 988; x_wconf 87' lang='lat' dir='ltr'><strong>mundos</strong></span> <span class='ocrx_word' id='word_1_153' title='bbox 316 960 482 988; x_wconf 77' lang='lat' dir='ltr'><strong>vocarent.</strong></span> 
     </span>
    </p>

    <p class='ocr_par' dir='ltr' id='par_1_9' title="bbox 144 1005 2095 1103">
     <span class='ocr_line' id='line_1_17' title="bbox 310 1005 2095 1055; baseline 0.002 -17"><span class='ocrx_word' id='word_1_154' title='bbox 310 1006 370 1041; x_wconf 79' lang='grc'>29.</span> <span class='ocrx_word' id='word_1_155' title='bbox 423 1007 573 1039; x_wconf 85' lang='lat' dir='ltr'><strong>Pauliani</strong></span> <span class='ocrx_word' id='word_1_156' title='bbox 601 1019 619 1039; x_wconf 89' lang='lat' dir='ltr'><strong>a</strong></span> <span class='ocrx_word' id='word_1_157' title='bbox 646 1008 752 1040; x_wconf 87' lang='lat' dir='ltr'><strong>Paulo</strong></span> <span class='ocrx_word' id='word_1_158' title='bbox 780 1008 997 1041; x_wconf 84' lang='lat' dir='ltr'><strong>Samosateno</strong></span> <span class='ocrx_word' id='word_1_159' title='bbox 1025 1009 1133 1043; x_wconf 74' lang='lat' dir='ltr'><strong>vocati</strong></span> <span class='ocrx_word' id='word_1_160' title='bbox 1148 1005 1172 1025; x_wconf 81' lang='lat'><strong>¹²</strong></span> <span class='ocrx_word' id='word_1_161' title='bbox 1199 1015 1290 1050; x_wconf 81' lang='lat' dir='ltr'><strong>sunt,</strong></span> <span class='ocrx_word' id='word_1_162' title='bbox 1333 1011 1390 1053; x_wconf 89' lang='lat' dir='ltr'><strong>qui</strong></span> <span class='ocrx_word' id='word_1_163' title='bbox 1422 1011 1502 1043; x_wconf 77' lang='lat' dir='ltr'><strong>(lixit</strong></span> <span class='ocrx_word' id='word_1_164' title='bbox 1536 1022 1602 1043; x_wconf 90' lang='lat' dir='ltr'><strong>non</strong></span> <span class='ocrx_word' id='word_1_165' title='bbox 1630 1022 1763 1055; x_wconf 81' lang='lat' dir='ltr'><strong>semper</strong></span> <span class='ocrx_word' id='word_1_166' title='bbox 1790 1010 1887 1042; x_wconf 80' lang='lat' dir='ltr'><strong>fuisse</strong></span> <span class='ocrx_word' id='word_1_167' title='bbox 1915 1009 2095 1049; x_wconf 78' lang='lat' dir='ltr'><strong>Christum,</strong></span> 
     </span>
     <span class='ocr_line' id='line_1_18' title="bbox 144 1057 759 1103; baseline 0.005 -14"><span class='ocrx_word' id='word_1_168' title='bbox 144 1057 205 1090; x_wconf 85' lang='lat' dir='ltr'><strong>sed</strong></span> <span class='ocrx_word' id='word_1_169' title='bbox 233 1069 252 1090; x_wconf 86' lang='grc'>3</span> <span class='ocrx_word' id='word_1_170' title='bbox 283 1057 392 1090; x_wconf 85' lang='lat' dir='ltr'><strong>Maria</strong></span> <span class='ocrx_word' id='word_1_171' title='bbox 420 1060 596 1103; x_wconf 81' lang='lat' dir='ltr'><strong>sumpsisse</strong></span> <span class='ocrx_word' id='word_1_172' title='bbox 623 1060 759 1093; x_wconf 89' lang='lat' dir='ltr'><strong>initium.</strong></span> 
     </span>
    </p>
   </div>
   <div class='ocr_carea' id='block_1_7' title="bbox 144 1116 2095 1263">
    <p class='ocr_par' dir='ltr' id='par_1_10' title="bbox 144 1116 2095 1263">
     <span class='ocr_line' id='line_1_19' title="bbox 310 1116 2094 1164; baseline 0.002 -16"><span class='ocrx_word' id='word_1_173' title='bbox 310 1116 369 1152; x_wconf 85' lang='lat'><strong>30.</strong></span> <span class='ocrx_word' id='word_1_174' title='bbox 424 1118 688 1163; x_wconf 82' lang='lat' dir='ltr'><strong>Hermogeniani</strong></span> <span class='ocrx_word' id='word_1_175' title='bbox 710 1120 752 1150; x_wconf 85' lang='lat' dir='ltr'><strong>ab</strong></span> <span class='ocrx_word' id='word_1_176' title='bbox 781 1119 1000 1164; x_wconf 83' lang='lat' dir='ltr'><strong>Hermogene</strong></span> <span class='ocrx_word' id='word_1_177' title='bbox 1027 1120 1175 1162; x_wconf 86' lang='lat' dir='ltr'><strong>quodam</strong></span> <span class='ocrx_word' id='word_1_178' title='bbox 1203 1120 1330 1160; x_wconf 71' lang='lat' dir='ltr'><strong>vocati.</strong></span> <span class='ocrx_word' id='word_1_179' title='bbox 1365 1121 1421 1163; x_wconf 89' lang='lat' dir='ltr'><strong>qui</strong></span> <span class='ocrx_word' id='word_1_180' title='bbox 1449 1122 1619 1154; x_wconf 75' lang='lat' dir='ltr'><strong>materiam</strong></span> <span class='ocrx_word' id='word_1_181' title='bbox 1646 1133 1712 1154; x_wconf 90' lang='lat' dir='ltr'><strong>non</strong></span> <span class='ocrx_word' id='word_1_182' title='bbox 1740 1126 1849 1153; x_wconf 85' lang='lat' dir='ltr'><strong>natam</strong></span> <span class='ocrx_word' id='word_1_183' title='bbox 1873 1120 2094 1160; x_wconf 85' lang='lat' dir='ltr'><strong>introducens,</strong></span> 
     </span>
     <span class='ocr_line' id='line_1_20' title="bbox 144 1166 2095 1216; baseline 0.003 -18"><span class='ocrx_word' id='word_1_184' title='bbox 144 1167 219 1199; x_wconf 90' lang='lat' dir='ltr'><strong>Deo</strong></span> <span class='ocrx_word' id='word_1_185' title='bbox 248 1178 314 1200; x_wconf 91' lang='lat' dir='ltr'><strong>non</strong></span> <span class='ocrx_word' id='word_1_186' title='bbox 349 1174 426 1201; x_wconf 90' lang='lat' dir='ltr'><strong>nato</strong></span> <span class='ocrx_word' id='word_1_187' title='bbox 454 1182 527 1202; x_wconf 88' lang='lat' dir='ltr'><strong>eam</strong></span> <span class='ocrx_word' id='word_1_188' title='bbox 542 1166 564 1186; x_wconf 75' lang='lat'><strong>¹³</strong></span> <span class='ocrx_word' id='word_1_189' title='bbox 592 1171 814 1214; x_wconf 83' lang='lat' dir='ltr'><strong>comparavit,</strong></span> <span class='ocrx_word' id='word_1_190' title='bbox 857 1177 1064 1214; x_wconf 85' lang='lat' dir='ltr'><strong>matremque</strong></span> <span class='ocrx_word' id='word_1_191' title='bbox 1102 1172 1341 1204; x_wconf 83' lang='lat' dir='ltr'><strong>elementorum</strong></span> <span class='ocrx_word' id='word_1_192' title='bbox 1373 1176 1405 1203; x_wconf 87' lang='lat' dir='ltr'><strong>et</strong></span> <span class='ocrx_word' id='word_1_193' title='bbox 1442 1170 1575 1206; x_wconf 67' lang='lat' dir='ltr'><strong>deam¹⁴</strong></span> <span class='ocrx_word' id='word_1_194' title='bbox 1603 1173 1756 1206; x_wconf 86' lang='lat' dir='ltr'><strong>asseruit:</strong></span> <span class='ocrx_word' id='word_1_195' title='bbox 1799 1184 1882 1216; x_wconf 83' lang='lat' dir='ltr'><strong>quos</strong></span> <span class='ocrx_word' id='word_1_196' title='bbox 1914 1173 2095 1216; x_wconf 79' lang='lat' dir='ltr'><strong>Apostolus</strong></span> 
     </span>
     <span class='ocr_line' id='line_1_21' title="bbox 144 1218 737 1263; baseline 0.005 -13"><span class='ocrx_word' id='word_1_197' title='bbox 144 1218 330 1263; x_wconf 79' lang='lat' dir='ltr'><strong>improbat,</strong></span> <span class='ocrx_word' id='word_1_198' title='bbox 360 1221 528 1253; x_wconf 82' lang='lat' dir='ltr'><strong>elementis</strong></span> <span class='ocrx_word' id='word_1_199' title='bbox 551 1222 737 1253; x_wconf 71' lang='lat' dir='ltr'><strong>servientes.</strong></span> 
     </span>
    </p>
   </div>
   <div class='ocr_carea' id='block_1_8' title="bbox 144 1278 2094 1430">
    <p class='ocr_par' dir='ltr' id='par_1_11' title="bbox 144 1278 2094 1430">
     <span class='ocr_line' id='line_1_22' title="bbox 309 1278 2094 1323; baseline 0.002 -13"><span class='ocrx_word' id='word_1_200' title='bbox 309 1278 368 1311; x_wconf 87' lang='lat'><strong>31.</strong></span> <span class='ocrx_word' id='word_1_201' title='bbox 424 1279 597 1313; x_wconf 75' lang='lat' dir='ltr'><strong>Manichei</strong></span> <span class='ocrx_word' id='word_1_202' title='bbox 625 1293 643 1312; x_wconf 85' lang='lat' dir='ltr'><strong>a</strong></span> <span class='ocrx_word' id='word_1_203' title='bbox 669 1280 816 1322; x_wconf 80' lang='lat' dir='ltr'><strong>quodam</strong></span> <span class='ocrx_word' id='word_1_204' title='bbox 845 1281 945 1312; x_wconf 80' lang='lat' dir='ltr'><strong>Persa</strong></span> <span class='ocrx_word' id='word_1_205' title='bbox 981 1281 1174 1321; x_wconf 81' lang='lat' dir='ltr'><strong>extiterunt,</strong></span> <span class='ocrx_word' id='word_1_206' title='bbox 1209 1281 1265 1323; x_wconf 83' lang='lat' dir='ltr'><strong>qui</strong></span> <span class='ocrx_word' id='word_1_207' title='bbox 1294 1287 1429 1314; x_wconf 71' lang='lat' dir='ltr'><strong>vocatus</strong></span> <span class='ocrx_word' id='word_1_208' title='bbox 1460 1287 1506 1315; x_wconf 89' lang='lat' dir='ltr'><strong>est</strong></span> <span class='ocrx_word' id='word_1_209' title='bbox 1533 1282 1660 1317; x_wconf 71' lang='lat' dir='ltr'><strong>Manes.</strong></span> <span class='ocrx_word' id='word_1_210' title='bbox 1714 1278 1818 1315; x_wconf 80' lang='lat' dir='ltr'><strong>Hic¹5</strong></span> <span class='ocrx_word' id='word_1_211' title='bbox 1846 1282 1928 1315; x_wconf 83' lang='lat' dir='ltr'><strong>duas</strong></span> <span class='ocrx_word' id='word_1_212' title='bbox 1963 1287 2094 1314; x_wconf 87' lang='lat' dir='ltr'><strong>naturas</strong></span> 
     </span>
     <span class='ocr_line' id='line_1_23' title="bbox 144 1331 2094 1377; baseline 0.002 -15"><span class='ocrx_word' id='word_1_213' title='bbox 144 1334 176 1362; x_wconf 84' lang='lat' dir='ltr'><strong>et</strong></span> <span class='ocrx_word' id='word_1_214' title='bbox 203 1331 399 1362; x_wconf 79' lang='lat' dir='ltr'><strong>substantias</strong></span> <span class='ocrx_word' id='word_1_215' title='bbox 428 1331 624 1372; x_wconf 64' lang='lat' dir='ltr'><strong>introduxit,</strong></span> <span class='ocrx_word' id='word_1_216' title='bbox 666 1332 700 1363; x_wconf 84' lang='lat' dir='ltr'><strong>id</strong></span> <span class='ocrx_word' id='word_1_217' title='bbox 729 1337 777 1364; x_wconf 56' lang='lat' dir='ltr'><strong>est</strong></span> <span class='ocrx_word' id='word_1_218' title='bbox 804 1332 926 1364; x_wconf 89' lang='grc'>1111113111</span> <span class='ocrx_word' id='word_1_219' title='bbox 956 1337 987 1364; x_wconf 86' lang='lat' dir='ltr'><strong>et</strong></span> <span class='ocrx_word' id='word_1_220' title='bbox 1014 1332 1155 1371; x_wconf 70' lang='lat' dir='ltr'><strong>malam,</strong></span> <span class='ocrx_word' id='word_1_221' title='bbox 1194 1337 1226 1364; x_wconf 68' lang='lat' dir='ltr'><strong>ct</strong></span> <span class='ocrx_word' id='word_1_222' title='bbox 1253 1333 1378 1365; x_wconf 82' lang='lat' dir='ltr'><strong>animas</strong></span> <span class='ocrx_word' id='word_1_223' title='bbox 1407 1345 1445 1366; x_wconf 77' lang='lat' dir='ltr'><strong>ex</strong></span> <span class='ocrx_word' id='word_1_224' title='bbox 1474 1334 1546 1366; x_wconf 85' lang='lat' dir='ltr'><strong>Deo</strong></span> <span class='ocrx_word' id='word_1_225' title='bbox 1574 1335 1665 1377; x_wconf 71' lang='lat' dir='ltr'><strong>quasi</strong></span> <span class='ocrx_word' id='word_1_226' title='bbox 1694 1345 1732 1366; x_wconf 79' lang='lat' dir='ltr'><strong>ex</strong></span> <span class='ocrx_word' id='word_1_227' title='bbox 1762 1334 1874 1376; x_wconf 84' lang='lat' dir='ltr'><strong>aliquo</strong></span> <span class='ocrx_word' id='word_1_228' title='bbox 1904 1335 1995 1366; x_wconf 84' lang='lat' dir='ltr'><strong>fonte</strong></span> <span class='ocrx_word' id='word_1_229' title='bbox 2022 1346 2094 1365; x_wconf 82' lang='lat' dir='ltr'><strong>ma—</strong></span> 
     </span>
     <span class='ocr_line' id='line_1_24' title="bbox 144 1379 1680 1430; baseline 0.003 -17"><span class='ocrx_word' id='word_1_230' title='bbox 144 1379 255 1414; x_wconf 72' lang='grc'><strong>1131010</strong></span> <span class='ocrx_word' id='word_1_231' title='bbox 281 1379 459 1414; x_wconf 62' lang='lat' dir='ltr'><strong>asseruitfl.</strong></span> <span class='ocrx_word' id='word_1_232' title='bbox 513 1383 766 1425; x_wconf 74' lang='lat' dir='ltr'><strong>Testamentum</strong></span> <span class='ocrx_word' id='word_1_233' title='bbox 793 1389 884 1415; x_wconf 81' lang='lat' dir='ltr'><strong>vetus</strong></span> <span class='ocrx_word' id='word_1_234' title='bbox 912 1388 1086 1427; x_wconf 68' lang='lat' dir='ltr'><strong>respuunt:</strong></span> <span class='ocrx_word' id='word_1_235' title='bbox 1122 1384 1253 1416; x_wconf 82' lang='lat' dir='ltr'><strong>Novum</strong></span> <span class='ocrx_word' id='word_1_236' title='bbox 1283 1395 1322 1416; x_wconf 80' lang='lat' dir='ltr'><strong>ex</strong></span> <span class='ocrx_word' id='word_1_237' title='bbox 1349 1390 1445 1429; x_wconf 86' lang='lat' dir='ltr'><strong>parte</strong></span> <span class='ocrx_word' id='word_1_238' title='bbox 1476 1382 1680 1430; x_wconf 63' lang='lat' dir='ltr'><strong>recipiuntffi.</strong></span> 
     </span>
    </p>
   </div>
   <div class='ocr_carea' id='block_1_9' title="bbox 248 1430 2095 1538">
    <p class='ocr_par' dir='ltr' id='par_1_12' title="bbox 248 1430 2095 1538">
     <span class='ocr_line' id='line_1_25' title="bbox 248 1430 1138 1479; baseline 0.001 -14"><span class='ocrx_word' id='word_1_239' title='bbox 248 1430 479 1469; x_wconf 65' lang='lat' dir='ltr'><strong>Anomianiffl,</strong></span> <span class='ocrx_word' id='word_1_240' title='bbox 507 1435 563 1476; x_wconf 86' lang='lat' dir='ltr'><strong>qui</strong></span> <span class='ocrx_word' id='word_1_241' title='bbox 575 1431 599 1450; x_wconf 70' lang='lat'><strong>²¹⁰</strong></span> <span class='ocrx_word' id='word_1_242' title='bbox 626 1435 743 1467; x_wconf 80' lang='lat' dir='ltr'><strong>Latine</strong></span> <span class='ocrx_word' id='word_1_243' title='bbox 776 1435 843 1467; x_wconf 81' lang='lat' dir='ltr'><strong>sine</strong></span> <span class='ocrx_word' id='word_1_244' title='bbox 871 1436 948 1479; x_wconf 77' lang='lat' dir='ltr'><strong>lege</strong></span> <span class='ocrx_word' id='word_1_245' title='bbox 976 1436 1138 1468; x_wconf 74' lang='lat' dir='ltr'><strong>(licuntur.</strong></span> 
     </span>
     <span class='ocr_line' id='line_1_26' title="bbox 310 1491 2095 1538; baseline 0.003 -16"><span class='ocrx_word' id='word_1_246' title='bbox 310 1491 370 1527; x_wconf 81' lang='lat'><strong>32,</strong></span> <span class='ocrx_word' id='word_1_247' title='bbox 424 1493 769 1538; x_wconf 82' lang='lat' dir='ltr'><strong>Antropomorphitae</strong></span> <span class='ocrx_word' id='word_1_248' title='bbox 793 1495 871 1527; x_wconf 77' lang='lat' dir='ltr'><strong>dicti</strong></span> <span class='ocrx_word' id='word_1_249' title='bbox 894 1507 956 1538; x_wconf 84' lang='lat' dir='ltr'><strong>pro</strong></span> <span class='ocrx_word' id='word_1_250' title='bbox 982 1506 1033 1537; x_wconf 68' lang='lat' dir='ltr'><strong>en,</strong></span> <span class='ocrx_word' id='word_1_251' title='bbox 1058 1495 1150 1538; x_wconf 83' lang='lat' dir='ltr'><strong>quod</strong></span> <span class='ocrx_word' id='word_1_252' title='bbox 1172 1495 1385 1538; x_wconf 73' lang='lat' dir='ltr'><strong>simplicitate</strong></span> <span class='ocrx_word' id='word_1_253' title='bbox 1405 1496 1523 1528; x_wconf 73' lang='lat' dir='ltr'><strong>rustica</strong></span> <span class='ocrx_word' id='word_1_254' title='bbox 1544 1496 1651 1528; x_wconf 87' lang='lat' dir='ltr'><strong>Deum</strong></span> <span class='ocrx_word' id='word_1_255' title='bbox 1674 1495 1801 1528; x_wconf 84' lang='lat' dir='ltr'><strong>habere</strong></span> <span class='ocrx_word' id='word_1_256' title='bbox 1821 1494 1967 1527; x_wconf 84' lang='lat' dir='ltr'><strong>humana</strong></span> <span class='ocrx_word' id='word_1_257' title='bbox 1987 1506 2095 1527; x_wconf 90' lang='lat' dir='ltr'><strong>mem—</strong></span> 
     </span>
    </p>
   </div>
   <div class='ocr_carea' id='block_1_10' title="bbox 146 1540 2094 1857">
    <p class='ocr_par' dir='ltr' id='par_1_13' title="bbox 146 1540 2094 1694">
     <span class='ocr_line' id='line_1_27' title="bbox 146 1540 2094 1589; baseline 0.002 -15"><span class='ocrx_word' id='word_1_258' title='bbox 146 1541 224 1582; x_wconf 84' lang='lat' dir='ltr'><strong>bra,</strong></span> <span class='ocrx_word' id='word_1_259' title='bbox 252 1540 371 1585; x_wconf 79' lang='lat' dir='ltr'><strong>quae²¹</strong></span> <span class='ocrx_word' id='word_1_260' title='bbox 399 1543 430 1575; x_wconf 90' lang='lat' dir='ltr'><strong>in</strong></span> <span class='ocrx_word' id='word_1_261' title='bbox 458 1544 574 1576; x_wconf 79' lang='lat' dir='ltr'><strong>(livinis</strong></span> <span class='ocrx_word' id='word_1_262' title='bbox 601 1546 692 1579; x_wconf 73' lang='grc'>1111115</span> <span class='ocrx_word' id='word_1_263' title='bbox 719 1546 841 1589; x_wconf 82' lang='lat' dir='ltr'><strong>scripta</strong></span> <span class='ocrx_word' id='word_1_264' title='bbox 864 1552 952 1589; x_wconf 76' lang='lat' dir='ltr'><strong>sunt,</strong></span> <span class='ocrx_word' id='word_1_265' title='bbox 981 1548 1184 1579; x_wconf 82' lang='lat' dir='ltr'><strong>arbitrantur.</strong></span> <span class='ocrx_word' id='word_1_266' title='bbox 1226 1546 1444 1589; x_wconf 66' lang='lat' dir='ltr'><strong>&#39;‘Avopconog</strong></span> <span class='ocrx_word' id='word_1_267' title='bbox 1476 1547 1562 1579; x_wconf 84' lang='lat' dir='ltr'><strong>enim</strong></span> <span class='ocrx_word' id='word_1_268' title='bbox 1591 1548 1734 1584; x_wconf 78' lang='lat' dir='ltr'><strong>Graece,</strong></span> <span class='ocrx_word' id='word_1_269' title='bbox 1762 1547 1880 1579; x_wconf 83' lang='lat' dir='ltr'><strong>Latine</strong></span> <span class='ocrx_word' id='word_1_270' title='bbox 1908 1546 2012 1578; x_wconf 91' lang='lat' dir='ltr'><strong>homo</strong></span> <span class='ocrx_word' id='word_1_271' title='bbox 2042 1546 2094 1578; x_wconf 88' lang='lat' dir='ltr'><strong>di-</strong></span> 
     </span>
     <span class='ocr_line' id='line_1_28' title="bbox 147 1592 2093 1643; baseline 0.003 -18"><span class='ocrx_word' id='word_1_272' title='bbox 147 1592 284 1634; x_wconf 70' lang='lat' dir='ltr'><strong>citur&#39;·&#39;·&#39;‚</strong></span> <span class='ocrx_word' id='word_1_273' title='bbox 318 1595 509 1639; x_wconf 84' lang='lat' dir='ltr'><strong>ignorantes</strong></span> <span class='ocrx_word' id='word_1_274' title='bbox 545 1607 663 1629; x_wconf 81' lang='lat' dir='ltr'><strong>vocem</strong></span> <span class='ocrx_word' id='word_1_275' title='bbox 692 1597 844 1638; x_wconf 83' lang='lat' dir='ltr'><strong>Domini,</strong></span> <span class='ocrx_word' id='word_1_276' title='bbox 884 1599 941 1641; x_wconf 88' lang='lat' dir='ltr'><strong>qui</strong></span> <span class='ocrx_word' id='word_1_277' title='bbox 975 1599 1033 1630; x_wconf 86' lang='lat' dir='ltr'><strong>ait:</strong></span> <span class='ocrx_word' id='word_1_278' title='bbox 1067 1598 1220 1643; x_wconf 78' lang='lat' dir='ltr'><strong>Spiritus</strong></span> <span class='ocrx_word' id='word_1_279' title='bbox 1255 1598 1406 1630; x_wconf 57' lang='lat' dir='ltr'><strong>&amp;metus</strong></span> <span class='ocrx_word' id='word_1_280' title='bbox 1436 1598 1533 1630; x_wconf 74' lang='lat' dir='ltr'><strong>Dens</strong></span> <span class='ocrx_word' id='word_1_281' title='bbox 1567 1595 1660 1631; x_wconf 75' lang='lat' dir='ltr'><strong>cst²³‘.</strong></span> <span class='ocrx_word' id='word_1_282' title='bbox 1715 1599 1937 1642; x_wconf 86' lang='lat' dir='ltr'><strong>lncorporeus</strong></span> <span class='ocrx_word' id='word_1_283' title='bbox 1976 1594 2093 1630; x_wconf 71' lang='lat' dir='ltr'><strong>deus²⁸</strong></span> 
     </span>
     <span class='ocr_line' id='line_1_29' title="bbox 148 1645 1422 1694; baseline 0.004 -17"><span class='ocrx_word' id='word_1_284' title='bbox 148 1649 196 1678; x_wconf 87' lang='lat' dir='ltr'><strong>est</strong></span> <span class='ocrx_word' id='word_1_285' title='bbox 222 1645 326 1686; x_wconf 83' lang='lat' dir='ltr'><strong>enim,</strong></span> <span class='ocrx_word' id='word_1_286' title='bbox 355 1657 416 1679; x_wconf 88' lang='lat' dir='ltr'><strong>nec</strong></span> <span class='ocrx_word' id='word_1_287' title='bbox 443 1648 598 1679; x_wconf 86' lang='lat' dir='ltr'><strong>membris</strong></span> <span class='ocrx_word' id='word_1_288' title='bbox 619 1649 848 1693; x_wconf 78' lang='lat' dir='ltr'><strong>distinguitur,</strong></span> <span class='ocrx_word' id='word_1_289' title='bbox 876 1661 937 1683; x_wconf 87' lang='lat' dir='ltr'><strong>nec</strong></span> <span class='ocrx_word' id='word_1_290' title='bbox 965 1651 1117 1694; x_wconf 79' lang='lat' dir='ltr'><strong>corporis</strong></span> <span class='ocrx_word' id='word_1_291' title='bbox 1146 1650 1235 1682; x_wconf 85' lang='lat' dir='ltr'><strong>mole</strong></span> <span class='ocrx_word' id='word_1_292' title='bbox 1262 1654 1422 1682; x_wconf 66' lang='lat' dir='ltr'><strong>censetur.</strong></span> 
     </span>
    </p>

    <p class='ocr_par' dir='ltr' id='par_1_14' title="bbox 148 1704 1803 1804">
     <span class='ocr_line' id='line_1_30' title="bbox 311 1704 1803 1752; baseline 0.003 -16"><span class='ocrx_word' id='word_1_293' title='bbox 311 1704 370 1737; x_wconf 81' lang='lat'><strong>33.</strong></span> <span class='ocrx_word' id='word_1_294' title='bbox 425 1706 591 1741; x_wconf 85' lang='lat' dir='ltr'><strong>Eraclitae</strong></span> <span class='ocrx_word' id='word_1_295' title='bbox 623 1709 664 1741; x_wconf 83' lang='lat' dir='ltr'><strong>ab</strong></span> <span class='ocrx_word' id='word_1_296' title='bbox 699 1709 834 1741; x_wconf 81' lang='lat' dir='ltr'><strong>Eraclio</strong></span> <span class='ocrx_word' id='word_1_297' title='bbox 868 1714 1004 1742; x_wconf 88' lang='lat' dir='ltr'><strong>auctore</strong></span> <span class='ocrx_word' id='word_1_298' title='bbox 1034 1707 1181 1742; x_wconf 57' lang='lat' dir='ltr'><strong>exorti&#39;ffi.</strong></span> <span class='ocrx_word' id='word_1_299' title='bbox 1236 1708 1426 1741; x_wconf 83' lang='lat' dir='ltr'><strong>Monachos</strong></span> <span class='ocrx_word' id='word_1_300' title='bbox 1460 1713 1586 1740; x_wconf 85' lang='lat' dir='ltr'><strong>tantum</strong></span> <span class='ocrx_word' id='word_1_301' title='bbox 1620 1708 1803 1752; x_wconf 85' lang='lat' dir='ltr'><strong>recipiunt,</strong></span> 
     </span>
     <span class='ocr_line' id='line_1_31' title="bbox 148 1758 1256 1804; baseline 0.005 -18"><span class='ocrx_word' id='word_1_302' title='bbox 148 1759 284 1798; x_wconf 82' lang='lat' dir='ltr'><strong>spuunt,</strong></span> <span class='ocrx_word' id='word_1_303' title='bbox 312 1758 467 1800; x_wconf 82' lang='lat' dir='ltr'><strong>parvulos</strong></span> <span class='ocrx_word' id='word_1_304' title='bbox 494 1758 620 1792; x_wconf 80' lang='lat' dir='ltr'><strong>habere</strong></span> <span class='ocrx_word' id='word_1_305' title='bbox 648 1772 751 1804; x_wconf 79' lang='lat' dir='ltr'><strong>regna</strong></span> <span class='ocrx_word' id='word_1_306' title='bbox 779 1762 950 1794; x_wconf 83' lang='lat' dir='ltr'><strong>coelorum</strong></span> <span class='ocrx_word' id='word_1_307' title='bbox 963 1758 988 1777; x_wconf 68' lang='lat'><strong>²⁶</strong></span> <span class='ocrx_word' id='word_1_308' title='bbox 1015 1773 1080 1793; x_wconf 92' lang='lat' dir='ltr'><strong>non</strong></span> <span class='ocrx_word' id='word_1_309' title='bbox 1108 1761 1256 1795; x_wconf 66' lang='lat' dir='ltr'><strong>credunt.</strong></span> 
     </span>
    </p>

    <p class='ocr_par' dir='ltr' id='par_1_15' title="bbox 313 1806 2091 1857">
     <span class='ocr_line' id='line_1_32' title="bbox 313 1806 2091 1857; baseline 0.002 -18"><span class='ocrx_word' id='word_1_310' title='bbox 313 1807 372 1841; x_wconf 74' lang='lat'><strong>34.</strong></span> <span class='ocrx_word' id='word_1_311' title='bbox 423 1810 598 1843; x_wconf 85' lang='lat' dir='ltr'><strong>Novatiani</strong></span> <span class='ocrx_word' id='word_1_312' title='bbox 625 1823 643 1844; x_wconf 86' lang='lat' dir='ltr'><strong>a</strong></span> <span class='ocrx_word' id='word_1_313' title='bbox 671 1813 801 1844; x_wconf 69' lang='lat' dir='ltr'><strong>Novato</strong></span> <span class='ocrx_word' id='word_1_314' title='bbox 823 1814 910 1845; x_wconf 91' lang='lat' dir='ltr'><strong>urbis</strong></span> <span class='ocrx_word' id='word_1_315' title='bbox 938 1814 1068 1845; x_wconf 82' lang='lat' dir='ltr'><strong>Romae</strong></span> <span class='ocrx_word' id='word_1_316' title='bbox 1080 1810 1103 1829; x_wconf 70' lang='lat'><strong>²³</strong></span> <span class='ocrx_word' id='word_1_317' title='bbox 1133 1813 1327 1857; x_wconf 73' lang='lat' dir='ltr'><strong>presbytero</strong></span> <span class='ocrx_word' id='word_1_318' title='bbox 1355 1810 1477 1851; x_wconf 80' lang='lat' dir='ltr'><strong>exorti,</strong></span> <span class='ocrx_word' id='word_1_319' title='bbox 1506 1810 1563 1853; x_wconf 89' lang='lat' dir='ltr'><strong>qui</strong></span> <span class='ocrx_word' id='word_1_320' title='bbox 1594 1806 1784 1843; x_wconf 60' lang='grc'>3111’0151152“</span> <span class='ocrx_word' id='word_1_321' title='bbox 1812 1809 2006 1843; x_wconf 87' lang='lat' dir='ltr'><strong>Cornelium</strong></span> <span class='ocrx_word' id='word_1_322' title='bbox 2035 1822 2091 1845; x_wconf 92' lang='lat' dir='ltr'><strong>ca-</strong></span> 
     </span>
    </p>
   </div>
   <div class='ocr_carea' id='block_1_11' title="bbox 1857 1708 2093 1753">
    <p class='ocr_par' dir='ltr' id='par_1_16' title="bbox 1857 1708 2093 1753">
     <span class='ocr_line' id='line_1_33' title="bbox 1857 1708 2093 1753; baseline 0.004 -12"><span class='ocrx_word' id='word_1_323' title='bbox 1857 1708 2013 1753; x_wconf 77' lang='lat' dir='ltr'><strong>coniugia</strong></span> <span class='ocrx_word' id='word_1_324' title='bbox 2038 1720 2093 1742; x_wconf 83' lang='lat' dir='ltr'><strong>re-</strong></span> 
     </span>
    </p>
   </div>
   <div class='ocr_carea' id='block_1_12' title="bbox 150 1914 2091 2131">
    <p class='ocr_par' dir='ltr' id='par_1_17' title="bbox 150 1914 2091 2131">
     <span class='ocr_line' id='line_1_34' title="bbox 237 1914 2090 1962; baseline 0.004 -20"><span class='ocrx_word' id='word_1_325' title='bbox 237 1917 261 1947; x_wconf 87' lang='lat'><strong>1)</strong></span> <span class='ocrx_word' id='word_1_326' title='bbox 284 1914 333 1942; x_wconf 87' lang='lat' dir='ltr'><strong>Sic</strong></span> <span class='ocrx_word' id='word_1_327' title='bbox 348 1916 402 1944; x_wconf 90' lang='lat' dir='ltr'><strong>Gu.</strong></span> <span class='ocrx_word' id='word_1_328' title='bbox 420 1920 443 1947; x_wconf 88' lang='lat'><strong>1.</strong></span> <span class='ocrx_word' id='word_1_329' title='bbox 466 1921 566 1947; x_wconf 65' lang='lat' dir='ltr'><strong>vocati</strong></span> <span class='ocrx_word' id='word_1_330' title='bbox 586 1922 667 1959; x_wconf 78' lang='lat' dir='ltr'><strong>vulg.</strong></span> <span class='ocrx_word' id='word_1_331' title='bbox 712 1922 803 1950; x_wconf 78' lang='lat' dir='ltr'><strong>Recte</strong></span> <span class='ocrx_word' id='word_1_332' title='bbox 818 1926 914 1949; x_wconf 76' lang='lat' dir='ltr'><strong>autem</strong></span> <span class='ocrx_word' id='word_1_333' title='bbox 937 1922 984 1950; x_wconf 82' lang='lat' dir='ltr'><strong>Ar.</strong></span> <span class='ocrx_word' id='word_1_334' title='bbox 1003 1922 1094 1949; x_wconf 69' lang='lat' dir='ltr'><strong>Arso-</strong></span> <span class='ocrx_word' id='word_1_335' title='bbox 1139 1933 1185 1962; x_wconf 68' lang='grc' dir='ltr'><strong>ΡΥ.</strong></span> <span class='ocrx_word' id='word_1_336' title='bbox 1209 1931 1253 1949; x_wconf 84' lang='lat' dir='ltr'><strong>va.</strong></span> <span class='ocrx_word' id='word_1_337' title='bbox 1279 1922 1327 1951; x_wconf 82' lang='lat' dir='ltr'><strong>Ar.</strong></span> <span class='ocrx_word' id='word_1_338' title='bbox 1353 1939 1390 1943; x_wconf 87' lang='lat'><strong>—</strong></span> <span class='ocrx_word' id='word_1_339' title='bbox 1417 1919 1460 1957; x_wconf 80' lang='lat'><strong>16)</strong></span> <span class='ocrx_word' id='word_1_340' title='bbox 1484 1930 1623 1947; x_wconf 66' lang='lat' dir='ltr'><strong>emanare</strong></span> <span class='ocrx_word' id='word_1_341' title='bbox 1646 1919 1683 1947; x_wconf 89' lang='lat' dir='ltr'><strong>al.</strong></span> <span class='ocrx_word' id='word_1_342' title='bbox 1703 1935 1746 1942; x_wconf 90' lang='lat'><strong>——-</strong></span> <span class='ocrx_word' id='word_1_343' title='bbox 1771 1918 1817 1959; x_wconf 89' lang='lat'><strong>17)</strong></span> <span class='ocrx_word' id='word_1_344' title='bbox 1841 1926 1981 1948; x_wconf 70' lang='lat' dir='ltr'><strong>asserunt</strong></span> <span class='ocrx_word' id='word_1_345' title='bbox 1997 1921 2090 1952; x_wconf 78' lang='lat' dir='ltr'><strong>Gu.2.</strong></span> 
     </span>
     <span class='ocr_line' id='line_1_35' title="bbox 150 1958 2091 2001; baseline 0.004 -18"><span class='ocrx_word' id='word_1_346' title='bbox 150 1958 258 1994; x_wconf 70' lang='lat' dir='ltr'><strong>tyritae</strong></span> <span class='ocrx_word' id='word_1_347' title='bbox 281 1967 335 1996; x_wconf 88' lang='lat' dir='ltr'><strong>pro</strong></span> <span class='ocrx_word' id='word_1_348' title='bbox 358 1958 550 1993; x_wconf 72' lang='lat' dir='ltr'><strong>Artoteritae,</strong></span> <span class='ocrx_word' id='word_1_349' title='bbox 566 1979 607 1984; x_wconf 93' lang='lat'><strong>-—</strong></span> <span class='ocrx_word' id='word_1_350' title='bbox 629 1966 658 2001; x_wconf 58' lang='grc' dir='ltr'>ζ’)</span> <span class='ocrx_word' id='word_1_351' title='bbox 684 1966 782 1991; x_wconf 62' lang='lat' dir='ltr'><strong>vocali</strong></span> <span class='ocrx_word' id='word_1_352' title='bbox 804 1963 841 1992; x_wconf 86' lang='lat' dir='ltr'><strong>al.</strong></span> <span class='ocrx_word' id='word_1_353' title='bbox 858 1980 898 1985; x_wconf 89' lang='lat'><strong>——</strong></span> <span class='ocrx_word' id='word_1_354' title='bbox 921 1966 950 1998; x_wconf 76' lang='lat'><strong>3)</strong></span> <span class='ocrx_word' id='word_1_355' title='bbox 975 1965 1022 1993; x_wconf 85' lang='lat' dir='ltr'><strong>Sic</strong></span> <span class='ocrx_word' id='word_1_356' title='bbox 1040 1967 1095 1994; x_wconf 69' lang='lat' dir='ltr'><strong>(iu.</strong></span> <span class='ocrx_word' id='word_1_357' title='bbox 1144 1970 1183 1999; x_wconf 71' lang='grc' dir='ltr'>Ιδ)</span> <span class='ocrx_word' id='word_1_358' title='bbox 1207 1965 1255 1992; x_wconf 83' lang='lat' dir='ltr'><strong>Sic</strong></span> <span class='ocrx_word' id='word_1_359' title='bbox 1275 1965 1332 1993; x_wconf 85' lang='lat' dir='ltr'><strong>Gu.</strong></span> <span class='ocrx_word' id='word_1_360' title='bbox 1353 1967 1378 1994; x_wconf 84' lang='grc'><strong>1.</strong></span> <span class='ocrx_word' id='word_1_361' title='bbox 1393 1966 1421 1994; x_wconf 82' lang='grc'>2.</span> <span class='ocrx_word' id='word_1_362' title='bbox 1437 1973 1482 1990; x_wconf 78' lang='lat' dir='ltr'><strong>va.</strong></span> <span class='ocrx_word' id='word_1_363' title='bbox 1501 1962 1550 1991; x_wconf 83' lang='lat' dir='ltr'><strong>Ar.</strong></span> <span class='ocrx_word' id='word_1_364' title='bbox 1582 1979 1621 1983; x_wconf 85' lang='lat'><strong>-—</strong></span> <span class='ocrx_word' id='word_1_365' title='bbox 1654 1962 1739 1998; x_wconf 71' lang='lat' dir='ltr'><strong>Vulg.</strong></span> <span class='ocrx_word' id='word_1_366' title='bbox 1768 1964 1882 2000; x_wconf 59' lang='lat' dir='ltr'><strong>respuit</strong></span> <span class='ocrx_word' id='word_1_367' title='bbox 1907 1984 1936 1992; x_wconf 87' lang='lat'><strong>..</strong></span> <span class='ocrx_word' id='word_1_368' title='bbox 1955 1985 1961 1991; x_wconf 96' lang='lat'><strong>.</strong></span> <span class='ocrx_word' id='word_1_369' title='bbox 1985 1965 2091 2001; x_wconf 78' lang='lat' dir='ltr'><strong>recipit</strong></span> 
     </span>
     <span class='ocr_line' id='line_1_36' title="bbox 151 2002 2090 2045; baseline 0.001 -14"><span class='ocrx_word' id='word_1_370' title='bbox 151 2002 178 2030; x_wconf 81' lang='lat'><strong>1·</strong></span> <span class='ocrx_word' id='word_1_371' title='bbox 195 2002 222 2031; x_wconf 79' lang='lat'><strong>2·</strong></span> <span class='ocrx_word' id='word_1_372' title='bbox 246 2009 292 2038; x_wconf 73' lang='lat' dir='ltr'><strong>pr·</strong></span> <span class='ocrx_word' id='word_1_373' title='bbox 315 2010 361 2028; x_wconf 74' lang='lat' dir='ltr'><strong>va·</strong></span> <span class='ocrx_word' id='word_1_374' title='bbox 386 2002 434 2030; x_wconf 76' lang='lat' dir='ltr'><strong>Ar·</strong></span> <span class='ocrx_word' id='word_1_375' title='bbox 458 2020 496 2024; x_wconf 89' lang='lat'>—</span> <span class='ocrx_word' id='word_1_376' title='bbox 522 2005 604 2042; x_wconf 78' lang='lat' dir='ltr'><strong>Vulg.</strong></span> <span class='ocrx_word' id='word_1_377' title='bbox 628 2007 724 2036; x_wconf 75' lang='lat' dir='ltr'><strong>(tlwm.</strong></span> <span class='ocrx_word' id='word_1_378' title='bbox 745 2018 826 2034; x_wconf 63' lang='lat' dir='ltr'><strong>curn.</strong></span> <span class='ocrx_word' id='word_1_379' title='bbox 850 2023 890 2027; x_wconf 90' lang='lat'><strong>——</strong></span> <span class='ocrx_word' id='word_1_380' title='bbox 913 2006 943 2045; x_wconf 62' lang='lat'><strong>4)</strong></span> <span class='ocrx_word' id='word_1_381' title='bbox 967 2007 1015 2035; x_wconf 87' lang='lat' dir='ltr'><strong>Sic</strong></span> <span class='ocrx_word' id='word_1_382' title='bbox 1041 2008 1096 2035; x_wconf 83' lang='lat' dir='ltr'><strong>Gn.</strong></span> <span class='ocrx_word' id='word_1_383' title='bbox 1141 2024 1180 2029; x_wconf 89' lang='lat'><strong>——</strong></span> <span class='ocrx_word' id='word_1_384' title='bbox 1204 2008 1310 2045; x_wconf 51' lang='lat' dir='ltr'><strong>recapit</strong></span> <span class='ocrx_word' id='word_1_385' title='bbox 1343 2006 1379 2033; x_wconf 88' lang='lat' dir='ltr'><strong>al.</strong></span> <span class='ocrx_word' id='word_1_386' title='bbox 1408 2022 1450 2027; x_wconf 70' lang='lat'><strong>—·</strong></span> <span class='ocrx_word' id='word_1_387' title='bbox 1483 2005 1525 2042; x_wconf 79' lang='lat'><strong>19)</strong></span> <span class='ocrx_word' id='word_1_388' title='bbox 1555 2006 1609 2033; x_wconf 86' lang='lat' dir='ltr'><strong>Gu.</strong></span> <span class='ocrx_word' id='word_1_389' title='bbox 1634 2007 1659 2034; x_wconf 82' lang='lat'><strong>1.</strong></span> <span class='ocrx_word' id='word_1_390' title='bbox 1690 2005 1820 2033; x_wconf 81' lang='lat' dir='ltr'><strong>collocat</strong></span> <span class='ocrx_word' id='word_1_391' title='bbox 1842 2010 1909 2043; x_wconf 84' lang='lat' dir='ltr'><strong>post</strong></span> <span class='ocrx_word' id='word_1_392' title='bbox 1934 2006 2090 2043; x_wconf 66' lang='lat' dir='ltr'><strong>sltztropo-</strong></span> 
     </span>
     <span class='ocr_line' id='line_1_37' title="bbox 152 2043 2090 2089; baseline 0 -15"><span class='ocrx_word' id='word_1_393' title='bbox 152 2043 224 2074; x_wconf 76' lang='grc'>1-2·</span> <span class='ocrx_word' id='word_1_394' title='bbox 247 2052 292 2080; x_wconf 72' lang='lat' dir='ltr'><strong>PP-</strong></span> <span class='ocrx_word' id='word_1_395' title='bbox 315 2052 361 2071; x_wconf 78' lang='lat' dir='ltr'><strong>va·</strong></span> <span class='ocrx_word' id='word_1_396' title='bbox 388 2061 423 2065; x_wconf 92' lang='lat'>—</span> <span class='ocrx_word' id='word_1_397' title='bbox 448 2045 534 2084; x_wconf 77' lang='lat' dir='ltr'><strong>Vulg.</strong></span> <span class='ocrx_word' id='word_1_398' title='bbox 561 2048 786 2088; x_wconf 59' lang='lat' dir='ltr'><strong>(Qzlaplztygiis.</strong></span> <span class='ocrx_word' id='word_1_399' title='bbox 807 2065 849 2070; x_wconf 93' lang='lat'><strong>-—-</strong></span> <span class='ocrx_word' id='word_1_400' title='bbox 878 2047 907 2089; x_wconf 85' lang='lat'><strong>5)</strong></span> <span class='ocrx_word' id='word_1_401' title='bbox 932 2049 980 2077; x_wconf 83' lang='lat' dir='ltr'><strong>Sic</strong></span> <span class='ocrx_word' id='word_1_402' title='bbox 998 2052 1052 2079; x_wconf 83' lang='lat' dir='ltr'><strong>Gu.</strong></span> <span class='ocrx_word' id='word_1_403' title='bbox 1074 2052 1097 2080; x_wconf 90' lang='lat' dir='ltr'><strong>l.</strong></span> <span class='ocrx_word' id='word_1_404' title='bbox 1142 2050 1254 2088; x_wconf 72' lang='lat' dir='ltr'><strong>morph.</strong></span> <span class='ocrx_word' id='word_1_405' title='bbox 1280 2050 1345 2078; x_wconf 89' lang='lat' dir='ltr'><strong>Om.</strong></span> <span class='ocrx_word' id='word_1_406' title='bbox 1366 2049 1451 2076; x_wconf 82' lang='lat' dir='ltr'><strong>Arev.</strong></span> <span class='ocrx_word' id='word_1_407' title='bbox 1477 2064 1515 2068; x_wconf 88' lang='lat'>—</span> <span class='ocrx_word' id='word_1_408' title='bbox 1539 2051 1582 2077; x_wconf 61' lang='lat' dir='ltr'><strong>i&#39;O)</strong></span> <span class='ocrx_word' id='word_1_409' title='bbox 1607 2047 1655 2075; x_wconf 78' lang='lat' dir='ltr'><strong>Sic</strong></span> <span class='ocrx_word' id='word_1_410' title='bbox 1679 2048 1734 2075; x_wconf 89' lang='lat' dir='ltr'><strong>Gu.</strong></span> <span class='ocrx_word' id='word_1_411' title='bbox 1756 2050 1781 2078; x_wconf 88' lang='lat'><strong>1.</strong></span> <span class='ocrx_word' id='word_1_412' title='bbox 1799 2051 1826 2078; x_wconf 76' lang='lat'><strong>2.</strong></span> <span class='ocrx_word' id='word_1_413' title='bbox 1851 2057 1894 2085; x_wconf 80' lang='lat' dir='ltr'><strong>pr.</strong></span> <span class='ocrx_word' id='word_1_414' title='bbox 1911 2057 1954 2074; x_wconf 86' lang='lat' dir='ltr'><strong>va.</strong></span> <span class='ocrx_word' id='word_1_415' title='bbox 1981 2065 2017 2069; x_wconf 91' lang='lat'><strong>—</strong></span> <span class='ocrx_word' id='word_1_416' title='bbox 2041 2047 2090 2087; x_wconf 64' lang='lat'><strong>21)</strong></span> 
     </span>
     <span class='ocr_line' id='line_1_38' title="bbox 150 2083 2088 2131; baseline 0.004 -19"><span class='ocrx_word' id='word_1_417' title='bbox 150 2083 203 2113; x_wconf 77' lang='lat' dir='ltr'><strong>Ar.</strong></span> <span class='ocrx_word' id='word_1_418' title='bbox 221 2086 399 2122; x_wconf 60' lang='lat' dir='ltr'><strong>provinciae</strong></span> <span class='ocrx_word' id='word_1_419' title='bbox 419 2088 498 2126; x_wconf 85' lang='lat' dir='ltr'><strong>vulg.</strong></span> <span class='ocrx_word' id='word_1_420' title='bbox 531 2106 570 2110; x_wconf 97' lang='lat'><strong>—</strong></span> <span class='ocrx_word' id='word_1_421' title='bbox 601 2094 629 2127; x_wconf 89' lang='grc'><strong>6)</strong></span> <span class='ocrx_word' id='word_1_422' title='bbox 657 2092 705 2119; x_wconf 77' lang='lat' dir='ltr'><strong>Sic</strong></span> <span class='ocrx_word' id='word_1_423' title='bbox 728 2093 784 2119; x_wconf 81' lang='lat' dir='ltr'><strong>Gu.</strong></span> <span class='ocrx_word' id='word_1_424' title='bbox 803 2094 830 2122; x_wconf 82' lang='lat'><strong>1.</strong></span> <span class='ocrx_word' id='word_1_425' title='bbox 861 2102 922 2120; x_wconf 79' lang='lat' dir='ltr'><strong>var.</strong></span> <span class='ocrx_word' id='word_1_426' title='bbox 953 2092 1017 2120; x_wconf 81' lang='lat' dir='ltr'><strong>lect.</strong></span> <span class='ocrx_word' id='word_1_427' title='bbox 1049 2102 1095 2130; x_wconf 82' lang='lat' dir='ltr'><strong>ap.</strong></span> <span class='ocrx_word' id='word_1_428' title='bbox 1140 2094 1284 2131; x_wconf 73' lang='lat' dir='ltr'><strong>quoniam</strong></span> <span class='ocrx_word' id='word_1_429' title='bbox 1305 2092 1361 2118; x_wconf 83' lang='lat' dir='ltr'><strong>Gu.</strong></span> <span class='ocrx_word' id='word_1_430' title='bbox 1377 2094 1405 2122; x_wconf 82' lang='lat'><strong>2.</strong></span> <span class='ocrx_word' id='word_1_431' title='bbox 1436 2106 1477 2111; x_wconf 92' lang='lat'>—</span> <span class='ocrx_word' id='word_1_432' title='bbox 1508 2088 1554 2127; x_wconf 62' lang='lat'><strong>2³2)</strong></span> <span class='ocrx_word' id='word_1_433' title='bbox 1579 2090 1626 2117; x_wconf 77' lang='lat' dir='ltr'><strong>Sic</strong></span> <span class='ocrx_word' id='word_1_434' title='bbox 1651 2090 1706 2117; x_wconf 87' lang='lat' dir='ltr'><strong>Gu.</strong></span> <span class='ocrx_word' id='word_1_435' title='bbox 1726 2093 1750 2120; x_wconf 82' lang='lat'><strong>1.</strong></span> <span class='ocrx_word' id='word_1_436' title='bbox 1774 2091 1988 2127; x_wconf 69' lang='lat' dir='ltr'><strong>intmpretatnr</strong></span> <span class='ocrx_word' id='word_1_437' title='bbox 2009 2091 2088 2128; x_wconf 80' lang='lat' dir='ltr'><strong>vulg.</strong></span> 
     </span>
    </p>
   </div>
   <div class='ocr_carea' id='block_1_13' title="bbox 152 2126 1097 2425">
    <p class='ocr_par' dir='ltr' id='par_1_18' title="bbox 152 2126 1097 2425">
     <span class='ocr_line' id='line_1_39' title="bbox 152 2126 1095 2171; baseline 0.008 -17"><span class='ocrx_word' id='word_1_438' title='bbox 152 2126 241 2155; x_wconf 81' lang='lat' dir='ltr'><strong>Goth.</strong></span> <span class='ocrx_word' id='word_1_439' title='bbox 257 2128 305 2155; x_wconf 82' lang='lat' dir='ltr'><strong>Ar.</strong></span> <span class='ocrx_word' id='word_1_440' title='bbox 324 2126 532 2169; x_wconf 52' lang='lat' dir='ltr'><strong>Ccclaplzm‘gia</strong></span> <span class='ocrx_word' id='word_1_441' title='bbox 547 2133 678 2170; x_wconf 51' lang='grc'>1111111.-</span> <span class='ocrx_word' id='word_1_442' title='bbox 701 2136 730 2170; x_wconf 94' lang='lat'><strong>7)</strong></span> <span class='ocrx_word' id='word_1_443' title='bbox 755 2135 841 2171; x_wconf 79' lang='lat' dir='ltr'><strong>Vulg.</strong></span> <span class='ocrx_word' id='word_1_444' title='bbox 864 2141 888 2161; x_wconf 73' lang='lat' dir='ltr'><strong>el</strong></span> <span class='ocrx_word' id='word_1_445' title='bbox 904 2135 1022 2170; x_wconf 63' lang='lat' dir='ltr'><strong>Prisca,</strong></span> <span class='ocrx_word' id='word_1_446' title='bbox 1046 2135 1095 2162; x_wconf 75' lang='lat' dir='ltr'><strong>sed</strong></span> 
     </span>
     <span class='ocr_line' id='line_1_40' title="bbox 152 2169 1094 2212; baseline 0.008 -16"><span class='ocrx_word' id='word_1_447' title='bbox 152 2169 291 2208; x_wconf 86' lang='lat' dir='ltr'><strong>copulam</strong></span> <span class='ocrx_word' id='word_1_448' title='bbox 310 2181 368 2199; x_wconf 85' lang='lat' dir='ltr'><strong>om.</strong></span> <span class='ocrx_word' id='word_1_449' title='bbox 387 2172 442 2201; x_wconf 83' lang='lat' dir='ltr'><strong>Gn.</strong></span> <span class='ocrx_word' id='word_1_450' title='bbox 462 2176 488 2204; x_wconf 91' lang='lat'><strong>1.</strong></span> <span class='ocrx_word' id='word_1_451' title='bbox 505 2176 532 2205; x_wconf 81' lang='lat'><strong>2.</strong></span> <span class='ocrx_word' id='word_1_452' title='bbox 549 2185 594 2202; x_wconf 80' lang='lat' dir='ltr'><strong>va.</strong></span> <span class='ocrx_word' id='word_1_453' title='bbox 616 2176 663 2203; x_wconf 86' lang='lat' dir='ltr'><strong>Ar.</strong></span> <span class='ocrx_word' id='word_1_454' title='bbox 687 2192 728 2197; x_wconf 92' lang='lat'><strong>—</strong></span> <span class='ocrx_word' id='word_1_455' title='bbox 750 2180 776 2212; x_wconf 79' lang='lat'><strong>8)</strong></span> <span class='ocrx_word' id='word_1_456' title='bbox 797 2178 925 2212; x_wconf 74' lang='lat' dir='ltr'><strong>fuerunt</strong></span> <span class='ocrx_word' id='word_1_457' title='bbox 947 2177 1013 2204; x_wconf 87' lang='lat' dir='ltr'><strong>add.</strong></span> <span class='ocrx_word' id='word_1_458' title='bbox 1039 2179 1094 2207; x_wconf 80' lang='lat' dir='ltr'><strong>Gn,</strong></span> 
     </span>
     <span class='ocr_line' id='line_1_41' title="bbox 152 2212 1097 2254; baseline 0.008 -15"><span class='ocrx_word' id='word_1_459' title='bbox 152 2213 180 2242; x_wconf 71' lang='lat'><strong>2.</strong></span> <span class='ocrx_word' id='word_1_460' title='bbox 197 2212 232 2240; x_wconf 84' lang='lat' dir='ltr'><strong>al.</strong></span> <span class='ocrx_word' id='word_1_461' title='bbox 248 2222 293 2251; x_wconf 82' lang='lat' dir='ltr'><strong>pr.</strong></span> <span class='ocrx_word' id='word_1_462' title='bbox 308 2228 351 2234; x_wconf 89' lang='lat'><strong>—</strong></span> <span class='ocrx_word' id='word_1_463' title='bbox 372 2216 403 2251; x_wconf 85' lang='lat'><strong>9)</strong></span> <span class='ocrx_word' id='word_1_464' title='bbox 427 2214 475 2242; x_wconf 74' lang='lat' dir='ltr'><strong>dei</strong></span> <span class='ocrx_word' id='word_1_465' title='bbox 497 2221 523 2243; x_wconf 82' lang='lat' dir='ltr'><strong>et</strong></span> <span class='ocrx_word' id='word_1_466' title='bbox 547 2218 619 2254; x_wconf 68' lang='lat' dir='ltr'><strong>spir.</strong></span> <span class='ocrx_word' id='word_1_467' title='bbox 642 2220 741 2245; x_wconf 62' lang='lat' dir='ltr'><strong>sancti</strong></span> <span class='ocrx_word' id='word_1_468' title='bbox 764 2219 802 2250; x_wconf 80' lang='grc'><strong>31,</strong></span> <span class='ocrx_word' id='word_1_469' title='bbox 822 2235 863 2240; x_wconf 83' lang='lat'><strong>—-</strong></span> <span class='ocrx_word' id='word_1_470' title='bbox 887 2220 933 2254; x_wconf 81' lang='lat'><strong>10)</strong></span> <span class='ocrx_word' id='word_1_471' title='bbox 953 2219 1097 2247; x_wconf 60' lang='lat' dir='ltr'><strong>Commu-e</strong></span> 
     </span>
     <span class='ocr_line' id='line_1_42' title="bbox 154 2252 1095 2299; baseline 0.011 -19"><span class='ocrx_word' id='word_1_472' title='bbox 154 2254 210 2281; x_wconf 90' lang='lat' dir='ltr'><strong>Gu.</strong></span> <span class='ocrx_word' id='word_1_473' title='bbox 225 2257 252 2285; x_wconf 90' lang='lat'><strong>1.</strong></span> <span class='ocrx_word' id='word_1_474' title='bbox 277 2252 409 2284; x_wconf 72' lang='lat' dir='ltr'><strong>cataroe</strong></span> <span class='ocrx_word' id='word_1_475' title='bbox 425 2258 482 2286; x_wconf 84' lang='lat' dir='ltr'><strong>Gu.</strong></span> <span class='ocrx_word' id='word_1_476' title='bbox 499 2261 527 2289; x_wconf 84' lang='lat'><strong>2.</strong></span> <span class='ocrx_word' id='word_1_477' title='bbox 543 2275 583 2280; x_wconf 92' lang='lat'><strong>—·</strong></span> <span class='ocrx_word' id='word_1_478' title='bbox 602 2257 647 2299; x_wconf 89' lang='lat'><strong>11)</strong></span> <span class='ocrx_word' id='word_1_479' title='bbox 664 2260 712 2287; x_wconf 77' lang='lat' dir='ltr'><strong>Sic</strong></span> <span class='ocrx_word' id='word_1_480' title='bbox 730 2261 785 2289; x_wconf 87' lang='lat' dir='ltr'><strong>Gu.</strong></span> <span class='ocrx_word' id='word_1_481' title='bbox 805 2264 828 2290; x_wconf 83' lang='lat'><strong>1.</strong></span> <span class='ocrx_word' id='word_1_482' title='bbox 841 2277 882 2282; x_wconf 89' lang='lat'><strong>—</strong></span> <span class='ocrx_word' id='word_1_483' title='bbox 906 2261 990 2298; x_wconf 67' lang='lat' dir='ltr'><strong>Vulg.</strong></span> <span class='ocrx_word' id='word_1_484' title='bbox 1006 2273 1095 2290; x_wconf 78' lang='lat' dir='ltr'><strong>mun-</strong></span> 
     </span>
     <span class='ocr_line' id='line_1_43' title="bbox 153 2295 1097 2341; baseline 0.01 -18"><span class='ocrx_word' id='word_1_485' title='bbox 153 2295 250 2324; x_wconf 73' lang='lat' dir='ltr'><strong>danos</strong></span> <span class='ocrx_word' id='word_1_486' title='bbox 265 2303 416 2335; x_wconf 77' lang='lat' dir='ltr'><strong>sepot.—</strong></span> <span class='ocrx_word' id='word_1_487' title='bbox 437 2302 483 2337; x_wconf 67' lang='lat'><strong>12)</strong></span> <span class='ocrx_word' id='word_1_488' title='bbox 506 2301 554 2329; x_wconf 86' lang='lat' dir='ltr'><strong>Sic</strong></span> <span class='ocrx_word' id='word_1_489' title='bbox 570 2302 626 2331; x_wconf 89' lang='lat' dir='ltr'><strong>Gu.</strong></span> <span class='ocrx_word' id='word_1_490' title='bbox 645 2305 670 2332; x_wconf 91' lang='lat'><strong>1.</strong></span> <span class='ocrx_word' id='word_1_491' title='bbox 685 2305 777 2329; x_wconf 72' lang='lat' dir='ltr'><strong>exorti</strong></span> <span class='ocrx_word' id='word_1_492' title='bbox 794 2304 928 2340; x_wconf 78' lang='lat' dir='ltr'><strong>vulg.—-</strong></span> <span class='ocrx_word' id='word_1_493' title='bbox 954 2303 995 2341; x_wconf 73' lang='lat'><strong>13)</strong></span> <span class='ocrx_word' id='word_1_494' title='bbox 1011 2304 1097 2332; x_wconf 58' lang='lat' dir='ltr'><strong>aleam</strong></span> 
     </span>
     <span class='ocr_line' id='line_1_44' title="bbox 153 2338 1095 2382; baseline 0.011 -17"><span class='ocrx_word' id='word_1_495' title='bbox 153 2338 190 2366; x_wconf 86' lang='lat' dir='ltr'><strong>al.</strong></span> <span class='ocrx_word' id='word_1_496' title='bbox 215 2356 250 2361; x_wconf 88' lang='lat'>—</span> <span class='ocrx_word' id='word_1_497' title='bbox 283 2339 329 2377; x_wconf 82' lang='lat'><strong>14)</strong></span> <span class='ocrx_word' id='word_1_498' title='bbox 353 2340 452 2370; x_wconf 80' lang='lat' dir='ltr'><strong>ideam</strong></span> <span class='ocrx_word' id='word_1_499' title='bbox 476 2343 533 2374; x_wconf 83' lang='lat' dir='ltr'><strong>Pal.</strong></span> <span class='ocrx_word' id='word_1_500' title='bbox 559 2346 628 2374; x_wconf 83' lang='grc'>281.</span> <span class='ocrx_word' id='word_1_501' title='bbox 652 2355 706 2382; x_wconf 89' lang='lat' dir='ltr'><strong>pro</strong></span> <span class='ocrx_word' id='word_1_502' title='bbox 730 2346 811 2372; x_wconf 83' lang='lat' dir='ltr'><strong>varia</strong></span> <span class='ocrx_word' id='word_1_503' title='bbox 829 2346 894 2373; x_wconf 81' lang='lat' dir='ltr'><strong>lect.</strong></span> <span class='ocrx_word' id='word_1_504' title='bbox 917 2345 993 2373; x_wconf 72' lang='lat' dir='ltr'><strong>Idem</strong></span> <span class='ocrx_word' id='word_1_505' title='bbox 1009 2347 1095 2375; x_wconf 84' lang='lat' dir='ltr'><strong>exhi—</strong></span> 
     </span>
     <span class='ocr_line' id='line_1_45' title="bbox 153 2380 1093 2425; baseline 0.01 -17"><span class='ocrx_word' id='word_1_506' title='bbox 153 2380 203 2410; x_wconf 90' lang='lat' dir='ltr'><strong>bet</strong></span> <span class='ocrx_word' id='word_1_507' title='bbox 226 2391 272 2410; x_wconf 78' lang='lat' dir='ltr'><strong>va.</strong></span> <span class='ocrx_word' id='word_1_508' title='bbox 295 2399 332 2403; x_wconf 91' lang='lat'><strong>—</strong></span> <span class='ocrx_word' id='word_1_509' title='bbox 357 2385 403 2423; x_wconf 83' lang='lat'><strong>15)</strong></span> <span class='ocrx_word' id='word_1_510' title='bbox 427 2385 511 2424; x_wconf 84' lang='lat' dir='ltr'><strong>Vulg.</strong></span> <span class='ocrx_word' id='word_1_511' title='bbox 535 2386 602 2417; x_wconf 90' lang='lat' dir='ltr'><strong>add.</strong></span> <span class='ocrx_word' id='word_1_512' title='bbox 626 2387 740 2423; x_wconf 75' lang='lat' dir='ltr'><strong>Manes,</strong></span> <span class='ocrx_word' id='word_1_513' title='bbox 764 2388 844 2425; x_wconf 88' lang='lat' dir='ltr'><strong>quod</strong></span> <span class='ocrx_word' id='word_1_514' title='bbox 867 2398 924 2416; x_wconf 88' lang='lat' dir='ltr'><strong>om.</strong></span> <span class='ocrx_word' id='word_1_515' title='bbox 949 2389 1004 2417; x_wconf 89' lang='lat' dir='ltr'><strong>Gu.</strong></span> <span class='ocrx_word' id='word_1_516' title='bbox 1025 2393 1093 2421; x_wconf 79' lang='lat'><strong>1,2.</strong></span> 
     </span>
    </p>
   </div>
   <div class='ocr_carea' id='block_1_14' title="bbox 1138 2132 2090 2425">
    <p class='ocr_par' dir='ltr' id='par_1_19' title="bbox 1138 2132 2090 2425">
     <span class='ocr_line' id='line_1_46' title="bbox 1141 2132 2090 2172; baseline 0.001 -11"><span class='ocrx_word' id='word_1_517' title='bbox 1141 2151 1177 2156; x_wconf 88' lang='lat'><strong>·—</strong></span> <span class='ocrx_word' id='word_1_518' title='bbox 1203 2133 1248 2172; x_wconf 54' lang='lat'><strong>23)</strong></span> <span class='ocrx_word' id='word_1_519' title='bbox 1274 2134 1322 2161; x_wconf 83' lang='lat' dir='ltr'><strong>Sic</strong></span> <span class='ocrx_word' id='word_1_520' title='bbox 1346 2134 1401 2161; x_wconf 85' lang='lat' dir='ltr'><strong>Gu.</strong></span> <span class='ocrx_word' id='word_1_521' title='bbox 1418 2136 1444 2164; x_wconf 91' lang='lat'><strong>1.</strong></span> <span class='ocrx_word' id='word_1_522' title='bbox 1471 2150 1508 2154; x_wconf 92' lang='lat'><strong>—-</strong></span> <span class='ocrx_word' id='word_1_523' title='bbox 1533 2132 1618 2169; x_wconf 75' lang='lat' dir='ltr'><strong>Vulg.</strong></span> <span class='ocrx_word' id='word_1_524' title='bbox 1644 2134 1778 2171; x_wconf 69' lang='lat' dir='ltr'><strong>Spiritus</strong></span> <span class='ocrx_word' id='word_1_525' title='bbox 1793 2138 1833 2159; x_wconf 69' lang='lat' dir='ltr'><strong>est</strong></span> <span class='ocrx_word' id='word_1_526' title='bbox 1857 2134 1952 2161; x_wconf 63' lang='lat' dir='ltr'><strong>Deus.</strong></span> <span class='ocrx_word' id='word_1_527' title='bbox 1995 2133 2090 2162; x_wconf 83' lang='lat' dir='ltr'><strong>Locus</strong></span> 
     </span>
     <span class='ocr_line' id='line_1_47' title="bbox 1140 2174 2089 2211; baseline -0.001 -7"><span class='ocrx_word' id='word_1_528' title='bbox 1140 2182 1183 2205; x_wconf 78' lang='lat' dir='ltr'><strong>est</strong></span> <span class='ocrx_word' id='word_1_529' title='bbox 1202 2176 1262 2206; x_wconf 84' lang='grc'>1011,</span> <span class='ocrx_word' id='word_1_530' title='bbox 1278 2177 1306 2209; x_wconf 76' lang='grc'><strong>4,</strong></span> <span class='ocrx_word' id='word_1_531' title='bbox 1321 2177 1369 2206; x_wconf 79' lang='grc'><strong>24,</strong></span> <span class='ocrx_word' id='word_1_532' title='bbox 1394 2192 1434 2196; x_wconf 79' lang='lat'><strong>—</strong></span> <span class='ocrx_word' id='word_1_533' title='bbox 1459 2180 1502 2207; x_wconf 66' lang='lat'><strong>234)</strong></span> <span class='ocrx_word' id='word_1_534' title='bbox 1525 2174 1599 2202; x_wconf 65' lang='lat' dir='ltr'><strong>dmm</strong></span> <span class='ocrx_word' id='word_1_535' title='bbox 1623 2175 1724 2203; x_wconf 84' lang='lat' dir='ltr'><strong>addidi</strong></span> <span class='ocrx_word' id='word_1_536' title='bbox 1739 2185 1754 2202; x_wconf 83' lang='lat' dir='ltr'><strong>e</strong></span> <span class='ocrx_word' id='word_1_537' title='bbox 1773 2175 1827 2202; x_wconf 87' lang='lat' dir='ltr'><strong>Gu.</strong></span> <span class='ocrx_word' id='word_1_538' title='bbox 1846 2178 1871 2205; x_wconf 89' lang='lat'><strong>1.</strong></span> <span class='ocrx_word' id='word_1_539' title='bbox 1891 2191 1928 2196; x_wconf 93' lang='lat'><strong>—-</strong></span> <span class='ocrx_word' id='word_1_540' title='bbox 1953 2178 1999 2211; x_wconf 70' lang='lat'><strong>⁴25)</strong></span> <span class='ocrx_word' id='word_1_541' title='bbox 2021 2177 2089 2203; x_wconf 81' lang='lat' dir='ltr'><strong>He-</strong></span> 
     </span>
     <span class='ocr_line' id='line_1_48' title="bbox 1139 2216 2088 2247; baseline -0.001 0"><span class='ocrx_word' id='word_1_542' title='bbox 1139 2219 1282 2247; x_wconf 66' lang='lat' dir='ltr'><strong>melmae</strong></span> <span class='ocrx_word' id='word_1_543' title='bbox 1309 2219 1448 2246; x_wconf 75' lang='lat' dir='ltr'><strong>Heraclio</strong></span> <span class='ocrx_word' id='word_1_544' title='bbox 1473 2224 1596 2245; x_wconf 76' lang='lat' dir='ltr'><strong>auclore</strong></span> <span class='ocrx_word' id='word_1_545' title='bbox 1620 2218 1667 2246; x_wconf 79' lang='lat' dir='ltr'><strong>Ar.</strong></span> <span class='ocrx_word' id='word_1_546' title='bbox 1686 2216 1873 2245; x_wconf 80' lang='lat' dir='ltr'><strong>llierachitae</strong></span> <span class='ocrx_word' id='word_1_547' title='bbox 1890 2217 1926 2245; x_wconf 87' lang='lat' dir='ltr'><strong>ab</strong></span> <span class='ocrx_word' id='word_1_548' title='bbox 1941 2217 2088 2246; x_wconf 84' lang='lat' dir='ltr'><strong>Hieracha</strong></span> 
     </span>
     <span class='ocr_line' id='line_1_49' title="bbox 1139 2258 2087 2299; baseline -0.001 -10"><span class='ocrx_word' id='word_1_549' title='bbox 1139 2267 1262 2289; x_wconf 82' lang='lat' dir='ltr'><strong>auctore</strong></span> <span class='ocrx_word' id='word_1_550' title='bbox 1292 2261 1387 2289; x_wconf 80' lang='lat' dir='ltr'><strong>exorti</strong></span> <span class='ocrx_word' id='word_1_551' title='bbox 1421 2271 1456 2288; x_wconf 75' lang='lat' dir='ltr'><strong>ex</strong></span> <span class='ocrx_word' id='word_1_552' title='bbox 1482 2260 1595 2288; x_wconf 79' lang='lat' dir='ltr'><strong>Hilario</strong></span> <span class='ocrx_word' id='word_1_553' title='bbox 1627 2260 1676 2288; x_wconf 85' lang='lat' dir='ltr'><strong>lib.</strong></span> <span class='ocrx_word' id='word_1_554' title='bbox 1700 2260 1749 2288; x_wconf 83' lang='lat' dir='ltr'><strong>Vl.</strong></span> <span class='ocrx_word' id='word_1_555' title='bbox 1773 2260 1810 2287; x_wconf 89' lang='lat' dir='ltr'><strong>de</strong></span> <span class='ocrx_word' id='word_1_556' title='bbox 1835 2260 1939 2288; x_wconf 66' lang='lat' dir='ltr'><strong>&#39;sn-init.</strong></span> <span class='ocrx_word' id='word_1_557' title='bbox 1970 2278 2008 2281; x_wconf 97' lang='lat'><strong>—</strong></span> <span class='ocrx_word' id='word_1_558' title='bbox 2039 2258 2087 2299; x_wconf 68' lang='lat'><strong>⁶26)</strong></span> 
     </span>
     <span class='ocr_line' id='line_1_50' title="bbox 1139 2303 2088 2340; baseline -0.001 -8"><span class='ocrx_word' id='word_1_559' title='bbox 1139 2304 1187 2332; x_wconf 88' lang='lat' dir='ltr'><strong>Sic</strong></span> <span class='ocrx_word' id='word_1_560' title='bbox 1210 2305 1266 2333; x_wconf 90' lang='lat' dir='ltr'><strong>Gu.</strong></span> <span class='ocrx_word' id='word_1_561' title='bbox 1287 2307 1313 2334; x_wconf 82' lang='grc'><strong>1.</strong></span> <span class='ocrx_word' id='word_1_562' title='bbox 1345 2320 1381 2325; x_wconf 91' lang='lat'><strong>-—</strong></span> <span class='ocrx_word' id='word_1_563' title='bbox 1411 2303 1498 2340; x_wconf 77' lang='lat' dir='ltr'><strong>Vulg.</strong></span> <span class='ocrx_word' id='word_1_564' title='bbox 1524 2314 1617 2339; x_wconf 63' lang='lat' dir='ltr'><strong>reg-nu</strong></span> <span class='ocrx_word' id='word_1_565' title='bbox 1641 2303 1788 2330; x_wconf 74' lang='lat' dir='ltr'><strong>coelorum</strong></span> <span class='ocrx_word' id='word_1_566' title='bbox 1805 2303 1954 2340; x_wconf 65' lang='lat' dir='ltr'><strong>parvulos</strong></span> <span class='ocrx_word' id='word_1_567' title='bbox 1971 2303 2088 2331; x_wconf 71' lang='lat' dir='ltr'><strong>habere.</strong></span> 
     </span>
     <span class='ocr_line' id='line_1_51' title="bbox 1138 2345 2089 2385; baseline -0.001 -11"><span class='ocrx_word' id='word_1_568' title='bbox 1138 2363 1179 2368; x_wconf 93' lang='lat'><strong>-—</strong></span> <span class='ocrx_word' id='word_1_569' title='bbox 1202 2345 1249 2385; x_wconf 69' lang='lat'><strong>27)</strong></span> <span class='ocrx_word' id='word_1_570' title='bbox 1272 2346 1321 2374; x_wconf 88' lang='lat' dir='ltr'><strong>Sic</strong></span> <span class='ocrx_word' id='word_1_571' title='bbox 1341 2347 1397 2374; x_wconf 89' lang='lat' dir='ltr'><strong>Gu.</strong></span> <span class='ocrx_word' id='word_1_572' title='bbox 1416 2349 1439 2377; x_wconf 84' lang='lat'><strong>1.</strong></span> <span class='ocrx_word' id='word_1_573' title='bbox 1455 2362 1497 2368; x_wconf 91' lang='lat'><strong>—-</strong></span> <span class='ocrx_word' id='word_1_574' title='bbox 1519 2346 1604 2383; x_wconf 78' lang='lat' dir='ltr'><strong>Vulg.</strong></span> <span class='ocrx_word' id='word_1_575' title='bbox 1622 2346 1736 2373; x_wconf 76' lang='lat' dir='ltr'><strong>Romae</strong></span> <span class='ocrx_word' id='word_1_576' title='bbox 1751 2345 1844 2374; x_wconf 55' lang='lat' dir='ltr'><strong>urhis.</strong></span> <span class='ocrx_word' id='word_1_577' title='bbox 1867 2361 1909 2367; x_wconf 94' lang='lat'>—</span> <span class='ocrx_word' id='word_1_578' title='bbox 1931 2346 2089 2374; x_wconf 78' lang='lat' dir='ltr'><strong>Romanae</strong></span> 
     </span>
     <span class='ocr_line' id='line_1_52' title="bbox 1139 2387 2087 2425; baseline -0.001 -8"><span class='ocrx_word' id='word_1_579' title='bbox 1139 2389 1222 2418; x_wconf 70' lang='lat' dir='ltr'><strong>urbis</strong></span> <span class='ocrx_word' id='word_1_580' title='bbox 1243 2399 1289 2417; x_wconf 81' lang='lat' dir='ltr'><strong>va.</strong></span> <span class='ocrx_word' id='word_1_581' title='bbox 1322 2405 1362 2410; x_wconf 91' lang='lat'>—</span> <span class='ocrx_word' id='word_1_582' title='bbox 1391 2391 1435 2425; x_wconf 65' lang='lat'><strong>⁹23)</strong></span> <span class='ocrx_word' id='word_1_583' title='bbox 1459 2387 1621 2416; x_wconf 72' lang='lat' dir='ltr'><strong>adversum</strong></span> <span class='ocrx_word' id='word_1_584' title='bbox 1645 2388 1699 2417; x_wconf 87' lang='lat' dir='ltr'><strong>Gu.</strong></span> <span class='ocrx_word' id='word_1_585' title='bbox 1716 2390 1745 2419; x_wconf 83' lang='lat'><strong>2.</strong></span> <span class='ocrx_word' id='word_1_586' title='bbox 1771 2405 1811 2409; x_wconf 91' lang='lat'>—</span> <span class='ocrx_word' id='word_1_587' title='bbox 1841 2388 1885 2425; x_wconf 68' lang='lat'><strong>29)</strong></span> <span class='ocrx_word' id='word_1_588' title='bbox 1908 2387 1957 2416; x_wconf 86' lang='lat' dir='ltr'><strong>Sic</strong></span> <span class='ocrx_word' id='word_1_589' title='bbox 1981 2389 2036 2418; x_wconf 86' lang='lat' dir='ltr'><strong>Gu.</strong></span> <span class='ocrx_word' id='word_1_590' title='bbox 2061 2392 2087 2418; x_wconf 83' lang='lat'><strong>1.</strong></span> 
     </span>
    </p>
   </div>
  </div>
 </body>
</html>
