2203 2829
108 120 183 154 230
815 112 992 148 ISIDORI
1018 113 1201 150 HISPAL.
1227 114 1370 149 EPISC.

274 211 309 246 8.
364 212 401 246 Si
429 210 515 244 enim
541 209 574 242 in
600 209 679 253 ipsis
705 208 824 243 officiis
851 208 1052 252 angelorum
1079 221 1292 254 nequaquam
1319 212 1503 253 potestates
1531 209 1719 253 superiores
1745 210 1918 246 inferiores
1952 213 2068 257 dispo-

112 273 244 309 nerent,
274 265 369 298 nullo
397 262 501 296 modo
529 258 638 301 hoc¹‚
666 260 759 303 quod
787 259 918 293 homini
945 260 1072 294 diceret
1098 263 1237 306 angelus
1259 262 1302 294 ab
1330 261 1453 305 angelo
1481 261 1725 305 cognovissent.

277 317 314 352 9,
367 315 515 357 Quidam
558 317 670 346 autem
714 311 998 357 archangelorum
1040 311 1203 358 privatis²
1237 313 1426 346 nominibus
1461 313 1696 358 appellantur,
1736 317 1773 345 ut
1808 325 1870 358 per
1905 315 2072 348 vocabula

114 369 209 418 ipga³
235 371 268 403 in
295 379 400 412 opere
422 377 501 406 suo,
528 361 632 407 quid*
657 364 790 397 valeant
817 364 1020 409 designetur,

281 419 340 452 lo.
393 413 554 450 Gabriel5
581 416 752 449 Hebraice
778 416 811 448 in
838 416 990 461 linguam
1010 413 1179 449 nostram⁶
1206 411 1429 450 convertitur⁷
1457 415 1636 449 Fortitudo
1663 414 1737 449 Dei.
1772 415 1843 450 Ubi
1871 414 1980 450 enim⁸
2006 427 2072 462 po-

116 475 217 509 tentia
239 472 367 510 divina,
395 469 448 502 vel
473 468 634 501 fortitudo
663 468 726 501 Dei
753 465 1035 509 demonstraturfl,
1063 468 1204 501 Gabriel
1232 468 1381 501 mittitur.

280 523 338 555 ll.
391 520 493 554 Unde
515 525 547 552 et
572 531 612 552 eo
634 525 799 563 tempore,
822 530 890 563 quo
914 525 984 552 erat
1006 520 1168 553 Dominus
1190 520 1371 552 nasciturus
1383 514 1407 535 ¹⁰
1431 523 1462 551 et
1482 518 1745 563 triumphaturus
1767 519 1810 552 de
1834 520 1978 560 mundo,
2000 520 2074 554 Ga-

116 577 201 611 briel
228 575 364 607 mittitur
379 570 401 590 ¹¹
429 572 473 605 ad
500 571 669 613 Mariam,
703 577 740 605 ut
773 571 867 605 illum
893 572 1115 613 annuntiaret,
1155 572 1213 614 qui
1241 571 1283 604 ad
1313 570 1531 603 debellandas
1543 567 1566 587 ¹²
1592 572 1695 604 aerias
1709 567 1731 586 ¹³
1758 577 1937 616 potestates
1961 572 2073 604 humi—

118 630 158 663 lis
185 627 299 660 venire
329 625 485 670 dignatus
512 628 571 658 est.

284 676 341 709 12.
394 675 545 709 Michael
572 671 857 719 interpretaturfl,
884 675 957 718 quis
984 680 1019 707 ut
1042 673 1158 706 Deus?
1212 672 1359 714 Quando
1388 669 1513 706 enim¹⁵
1539 673 1571 706 in
1597 674 1723 706 mundo
1751 674 1789 706 fit
1816 674 1941 718 aliquid
1969 676 2073 707 mirae

118 732 244 765 virtutis
255 726 298 768 ¹⁶,
330 728 387 761 hic
415 727 639 771 archangelus
674 726 822 758 mittitur.
876 727 921 759 Et
935 723 957 743 ¹⁷
984 738 1023 759 ex
1058 727 1131 770 ipso
1160 737 1264 769 opere
1291 736 1412 758 nomen
1441 725 1509 758 eius
1537 730 1585 758 est
1600 722 1638 766 ¹⁵¹,
1672 726 1750 769 quia
1776 737 1875 759 nemo
1903 726 1991 759 valet
2021 726 2074 758 fa-

121 779 249 823 cerem,
277 780 371 824 quod
399 780 511 813 facere
538 774 684 823 potest²⁰
710 778 809 810 Deus.

286 831 344 864 13.
399 831 557 875 Raphael
581 831 813 874 interpretatur
840 830 979 869 curatio,
1008 829 1062 861 vel
1089 827 1254 861 medicina
1282 827 1355 860 Dei.
1407 827 1609 871 Ubicunque
1636 829 1723 861 enim
1751 828 1889 862 curandi
1916 825 1979 860 et²¹
2003 839 2075 861 me-

121 887 224 920 dendi
251 895 337 928 opus
365 884 587 916 necessarium
615 887 679 921 est,
707 881 764 914 hic
784 881 923 925 angelus
936 878 960 898 ²²
987 893 1006 913 a
1034 880 1107 913 Deo
1136 880 1291 917 mittitur3
1318 879 1396 911 inde
1423 885 1455 912 et
1468 875 1492 895 ²³
1519 879 1685 913 medicina
1712 880 1775 912 Dei
1802 885 1947 913 vocatur.

292 935 348 967 Η.
403 934 505 967 Unde
541 938 572 966 et
599 933 642 966 ad
671 932 817 965 'sobiam
846 932 934 965 idem
964 931 1187 976 archangelus
1211 932 1325 963 missus
1359 931 1463 964 oculis
1501 932 1568 964 eius
1605 932 1811 966 curationem
1837 930 2010 973 adhibuit,
2045 935 2077 964 et

122 990 281 1025 caecitate
314 986 445 1019 detersa
478 986 583 1018 visum
620 981 683 1017 ei²⁴
720 985 868 1017 restituit.
929 984 1080 1017 Nominis
1115 983 1202 1017 enim
1214 980 1238 999 ²⁵
1273 983 1544 1026 interpretatione
1557 980 1581 1000 ²⁶
1615 989 1648 1016 et
1681 983 1795 1028 angeli
1829 983 1977 1017 officium
2014 982 2076 1016 de-

124 1043 273 1088 signatur
282 1035 316 1071 ²⁷.

288 1088 348 1124 15.
402 1088 498 1122 Uriel
525 1088 760 1132 interpretatur
787 1087 877 1131 Ignis
905 1086 986 1126 Dei,
1021 1087 1104 1120 sicut
1130 1086 1274 1130 legimus
1299 1086 1493 1129 apparuisse
1529 1086 1643 1130 ignem
1655 1082 1679 1101 ²⁴⁶⁴
1704 1086 1738 1119 in
1765 1087 1859 1120 rubo.
1915 1086 2077 1131 Legimus

123 1140 258 1179 etiam²⁹
284 1142 398 1186 ignem
422 1141 558 1172 missum
585 1140 745 1183 desuper,
771 1145 803 1171 et
814 1137 838 1156 ³⁰
865 1139 1039 1181 implesse,
1067 1138 1159 1181 quod
1188 1143 1406 1181 praeceptum
1431 1143 1488 1170 est.

290 1192 345 1226 16.
400 1191 534 1224 Throni
557 1196 667 1222 autem
696 1196 728 1222 et
756 1190 999 1222 dominationes
1027 1195 1059 1222 et
1086 1189 1291 1233 principatus
1320 1195 1351 1221 et
1378 1194 1558 1233 potestates
1585 1184 1649 1221 et³¹
1679 1189 1832 1227 virtutes,
1858 1189 1979 1232 quibus
2006 1189 2078 1221 uni-

125 1258 253 1280 versam
280 1244 459 1278 caelestem
491 1243 684 1274 societatem
706 1242 888 1285 Apostolus
915 1242 1166 1284 complectitur,
1201 1237 1368 1272 ordines³¹²
1396 1240 1593 1284 angelorum
1620 1244 1653 1272 et
1679 1240 1857 1284 dignitates
1886 1240 2079 1284 intelligun-

124 1304 193 1338 tur,
224 1303 257 1330 et
284 1306 348 1340 pro
376 1294 442 1327 hac
476 1294 548 1337 ipsa
583 1293 813 1325 distributione
841 1293 1032 1325 officiorum
1061 1292 1114 1323 alii
1142 1291 1272 1330 throni,
1307 1291 1363 1323 alii
1397 1291 1658 1331 dominationes,
1688 1293 1741 1323 alii
1768 1293 1989 1337 principatus,
2025 1291 2079 1323 alii

126 1354 308 1396 potestates
336 1346 506 1385 dicuntur,
533 1356 596 1389 pro
625 1345 721 1378 certis
750 1344 983 1389 dignitatibus,
1016 1344 1136 1386 quibus
1163 1343 1304 1376 invicem
1331 1343 1584 1387 distinguuntur.

293 1397 349 1430 17.
404 1398 550 1430 Virtutes
584 1396 752 1439 quaedam
781 1392 991 1440 angelicae³⁵¹
1019 1395 1196 1428 ministeria
1229 1392 1391 1427 haber-«2³⁴
1417 1395 1656 1439 perhibentur,
1688 1405 1749 1438 per
1776 1390 1895 1437 (μου-33
1921 1394 2014 1439 signa
2050 1399 2082 1427 et

127 1450 289 1485 miracula
308 1450 341 1481 in
363 1449 489 1481 mundo
512 1449 611 1480 liunt:
640 1453 780 1491 propter
806 1447 898 1490 quod
928 1452 960 1479 et
987 1448 1120 1479 virtutes
1147 1446 1309 1479 dicuntur.

296 1500 352 1533 IS.
408 1501 593 1532 Potestates
619 1505 709 1537 sunt,
737 1499 856 1541 quibus
883 1498 1018 1531 virtutes
1045 1498 1205 1530 adversae
1232 1497 1400 1529 subiectae
1427 1502 1516 1537 sunt,
1552 1502 1585 1528 et
1611 1496 1689 1529 inde
1715 1497 1923 1530 Potestatum
1950 1497 2084 1530 nomine

128 1557 379 1596 nuncupantur,
406 1551 483 1593 quia
510 1548 686 1595 maligni³⁶
713 1551 844 1594 spiritus
872 1561 987 1582 eorum
1001 1547 1025 1566 ³¹
1053 1554 1217 1593 potestate
1244 1554 1458 1588 coercentur,
1487 1559 1527 1581 ne
1554 1545 1717 1580 tantum³⁸
1744 1549 1871 1581 mundo
1881 1545 1906 1565 ³⁹
1930 1555 2083 1589 noceant,

128 1609 287 1649 quantum
315 1603 462 1647 cupiunt.

297 1654 355 1687 19.
409 1652 616 1696 Principatus
643 1657 716 1685 sunt
742 1652 795 1691 hi,
830 1653 886 1695 qui
914 1652 1113 1696 angelorum
1138 1651 1327 1696 agminibus
1354 1654 1522 1695 praesunt.
1577 1650 1644 1691 Qui
1670 1660 1734 1694 pro
1763 1660 1823 1691 eo,
1850 1650 1945 1693 quod
1967 1649 2083 1683 subdi-

130 1714 183 1741 tos
214 1707 352 1750 angelos
385 1705 429 1738 ad
469 1704 675 1749 explendum
710 1704 923 1737 ministerium
958 1704 1105 1737 divinum
1141 1703 1339 1748 disponunt,
1382 1702 1586 1747 principatus
1627 1701 1830 1736 vocabulum
1871 1707 2082 1746 acceperunt.

132 1761 219 1793 Nam
243 1758 298 1790 alii
325 1763 416 1797 sunt,
445 1757 501 1799 qui
529 1756 775 1796 administrant,
802 1756 876 1797 alii,
904 1757 961 1799 qui
989 1756 1158 1795 assistunt,
1183 1756 1265 1789 sicut
1277 1752 1302 1771 ⁴⁰
1329 1766 1391 1798 per
1418 1754 1592 1787 Danielem
1620 1753 1751 1787 dicitur.

220 1850 249 1889 1)
268 1850 318 1878 hic
345 1850 402 1877 lzoc
425 1850 481 1877 Gu.
506 1852 536 1880 2.
559 1866 600 1870 ——
630 1849 659 1888 2)
684 1849 739 1877 sul)
760 1850 893 1887 privatis
919 1848 957 1876 al.
987 1864 1028 1869 —-
1059 1850 1086 1883 3)
1131 1848 1262 1885 ligatur,
1284 1863 1326 1868 -
1350 1846 1394 1885 19)
1411 1848 1516 1884 facere
1538 1846 1574 1876 al.
1596 1857 1653 1874 om.
1683 1862 1726 1869 -—
1753 1850 1798 1881 ⁶20)
1816 1847 1865 1875 Sic
1882 1847 1939 1875 Gu.
1958 1849 1985 1878 1.
2002 1848 2029 1875 2.
2045 1848 2082 1878 al.

134 1904 193 1923 ,ςιια
217 1903 263 1921 va.
290 1910 324 1914 —
351 1893 378 1931 4)
395 1892 442 1920 Sic
461 1893 516 1919 Gu.
538 1895 560 1922 1.
584 1895 611 1923 2.
633 1902 681 1922 va.
702 1893 753 1920 Ar.
772 1907 813 1913 —
838 1891 922 1929 qumi
941 1891 1021 1928 vulg.
1050 1907 1086 1911 —
1133 1907 1169 1912 —
1191 1890 1348 1928 praevalet
1371 1890 1452 1927 vulg.
1476 1906 1518 1911 —
1542 1893 1586 1923 21)
1605 1890 1651 1917 vel
1673 1890 1729 1918 Gu.
1743 1893 1772 1921 2.
1790 1906 1834 1911 —
1855 1892 1901 1927 22)
1920 1889 1969 1917 Sic
1986 1889 2042 1917 Gu.
2056 1894 2083 1922 1.

136 1936 165 1977 5)
191 1936 236 1966 Al.
263 1946 309 1974 pr.
331 1945 378 1964 va.
403 1935 598 1973 praemittunt
620 1935 829 1973 etymologiam
854 1934 1024 1962 Michaelis.
1047 1949 1088 1954 —
1132 1949 1172 1954 —
1197 1933 1404 1971 archangelus
1432 1932 1511 1969 vulg.
1538 1949 1574 1953 —
1607 1931 1652 1969 23)
1675 1933 1724 1960 Sic
1747 1934 1802 1961 Gu.
1827 1936 1853 1962 1.
1878 1948 1920 1954 —
1950 1931 2036 1968 Vulg.
2058 1939 2083 1960 et

136 1981 166 2017 6)
195 1980 227 2006 in
257 1980 367 2016 lingua
397 1983 502 2004 noe-Ira
530 1979 587 2005 Gu.
613 1980 642 2008 2.
694 1978 785 2007 Editt.
814 1987 858 2015 pr.
881 1987 927 2005 va.
951 1987 1008 2004 om.
1040 1985 1088 2004 vv.
1132 1975 1212 2005 itt-de.
1238 1992 1279 1998 —
1308 1976 1354 2015 2¹4)
1379 1975 1427 2003 Sic
1452 1975 1507 2003 Gu.
1524 1978 1551 2006 1.
1574 1975 1613 2002 al.
1632 1984 1678 2002 va.
1694 1991 1735 1997 —-
1754 1977 1819 2003 eius
1841 1975 1924 2013 vulg.
1964 1974 2084 2003 Utrum-

136 2021 230 2051 Hebr.
254 2022 286 2049 in
315 2021 390 2057 ling.
414 2025 560 2048 nostram.
597 2035 637 2041 ·-—-
681 2021 712 2056 7)
736 2020 783 2048 Sic
811 2022 867 2048 Gu.
892 2023 917 2050 1.
949 2034 989 2039 —
1022 2029 1089 2045 rer·
1133 2028 1190 2056 que
1214 2029 1270 2047 om.
1294 2019 1351 2048 Gn.
1379 2020 1406 2048 2.
1427 2018 1477 2046 Ar.
1502 2033 1540 2039 --
1574 2015 1621 2056 25)
1643 2019 1709 2046 eiu-s·
1739 2029 1794 2057 pro
1818 2019 1896 2046 enim
1920 2018 1975 2045 GU.
1994 2019 2021 2048 1.
2044 2034 2085 2039 —-

138 2067 215 2093 titur
246 2064 328 2100 vulg.
351 2078 392 2083 —
414 2064 629 2099 interpretatur
651 2072 698 2090 va.
730 2079 771 2084 —
800 2062 828 2102 8)
851 2069 952 2089 autem
982 2062 1038 2088 Gu.
1065 2064 1089 2091 1.
1133 2065 1176 2095 96)
1197 2061 1470 2098 intel-pretationem
1495 2061 1551 2088 Gn.
1569 2063 1594 2091 1.
1621 2077 1657 2081 —
1687 2060 1733 2099 97)
1757 2060 1897 2099 designat
1921 2059 1976 2088 Gu.
2002 2063 2028 2090 1.
2046 2078 2082 2082 -—

140 2124 177 2130 -
211 2107 242 2144 9)
275 2107 321 2134 Sic
355 2106 411 2133 (ἆυ.
441 2107 466 2134 1.
504 2120 545 2125 ·-·
592 2104 677 2141 Vulg.
714 2104 870 2141 sbi-[itudo
907 2104 1091 2140 manifesta·
1134 2103 1337 2141 ‹lm-[gamala
1360 2113 1404 2141 pr.
1435 2119 1476 2124 —
1513 2102 1557 2140 28)
1576 2104 1675 2140 ignem
1698 2105 1877 2142 apparuisse
1906 2113 1951 2130 va.
1973 2118 2014 2123 —-
2037 2106 2084 2137 29)

141 2157 192 2178 tur
214 2165 255 2171 —-
278 2146 530 2183 manifestabitur
561 2147 616 2175 Gu.
641 2149 669 2177 2.
699 2148 735 2176 al.
765 2163 805 2168 -
851 2150 894 2183 10)
925 2146 1005 2173 dom.
1029 2151 1090 2173 fra!
1134 2149 1225 2173 eldam
1249 2156 1305 2174 orn.
1329 2146 1384 2174 Gu.
1401 2147 1431 2176 2.
1454 2162 1494 2167 —-
1517 2146 1565 2182 30)
1591 2152 1616 2173 cl
1640 2156 1697 2176 om.
1722 2148 1777 2174 Gn.
1797 2148 1826 2176 2.
1851 2163 1889 2167 ——-
1911 2147 1960 2181 31)
1978 2150 2004 2172 st
2027 2156 2084 2174 om.

141 2194 250 2221 nascit.
267 2192 399 2228 vulg.—
418 2189 464 2228 11)
482 2190 559 2216 uenit
577 2190 628 2216 Ar.
643 2206 679 2210 —-
699 2189 742 2227 12)
761 2189 803 2217 ad
820 2188 978 2217 bellandas
996 2189 1052 2217 Gu.
1067 2191 1090 2218 1.
1136 2190 1193 2217 Gu.
1210 2192 1234 2219 1.
1259 2207 1296 2211 —
1320 2188 1366 2223 32)
1385 2187 1591 2215 orclumtmnes
1608 2189 1644 2216 al.
1660 2205 1702 2210 —-
1723 2192 1767 2222 33)
1780 2188 1828 2216 Sic
1843 2189 1899 2216 Gu.
1914 2191 1939 2219 1.
1953 2203 1987 2208 —
2000 2187 2084 2224 vulg.

141 2246 187 2275 pr,
209 2251 250 2256 -—-
279 2236 325 2270 13)
341 2232 388 2260 Sic
414 2232 471 2259 Gu.
490 2234 516 2261 1.
542 2241 586 2259 va.
603 2247 644 2252 —
667 2242 769 2259 aereas
792 2234 873 2269 vulg.
897 2248 938 2253 —
963 2233 1008 2267 14)
1027 2242 1092 2258 vet·-
1136 2231 1235 2267 angel.
1259 2230 1368 2268 (llum-cl.
1399 2248 1431 2251 —
1460 2231 1509 2269 34)
1532 2231 1639 2258 luthere
1657 2231 1758 2260 addidi
1784 2241 1799 2259 e
1824 2231 1879 2259 Gu.
1908 2233 1933 2260 1.
1962 2246 2004 2252 -
2036 2232 2084 2267 35)

142 2280 220 2306 titur
242 2277 279 2306 al.
296 2286 339 2314 pr.
363 2291 398 2296 -—-
417 2274 553 2302 Mwhael
570 2273 705 2301 hebraice
728 2276 759 2301 in
789 2275 931 2311 linguam
958 2280 1092 2301 nmirum
1135 2275 1183 2302 Sic
1208 2274 1262 2301 Gu.
1287 2278 1311 2304 1.
1328 2276 1355 2303 2.
1372 2273 1407 2302 al.
1429 2284 1490 2301 var.
1514 2274 1579 2302 lect.
1603 2284 1650 2312 ap.
1674 2273 1761 2302 Goth.
1783 2290 1818 2294 ν-
1843 2273 1890 2310 36)
1914 2272 1961 2300 Sic
1984 2273 2041 2301 Gu.
2061 2277 2084 2304 1.

143 2331 189 2349 va.
211 2336 254 2342 -·
275 2317 320 2359 15)
348 2323 449 2345 autem
475 2317 531 2344 Gu.
552 2320 576 2347 1.
599 2332 641 2337 -—
670 2314 715 2353 16)
739 2317 786 2344 Sic
809 2319 864 2345 Gu.
892 2319 919 2347 1.
943 2332 983 2337 -
1008 2316 1093 2353 Vulg.
1136 2319 1165 2348 2.
1181 2326 1226 2355 pr.
1251 2325 1297 2344 va.
1318 2317 1365 2343 Ar.
1387 2331 1429 2337 —-
1449 2318 1557 2353 magnzj
1572 2317 1652 2354 vulg.
1682 2333 1724 2339 -
1751 2318 1799 2351 37)
1823 2326 1922 2343 corum
1955 2325 2009 2343 om.
2030 2316 2083 2342 Cu.

144 2361 268 2401 aliquid
289 2362 323 2388 in
344 2359 458 2388 mundo
481 2360 576 2386 mirae
598 2360 666 2386 virt.
683 2359 734 2396 fit.
755 2377 791 2381 --
818 2362 864 2394 17)
882 2364 914 2386 ιιι
938 2359 991 2387 Gn.
1015 2362 1043 2389 2.
1060 2376 1093 2380 -
1136 2362 1163 2390 2.
1183 2375 1224 2379 -
1252 2358 1300 2396 33)
1324 2364 1407 2386 Ιιιηίυ
1431 2359 1486 2386 Gu.
1509 2363 1538 2391 2.
1562 2375 1602 2381 -
1626 2359 1674 2396 39)
1689 2357 1775 2386 modu
1791 2360 1827 2386 al.
1852 2376 1887 2379 —
1910 2358 1956 2393 40)
1974 2364 1999 2386 et
2016 2357 2083 2386 add.

147 2406 191 2445 15)
215 2405 264 2433 Sic
287 2404 385 2435 Gu.1.
408 2418 449 2424 —-
473 2402 557 2439 Vulg.
579 2407 620 2429 est
639 2403 713 2429 eius.
731 2417 771 2422 —-
798 2402 854 2431 Gu.
875 2404 903 2432 2.
920 2403 983 2429 cias
1003 2402 1093 2429 inlel-
1138 2402 1195 2430 Gu.
1221 2403 1248 2431 2.
1277 2417 1317 2423 —-
1355 2399 1404 2440 41)
1428 2403 1525 2430 milies
1556 2412 1612 2431 oni.
1632 2401 1668 2431 al.
1714 2402 1808 2430 Locus
1837 2405 1879 2429 cst
1903 2411 1949 2439 ap.
1975 2400 2084 2429 Daniel.
