2264 2830
779 117 1026 153 ORlGlNUM
1065 121 1211 156 LlBER
1244 123 1301 157 Xl.

1944 126 2019 160 369

70 223 103 252 et
129 229 189 262 per
212 217 366 257 oracula,
393 212 545 260 quibus²⁵
571 219 788 260 praemoneat
814 220 847 247 et
873 214 1038 259 significet
1070 217 1270 259 quibusdam
1299 217 1351 249 vel
1362 213 1386 233 ²⁰
1414 216 1588 262 gentibus,
1631 218 1683 251 vel
1712 216 1901 251 hominibus
1928 221 2018 254 sutu—

70 281 141 303 tam
165 269 316 310 cladem,
343 269 436 312 quod
467 267 616 313 plurimis
645 266 743 299 etium
773 266 1006 311 experimentis
1033 269 1212 311 probatum
1241 275 1299 304 est.

235 320 249 336 r
730 314 754 333 ἰτ

234 332 267 353 o.
322 321 421 353 Xerxi
452 320 579 364 quippe
620 318 718 362 lupus

72 383 111 406 ex
139 372 279 405 muliere
306 378 484 405 monstrum
507 366 688 404 creatum³¹⁰

783 330 822 351 ex
856 330 942 361 equa
977 325 1088 352 creata
1119 318 1237 353 solvi&
1273 331 1414 364 regnum
1452 316 1553 352 eius²⁹
1585 320 1765 365 portendit.

696 395 704 409 ‚
732 370 825 413 quod
851 370 1038 414 superiores
1065 374 1217 416 corporis
1228 368 1250 388 ³¹
1279 377 1389 415 partes
1415 370 1574 413 hominis,
1601 373 1660 405 sed
1680 368 1861 405 ιῐιοι-ῑιιὲιε32
1889 372 2020 406 habue-

1827 320 2020 355 Alexandro

71 420 163 456 rit³³:
192 425 361 457 inferiores
390 424 591 455 diversarum
620 422 816 463 bestiarum,
854 422 912 455 sed
948 422 1108 457 viventes:
1152 424 1354 469 significasse
1382 423 1588 466 repentinam
1624 425 1712 469 regis
1741 423 2020 458 intersectionem:

71 477 319 520 supervixerant
344 476 429 508 enim
459 475 625 506 deteriora
662 474 863 506 melioribus.

925 474 994 506 Sed
1022 474 1222 518 monstra³¹‚
1264 486 1349 517 quae
1385 475 1417 506 in
1451 475 1747 519 significationibus
1781 475 1918 517 dantur,
1954 487 2020 509 non

71 527 129 560 diu
157 529 286 567 vivunt,
314 527 371 559 sed
401 527 576 565 continuo,
605 531 640 558 ut
667 531 740 557 nata
768 526 905 567 fuerint,
942 526 1108 559 occidunt.

235 586 268 619 6.
322 587 410 618 Inter
437 591 627 631 portentum
640 582 663 601 ³⁶
691 591 723 618 et
751 591 1002 629 portentuosum
1030 587 1152 622 differt..

71 640 154 673 sicut
180 638 283 671 fertur
309 638 340 670 in
368 638 510 671 Umbria
538 638 711 670 mulierem
739 638 906 682 peperisse
932 644 1132 682 serpentem.

298 698 524 743 lllulremque
555 710 637 731 suus
663 699 850 730 conterruit
863 696 888 714 ³¹³
913 698 1040 743 instms.

70 761 288 794 Portentuosa
315 770 394 791 vero
422 759 530 791 levem
559 754 724 791 sumunt³⁹
753 758 976 791 mutationem.

233 811 267 843 Ἰ.
321 811 476 855 Exempli
509 822 606 843 causa
634 821 709 842 cnm
738 821 793 842 sev<
828 810 940 853 digitis
970 811 1046 842 nati.

1206 586 1292 619 Nam
1319 589 1473 629 portenta
1501 590 1592 627 sunt,
1619 599 1707 630 quae
1735 585 2020 630 transfigurantur,

1187 637 1289 671 Unde
1301 634 1325 654 ³⁰
1353 637 1509 670 Lucanus
1521 634 1560 670 ³⁷:

1103 811 1260 842 Portenta
1294 809 1411 854 igitur,
1457 809 1509 841 vel
1541 813 1756 852 portentuosa
1791 808 1930 841 existunt
1957 810 2022 842 alia

69 863 299 907 magnitudine
327 863 426 895 totius
448 863 598 906 corporis
626 862 710 893 ultra
736 872 948 894 communem
976 861 1150 894 hominum
1179 861 1336 901 modum,
1365 866 1507 904 quantus
1536 861 1597 892 fuit
1619 861 1736 892 Tition
1763 860 1794 891 in
1822 870 1941 892 novem
1969 861 2021 893 iu·

69 915 205 959 geribus
239 915 364 953 iacens,
416 915 568 946 Homero
602 919 759 945 testante:

69 977 256 1011 pygmaeos
277 970 414 1006 vocant,
439 978 479 997 eo
506 964 598 1008 qnod
626 965 688 997 sint
709 969 831 996 statura
848 965 1018 998 cubitales.

808 913 871 944 alia
909 913 1071 956 parvitate
1106 914 1203 945 totius
1239 914 1410 957 corporis,
1459 917 1494 944 ut
1538 913 1643 953 Nani,

1691 911 1744 943 vel
1780 922 1863 954 quos
1899 911 2023 946 Graeci

1072 965 1139 997 Alii
1168 964 1397 1008 magnitudine
1425 964 1586 1008 partium,
1610 963 1712 996 veluti
1740 963 1850 1007 capite
1877 963 2022 1001 informi,

71 1023 126 1050 aut
151 1018 325 1061 superfluis
356 1018 583 1050 membrorum
616 1016 782 1060 partibus,
824 1023 858 1048 ut
884 1016 1037 1061 bicipites
1069 1022 1101 1049 et
1136 1017 1285 1059 trimani,
1329 1016 1382 1049 vel
1411 1012 1670 1060 cynodontesffl,
1710 1015 1829 1058 quibus
1864 1012 2020 1059 gemini⁴¹

68 1069 256 1114 procedunt
283 1069 409 1103 dentes,

235 1130 268 1163 8.
322 1130 388 1161 Alii
415 1141 433 1161 a
461 1128 594 1162 defectu
623 1129 785 1173 partium,
819 1129 852 1161 in
879 1130 1001 1172 quibus
1028 1129 1133 1162 altera
1161 1139 1238 1172 pars
1265 1128 1447 1173 plurimum
1477 1127 1590 1160 delicit
1616 1127 1659 1159 ab
1688 1127 1809 1166 altera,
1845 1131 1879 1158 ut
1907 1137 2022 1159 manus

71 1175 125 1213 8⁴²
151 1192 269 1221 manu,
299 1182 349 1214 vel
377 1193 437 1225 pes
464 1193 482 1212 a
504 1181 603 1224 pede.

69 1233 219 1264 steresios
231 1230 256 1249 ⁴³
283 1239 412 1265 vocant.

657 1181 724 1213 Alii
752 1193 771 1212 a
799 1181 1008 1222 discissione,
1037 1187 1071 1213 ut
1098 1182 1166 1213 sine
1195 1192 1313 1219 manu,
1346 1184 1402 1211 aut
1430 1180 1539 1224 capite
1565 1185 1742 1223 generata,
1785 1188 1870 1221 quos
1899 1177 2021 1211 Graeci

467 1233 544 1264 Alia
571 1228 813 1275 privimeria⁴⁴‚
843 1233 979 1275 quando
1006 1233 1115 1264 solum
1145 1238 1264 1276 caput,
1292 1236 1347 1263 aut
1374 1242 1448 1264 crus
1476 1231 1630 1263 nascitur.

234 1292 268 1325 9.
322 1293 416 1327 Alia.
445 1303 532 1335 quae
559 1291 590 1323 in
618 1288 748 1334 parte⁴⁵
775 1292 1068 1335 transfigurantur,
1099 1291 1181 1323 sicut
1208 1291 1263 1333 qui
1293 1291 1396 1322 leonis
1424 1289 1550 1321 habent
1578 1288 1724 1327 vultum,
1753 1287 1805 1319 vel
1833 1288 1939 1327 canis,
1967 1289 2021 1320 vel

70 1342 233 1375 taurinum
262 1349 381 1387 caput,
410 1349 465 1375 aut
493 1353 631 1385 corpus,
661 1347 695 1373 ut
723 1352 762 1373 ex
785 1342 952 1386 Pasiphae
977 1343 1045 1375 lilia
1073 1343 1162 1374 Solis
1191 1342 1313 1386 iegitur
1340 1341 1472 1385 genitus
1502 1340 1711 1372 Minotaurus

547 1393 638 1430 Alia,
667 1404 753 1435 quae
782 1405 820 1425 cx
849 1394 938 1426 omni
969 1400 1065 1438 parte
1092 1393 1366 1437 transfigurantur
1392 1392 1424 1424 in
1452 1392 1578 1424 alienae
1611 1391 1785 1424 creationis
1819 1396 2021 1434 portentum,

71 1395 337 1440 ἑτερομορᾳίαν
364 1399 492 1426 vocant.

72 1450 107 1477 ut
133 1456 172 1477 ex
205 1446 342 1478 muliere
371 1447 507 1478 vitulum
537 1445 617 1477 dicit
644 1443 779 1476 historia
806 1451 1012 1489 generatum.

1722 1334 1753 1380 ¹⁶,
1781 1339 1873 1382 quod
1899 1339 2022 1373 Graeci

1067 1446 1157 1483 Alia,
1182 1456 1268 1488 quae
1295 1445 1363 1475 sine
1390 1442 1679 1487 transfiguratione
1707 1442 1922 1474 mutationem
1957 1441 2023 1473 ha-

70 1496 150 1528 bent
178 1496 347 1533 locorum.
390 1503 424 1529 ut
452 1496 567 1529 oculos
601 1496 631 1527 in
667 1502 824 1539 pectore,
856 1497 907 1528 vel
936 1497 967 1528 in
1002 1497 1127 1535 fronte,
1160 1507 1255 1528 aures
1292 1506 1391 1538 supra
1420 1499 1591 1538 tempora:
1626 1492 1679 1525 vel
1708 1493 1792 1526 sicut
1826 1493 2022 1526 Aristoteles

71 1547 225 1589 tradidit,
252 1549 418 1591 querulam
448 1549 479 1580 in
507 1547 631 1579 sinistra
659 1553 755 1590 parte
780 1547 889 1587 iecur,
922 1548 953 1579 in
982 1548 1118 1580 dextera
1131 1543 1156 1563 ⁴⁷
1183 1547 1279 1591 splen
1305 1545 1472 1578 habuisse.

237 1607 294 1641 10.
349 1608 424 1640 Alia
458 1607 641 1640 secundum
676 1608 984 1641 connaturationem
997 1604 1040 1648 ⁴9,
1084 1607 1180 1640 utin
1214 1607 1280 1639 alia
1307 1617 1406 1639 manu
1442 1604 1538 1650 digiti
1573 1603 1687 1648 plures
1723 1600 1962 1638 connaturati⁴⁹
1989 1611 2023 1637 et

71 1656 286 1693 cohaerentes
312 1659 537 1703 reperiuntur,
565 1659 597 1690 in
625 1657 688 1690 alia
716 1659 836 1698 minus,
864 1660 980 1691 sivein
1008 1659 1159 1703 pedibus.

70 1714 138 1743 tam
166 1711 378 1750 creationem,
405 1707 582 1748 sicuthiffl,
611 1710 668 1753 qui
688 1710 813 1742 dentati
839 1717 1026 1749 nascuntur,
1055 1712 1121 1743 sive
1132 1707 1155 1726 ⁵¹
1184 1710 1323 1751 barbati,
1350 1710 1404 1742 vel
1432 1709 1515 1742 cani.

1214 1658 1291 1691 Alia
1317 1657 1499 1690 secundum
1523 1656 1732 1688 immaturam
1762 1660 1794 1688 et
1819 1656 2022 1699 intempera—

1570 1708 1645 1740 Alia
1673 1708 1854 1751 complexu
1865 1704 1889 1724 ⁵²
1916 1708 2022 1752 pluri-

72 1773 200 1794 marum
228 1762 509 1803 differentiarum,
538 1761 620 1794 sicut
645 1761 748 1805 illud,
777 1763 869 1806 quod
898 1762 1123 1807 praediximus
1149 1762 1183 1794 in
1209 1761 1404 1795 Alexandro
1432 1760 1637 1793 multiforme
1664 1763 1867 1804 portentum.

73 1885 116 1892 —
137 1870 244 1907 vulpes
268 1871 322 1899 Gu.
340 1873 366 1901 1.
386 1886 426 1892 —
454 1870 559 1909 Lupus
582 1872 689 1911 scripsi
713 1877 834 1900 secutus
854 1871 950 1908 Arev,
974 1873 1026 1911 qui

73 1912 105 1941 id
132 1922 170 1941 ex
184 1912 325 1942 Ilei-odet.
348 1913 378 1940 in
403 1913 580 1952 P013l13mn.
606 1921 634 1943 et
652 1915 748 1942 Valer.
772 1915 840 1943 Max
855 1915 874 1942 1.
900 1915 936 1943 de
954 1915 1024 1944 Pro-

74 1955 133 1993 dig.
156 1960 215 1984 ext.
238 1958 262 1986 1.
286 1955 425 1993 recepit.)
450 1960 522 1992 etc„
544 1961 579 1985 ut
601 1958 681 1995 vulg.
706 1974 739 1979 —-
772 1957 816 1995 23)
841 1958 889 1985 Sic
912 1958 943 1986 Z.
968 1960 1024 1989 Gu.

77 2001 102 2028 1.
120 2000 148 2029 2.
173 1998 208 2027 al.
232 2014 272 2018 —-
296 1996 423 2024 dissolu?
446 1999 526 2036 vulg.
552 2016 585 2019 —
622 2004 669 2037 29)
693 2001 758 2027 eiu-s·
781 2011 838 2031 om.
862 2001 893 2029 Z.
910 2017 952 2021 —
977 2002 1025 2037 30)

74 2040 160 2077 Vulg.
184 2039 252 2070 add.
277 2046 334 2075 est,
359 2039 439 2077 quod
474 2052 531 2070 om.
554 2041 582 2070 Z.
609 2042 663 2069 Cu.
690 2045 715 2074 1.
732 2045 759 2073 2.
783 2059 824 2064 -
849 2044 897 2079 31)
921 2054 1024 2081 corpu·

74 2085 119 2111 ris
148 2093 205 2111 om.
237 2083 265 2110 Z·
304 2100 342 2103 —
378 2083 426 2119 32)
450 2093 505 2121 pro
535 2083 589 2110 secl
617 2091 702 2115 morl,
733 2086 762 2113 Z.
794 2091 959 2114 ctnorlmw.
983 2101 1025 2106 -

73 2124 122 2164 33)
145 2125 295 2152 halma-at
318 2135 363 2152 va.
397 2140 439 2145 —
483 2124 528 2163 34)
551 2126 622 2153 haec
645 2134 780 2155 monstra
806 2129 837 2158 Ζ.
861 2128 912 2156 Ar.
939 2144 972 2149 —-
998 2133 1023 2155 et

75 2173 211 2195 monstra
241 2167 297 2195 Gu.
320 2169 351 2197 2.
374 2183 416 2188 --
443 2170 488 2204 35)
515 2174 615 2195 autem
637 2169 705 2198 add.
728 2170 758 2198 Z.
783 2171 841 2200 Gu.
858 2174 886 2202 2.
914 2181 959 2199 va.
984 2187 1024 2191 --

74 2209 123 2250 36)
147 2216 173 2237 et
195 2209 262 2237 add.
288 2209 344 2237 Gu.
359 2211 387 2239 2.
412 2225 452 2230 -—-
475 2210 523 2247 37)
546 2210 654 2239 Lucan.
678 2212 705 2246 I,
728 2213 799 2244 563.
829 2229 865 2234 —
890 2211 939 2252 38)
957 2224 1024 2240 cvn-

76 2254 164 2280 ceruit
188 2253 217 2280 Z.
242 2252 297 2279 Gu.
315 2254 343 2282 2.
365 2268 405 2272 ——
428 2249 477 2292 39)
501 2259 680 2280 consumunt
703 2254 739 2282 al.
763 2271 803 2277 —
826 2254 871 2293 40)
894 2255 943 2284 Sic
974 2256 1025 2283 Ar.

76 2311 118 2317 -—
141 2294 353 2323 sclzinodonles
379 2294 459 2330 vulg.
487 2310 526 2315 —
557 2295 754 2323 scenodontas
783 2298 814 2325 Z.
844 2298 900 2327 Gu.
925 2300 954 2329 3.
984 2314 1026 2320 —

78 2337 270 2368 ocinodontas
293 2337 350 2366 Gu.
372 2339 400 2368 2.
422 2346 467 2375 pr.
486 2347 533 2366 va.
556 2354 596 2360 -—
619 2337 797 2367 semoclentes
823 2340 878 2368 Gu.
898 2343 923 2370 1.
949 2340 1026 2369 Vul-

121 2389 285 2418 Gnuffln.
307 2398 374 2416 ωτ.
394 2387 443 2416 Ill.

1070 1883 1134 1902 can.
1158 1872 1271 1910 suspira
1301 1867 1494 1910 σχιζοὸόντες.
1521 1885 1556 1891 -
1588 1867 1637 1909 41)
1657 1870 1779 1905 gemino
1804 1868 1908 1897 ordine
1929 1869 1960 1897 Z.
1985 1870 2021 1897 al.

1070 1933 1107 1937 —
1132 1914 1181 1955 42)
1205 1915 1243 1942 ab
1267 1915 1288 1942 Z
1323 1930 1362 1934 -
1386 1914 1433 1951 43)
1451 1913 1499 1940 sie
1524 1914 1580 1940 Gu.
1601 1914 1627 1942 2.
1646 1914 1675 1943 3.
1699 1922 1742 1950 pr.
1756 1922 1802 1940 va.
1828 1914 1876 1942 Ar.
1892 1927 1932 1934 —
1947 1914 2023 1939 stri-

1069 1960 1132 1986 sios
1153 1958 1209 1985 Gu.
1229 1961 1254 1988 1.
1279 1974 1317 1978 -
1341 1957 1517 1984 stet-enonas
1539 1955 1570 1983 Z.
1593 1971 1634 1976 —-
1656 1956 1792 1982 «εἰει-ἰδίοις
1814 1955 1897 1993 vulg.
1942 1954 2023 1983 Vul-

1069 2012 1131 2030 can.
1155 2010 1237 2038 susp.
1269 1995 1546 2037 στερητικούς.
1573 2014 1606 2019 -
1642 1997 1687 2036 44)
1712 1997 1759 2025 Sic
1788 1997 1838 2027 Ar.
1865 2013 1905 2018 —
1935 1997 2020 2035 Vulg.

1062 2055 1117 2082 per
1147 2042 1288 2070 numeria
1316 2042 1378 2070 sine
1412 2051 1500 2069 sensu
1526 2058 1564 2063 —-
1596 2051 1652 2078 per
1682 2051 1806 2068 numera
1849 2040 1906 2069 Gu.
1933 2043 1958 2070 1.
1981 2056 2022 2062 —

1067 2085 1116 2126 45)
1146 2085 1294 2124 partibus
1334 2084 1388 2112 Gu.
1411 2086 1438 2115 2.
1474 2100 1513 2105 —·
1558 2082 1604 2121 46)
1636 2084 1683 2111 Sic
1715 2084 1772 2112 Gu.
1796 2086 1821 2114 1.
1851 2098 1892 2104 —
1936 2082 2020 2119 Vulg.

1068 2139 1101 2155 ex
1138 2128 1295 2166 Pasiphae
1336 2131 1502 2154 memorant
1542 2127 1681 2163 genllltrn
1724 2127 1945 2154 stllnotaurum.
1983 2140 2020 2144 --

1068 2168 1116 2209 47)
1146 2177 1237 2209 parte
1267 2170 1337 2198 add.
1366 2169 1463 2206 vulg,
1505 2169 1586 2206 quod
1622 2179 1681 2197 om.
1716 2169 1772 2198 Gu.
1799 2171 1826 2200 1.
1848 2170 1876 2198 2.
1905 2168 1953 2195 Ar.
1980 2181 2019 2186 -

1069 2211 1118 2252 48)
1140 2213 1308 2241 secundum
1329 2217 1460 2239 naturae
1491 2213 1639 2240 rationem
1669 2212 1726 2241 Gu.
1749 2215 1774 2242 1.
1810 2227 1846 2232 —
1878 2210 1924 2245 49)
1946 2217 2017 2234 con-

1070 2261 1119 2282 tra
1141 2262 1270 2284 naturae
1292 2256 1439 2283 rationem
1463 2253 1519 2283 Gu.
1538 2257 1566 2286 2.
1593 2271 1629 2275 -
1663 2252 1711 2294 50)
1732 2254 1767 2281 Ιιί
1787 2263 1842 2292 pro
1863 2253 1887 2277 ίί
1906 2250 1934 2276 Z·
1960 2249 2015 2274 Gu-

1071 2301 1098 2328 1.
1123 2301 1152 2329 2.
1181 2315 1221 2322 —-·
1251 2297 1298 2337 51)
1323 2299 1404 2325 sicut
1433 2302 1459 2326 et
1482 2296 1565 2325 barb.
1599 2297 1654 2325 Gu.
1678 2299 1705 2327 2.
1734 2313 1773 2318 —
1811 2297 1855 2327 52¹)
1879 2289 2015 2329 amplexu

1071 2341 1127 2369 Gu.
1148 2343 1176 2375 2.

1508 2393 1607 2425 Aaa
