2203 2829
203 115 276 149 282
892 113 1071 149 ISIDORI
1096 113 1278 148 HISPAL.
1305 114 1451 149 EPISC.

202 209 303 244 Unde
331 212 364 241 et
390 211 532 252 propter
568 210 753 239 sanctarum
781 206 1018 251 scripturarum
1043 203 1299 241 obscuritatem¹
1329 208 1448 241 harum
1476 209 1574 242 trium
1600 209 1790 253 linguarum
1817 210 1966 254 cognitio
1993 223 2145 246 necessa-

201 263 249 295 ria
277 266 342 301 est,
372 265 408 293 ut
434 258 477 291 ad
504 259 641 291 alteram
668 262 855 291 recurratur
884 264 972 303 tum,
1000 259 1025 292 si
1052 256 1315 293 dubitationem²
1343 260 1499 302 nominis,
1535 260 1587 293 vel
1609 261 1886 305 interpretationis
1913 269 2022 296 sermo*
2050 265 2143 298 unius

201 314 336 358 linguae
363 311 515 343 attulerit.

365 362 398 394 4.
453 361 584 393 Graeca
613 365 724 393 autem
750 361 865 405 lingua
891 362 975 395 inter
1000 367 1148 396 caeteras
1172 363 1321 407 gentium
1345 361 1466 395 clarior
1492 362 1645 396 habetur.
1681 364 1742 397 Est
1769 364 1855 397 enim
1883 360 1935 397 et³
1961 364 2085 397 Latinis
2112 372 2143 398 et

201 415 353 448 omnibus
381 413 500 457 linguis
527 412 711 444 sonantior:
745 413 837 445 cuius
865 415 1004 446 varietas
1037 414 1070 449 in
1104 415 1250 458 quinque
1278 414 1427 457 partibus
1452 413 1656 450 discernitur.
1711 416 1862 456 Quarum
1890 416 1997 460 prima
2025 416 2143 454 dieitur

200 463 334 513 uocvff,
363 464 396 496 id
425 469 492 501 est,
522 463 640 505 mixta,
668 463 735 496 sive
762 465 964 507 communis,
991 477 1058 509 qua
1080 477 1194 499 omnes
1221 471 1364 498 utuntur.

364 514 397 547 5.
451 515 607 548 Secunda
635 515 763 556 Attica,
790 516 948 551 videlicet
973 514 1219 558 Atheniensis-⁵,
1244 529 1308 560 qua
1336 517 1382 549 usi
1410 522 1483 548 sunt
1511 528 1623 550 omnes
1651 518 1815 552 Graeciae
1842 522 2002 552 auctores.
2056 519 2144 555 Ter-

199 569 243 600 tia
263 567 404 608 Dorica,
439 578 539 609 quam
568 566 694 600 habent
720 568 883 612 Aegyptii
915 574 947 602 et
973 566 1082 613 Syrifi.
1136 570 1261 610 Quarta
1289 569 1409 601 lonica.
1465 568 1589 609 Quinta
1615 569 1772 610 Aeolica,
1801 581 1866 612 qua
1894 581 1927 602 se
1954 567 2143 603 Aeolistae⁷

199 620 329 653 locutos
357 619 526 658 dixerunt,
555 623 586 651 et
610 624 683 651 sunt
709 618 741 653 in
769 620 998 655 observatione
1026 621 1178 657 Graecae
1205 621 1340 665 linguae
1368 620 1530 653 eiusmodi
1558 625 1648 654 certa
1675 621 1873 655 discrimina.
1909 621 2028 655 Sermo
2057 622 2143 656 enim

198 682 313 704 eorum
341 670 385 703 ita
410 675 459 704 est
485 668 705 714 dispertitusss.

361 721 395 756 6.
449 722 583 754 Latinas
610 727 719 755 autem
744 722 873 766 linguas
896 728 1038 766 quatuor
1064 735 1134 757 esse
1160 722 1298 766 quidam
1325 722 1496 764 dixerunt,
1532 722 1567 755 id
1595 727 1643 756 est
1669 723 1835 764 Priscam,
1870 723 2042 764 Latinam,
2068 725 2143 757 Ro·

197 785 347 813 umnam,
380 773 532 807 Mixtam.
584 774 698 808 Prisca
728 779 793 813 est,
826 786 893 817 qua
920 771 1149 809 vetustissimi⁹
1175 775 1291 808 ltaliae
1319 775 1379 807 sub
1407 774 1487 807 lano
1523 780 1555 808 et
1582 774 1724 809 Saturno
1748 780 1821 808 sunt
1848 775 1896 807 usi
1910 771 1934 791 ¹⁰
1962 775 2142 813 incondita,

197 831 233 858 ut
268 837 302 858 se
335 821 493 857 habent¹¹
521 825 666 858 earmina
702 825 868 858 Saliorum
882 823 914 858 ¹².
975 827 1112 868 Latina,
1155 838 1255 869 quam
1290 827 1350 858 sub
1384 825 1503 857 Latino
1538 830 1571 858 et
1606 827 1739 870 regibus
1773 826 1917 861 Tusciae
1930 822 1954 842 ¹³
1988 827 2108 860 caeteri
2122 823 2143 843 ¹⁴

197 878 230 909 in
257 876 355 910 Latio
367 872 390 892 ¹5
414 881 487 908 sunt
514 877 633 917 locuti,
662 888 701 909 ex
725 888 791 919 qua
818 877 945 910 fuerant
957 874 980 894 ¹⁶
1005 878 1185 911 duodecim
1212 878 1346 911 tabulae
1372 877 1523 921 scriptae.

365 926 396 959 7.
450 928 621 967 Romana,
664 939 750 970 quae
786 934 861 972 post
888 940 984 973 reges
1018 935 1150 962 exactos
1184 941 1202 961 a
1237 929 1369 973 populo
1397 929 1552 962 Romano
1577 932 1700 972 coepta
1711 924 1735 943 ¹⁷
1762 932 1825 969 est,
1853 924 1957 971 qua¹8
1986 929 2143 965 Naevius,

197 978 344 1019 Plautus,
372 978 506 1021 Ennius,
534 979 693 1023 Virgilius
719 985 852 1024 poetae,
881 992 920 1013 ex
947 981 1132 1013 oratoribus
1160 980 1348 1020 Gracchus,
1376 979 1460 1012 Cato
1476 976 1498 995 ¹⁰
1525 979 1579 1014 vel
1602 980 1724 1014 caeteri
1746 979 1941 1013 effulserunt
1952 975 1985 1012 ²⁰.
2023 979 2140 1019 Mina,

196 1042 283 1073 quae
312 1034 389 1074 post
415 1030 591 1073 imperium
620 1031 713 1063 latius
746 1036 937 1075 promotum
965 1032 1060 1064 simul
1094 1043 1169 1065 cum
1205 1033 1350 1064 moribus
1386 1036 1417 1063 et
1448 1030 1637 1063 hominibus
1666 1031 1698 1063 in
1725 1032 1912 1064 Romanam
1941 1031 2106 1064 civitatem
2119 1027 2141 1047 ²¹

197 1082 334 1126 irrupit,
363 1081 584 1126 integritatem
613 1083 704 1114 verbi
730 1094 792 1126 per
814 1083 1031 1116 soloecismos
1059 1089 1091 1116 et
1118 1084 1339 1115 barbarismos
1368 1093 1594 1126 corrumpens

361 1131 396 1164 8.
450 1132 575 1165 Omnes
603 1139 712 1165 autem
741 1134 886 1167 Orientis
913 1140 1029 1179 gentes
1041 1131 1066 1151 ²²
1092 1135 1125 1166 in
1158 1140 1292 1178 gutture
1327 1135 1475 1178 linguam
1514 1139 1546 1166 et
1575 1129 1712 1164 verba²³
1739 1133 1920 1171 collidunt,
1961 1134 2044 1166 sicut
2070 1133 2143 1165 He-

197 1183 289 1215 braei
317 1187 349 1215 et
369 1183 453 1226 Syri.
508 1183 633 1216 Omnes
661 1185 922 1218 mediterraneae
949 1190 1064 1229 gentes
1090 1186 1122 1217 in
1150 1182 1297 1228 palato²⁴
1324 1182 1544 1217 sermonem²⁵
1572 1184 1701 1224 feriunt,
1729 1185 1812 1218 sicut
1828 1184 1949 1217 Graeci
1977 1190 2009 1217 et
2024 1184 2141 1217 Asiani.

196 1234 322 1267 Omnes
350 1233 542 1267 Occidentis
567 1241 684 1279 gentes
712 1236 811 1268 verba
837 1236 869 1267 in
896 1236 1049 1268 (lentibus
1076 1236 1250 1280 frangunt,
1278 1237 1360 1268 sicut
1387 1236 1461 1267 ltali
1487 1241 1518 1268 et
1545 1235 1697 1278 Hispani.

361 1284 394 1317 9.
449 1286 552 1328 Syrus
575 1292 607 1318 et
629 1286 822 1319 Chaldaeus
843 1287 966 1320 vicinus
989 1287 1148 1319 Hebraeo
1173 1292 1221 1319 est
1248 1284 1311 1319 in²⁸⁵
1337 1298 1500 1327 sermone,
1528 1282 1742 1319 consonans²¹
1770 1287 1802 1317 in
1823 1285 1990 1329 plerisque
2012 1291 2045 1318 et
2067 1285 2142 1318 lite-

196 1347 306 1370 rarum
330 1347 420 1368 sono.
450 1337 598 1377 Quidam
626 1343 735 1370 autem
763 1339 963 1372 arbitrantur
989 1339 1137 1384 linguam
1151 1335 1175 1355 ²⁸
1198 1339 1304 1382 ipsam
1327 1350 1397 1371 esse
1422 1337 1645 1377 Chaldaeam,
1673 1336 1750 1380 qnia
1770 1336 1944 1369 Abraham
1971 1337 2014 1369 de
2037 1336 2143 1370 Chal-

196 1387 286 1422 daeis
313 1388 384 1422 fuit.
439 1388 541 1429 Quod
569 1389 594 1423 si
621 1389 690 1425 hoc
714 1390 882 1435 recipitur,
910 1390 1084 1436 quomodo
1112 1390 1143 1423 in
1165 1390 1304 1424 Daniele
1325 1390 1474 1423 Hebraei
1500 1389 1596 1434 pueri
1623 1389 1783 1433 linguam,
1811 1399 1912 1431 quam
1939 1386 2143 1429 noverant‘ffl,

196 1439 312 1473 doceri
336 1439 516 1473 iubentur?

362 1490 420 1522 10.
474 1490 619 1525 Omnem
646 1496 757 1525 autem
778 1492 927 1537 linguam
948 1492 1168 1536 unusquisque
1192 1491 1364 1524 hominum
1391 1492 1458 1524 sive
1485 1491 1664 1531 Graecam,
1690 1490 1757 1523 sive
1783 1490 1945 1531 Latinam,
1972 1490 2039 1523 sive
2066 1500 2144 1523 cae-

196 1546 341 1574 terarum
367 1542 517 1586 gentium
545 1547 600 1576 aut
627 1543 794 1576 audiendo
818 1549 928 1589 potest
960 1550 1088 1585 tenere,
1124 1548 1179 1577 aut
1205 1543 1371 1589 legendO‚
1405 1547 1460 1574 aut
1473 1539 1497 1558 ³⁰
1524 1554 1563 1574 ex
1592 1546 1812 1586 praeceptore
1840 1541 2003 1586 accipere.
2056 1540 2143 1574 Cum

197 1597 306 1625 autem
335 1593 482 1626 omnium
510 1595 697 1639 linguarum
718 1596 851 1628 scientia
876 1595 1019 1628 difficilis
1038 1595 1076 1627 sit
1096 1591 1293 1638 cuiquam³¹,
1321 1604 1418 1626 nemo
1441 1598 1550 1625 tamen
1577 1598 1645 1625 tam
1674 1593 1857 1625 desidiosus
1884 1597 1942 1634 est,
1969 1598 2005 1625 ut
2030 1593 2063 1625 in
2085 1604 2143 1625 sua

196 1648 299 1688 gente
321 1645 446 1687 positus
465 1657 542 1679 suae
564 1647 672 1691 gentis
691 1647 839 1692 linguam
861 1648 994 1681 nesciat.
1035 1647 1122 1680 Nam
1150 1646 1230 1691 quid
1253 1646 1342 1681 aliud
1363 1644 1530 1689 putandus
1553 1650 1611 1685 est,
1631 1644 1691 1677 nisi
1711 1644 1905 1676 animalibus
1926 1639 2058 1676 brutis⁸⁹
2080 1643 2141 1676 de-

197 1696 320 1728 terior?
351 1696 414 1729 llla
434 1697 520 1731 enim
542 1699 682 1743 proprie
702 1699 794 1732 vocis
815 1698 997 1732 clamorem
1020 1699 1218 1745 exprimunt,
1238 1697 1296 1730 iste
1318 1697 1474 1737 deterior,
1495 1696 1551 1739 qui
1573 1695 1731 1742 propriae
1753 1695 1888 1740 linguae
1908 1699 2000 1729 caret
2019 1695 2140 1728 notitia.

286 1794 314 1833 1)
337 1796 383 1824 Sic
405 1796 462 1824 Gu.
479 1800 503 1828 1.
527 1814 567 1818 —-
597 1797 682 1835 Vulg.
713 1798 830 1827 obscur.
854 1804 951 1828 sanct.
976 1800 1078 1839 scrt‘pt.
1105 1815 1145 1819 —

201 1838 416 1866 auctoritatem
440 1840 470 1867 Z.
494 1841 708 1868 auctoritatem
732 1842 779 1869 val
801 1842 1015 1870 olmczzrilcztcnz
1038 1851 1083 1870 va.
1107 1859 1143 1862 —

200 1889 360 1906 sacrarum
385 1881 414 1910 Z.
441 1898 476 1902 —-
504 1888 529 1909 ct
553 1888 621 1921 post
644 1882 723 1911 unde
745 1894 802 1912 om.
825 1894 870 1912 vn.
894 1901 935 1905 —
964 1883 993 1923 2)
1017 1884 1066 1911 Sic
1091 1883 1146 1912 Gu.

203 1924 229 1952 1.
243 1924 270 1953 2.
288 1922 343 1949 nisi
367 1923 446 1960 quod
462 1923 566 1952 vitiose
582 1925 655 1952 (lum
670 1937 724 1964 pro
749 1933 873 1956 tum.—
897 1926 980 1964 Vulg.
1003 1928 1031 1953 ai
1055 1936 1148 1964 quam,

202 1962 272 1994 dub.
294 1979 336 1987 -.
358 1967 385 2001 3)
407 1971 431 1992 a
455 1966 558 1995 addidi
582 1977 596 1997 e
616 1969 648 1998 z.
676 1969 732 1999 Gu.
754 1973 780 2001 ι.
797 1972 824 2000 2.
848 1979 895 1999 va.
921 1969 1027 1998 Ar.—
1048 1968 1077 2006 ⁴1)
1102 1979 1148 1998 ‘⁷⁶’-

201 2004 279 2034 nodo
304 2006 359 2035 Gu.
376 2009 407 2037 2.
440 2008 541 2036 tenedo
564 2019 609 2038 va.
631 2010 736 2040 cenedo
762 2012 792 2041 Z.
818 2022 864 2050 pr.
889 2012 1020 2041 coenolio
1045 2011 1100 2039 Gu.
1123 2014 1147 2041 1.

203 2065 239 2070 —-
265 2046 294 2088 5)
319 2059 381 2086 qua
403 2049 540 2079 videlicet
562 2053 758 2082 Allzenienscs
783 2056 833 2083 usi
855 2054 891 2083 al.
921 2071 961 2076 -—
990 2054 1020 2090 6)
1049 2054 1149 2082 ,Siculi

202 2090 308 2120 Ar.—-
324 2091 362 2121 al·
385 2097 412 2119 et
429 2103 545 2131 persae.
562 2110 599 2117 ’-
625 2096 654 2131 7)
678 2096 726 2125 Sic
749 2097 865 2137 scripsi,
890 2107 957 2125 cum
980 2096 1010 2125 in
1034 2097 1065 2126 Ζ.
1091 2098 1146 2124 Gu-

204 2136 232 2165 1.
254 2136 283 2165 2.
304 2133 342 2164 al.
363 2144 411 2173 pr.
436 2145 483 2163 va.
515 2140 591 2165 essct
611 2138 752 2168 Amasti.
784 2155 826 2162 κ·-
859 2139 945 2176 Vulg.
966 2139 1084 2167 Aeoles.
1108 2154 1147 2159 —

203 2176 281 2206 colos
302 2177 352 2206 vel
368 2177 491 2206 colia-tas
514 2178 551 2208 al.
576 2189 638 2216 qma
659 2186 731 2208 sunt
746 2181 852 2209 Aeetes
874 2181 970 2209 locuti
996 2181 1092 2210 AL·-
1116 2182 1145 2217 3)

203 2218 254 2248 Sic
268 2219 325 2249 Gu.
342 2222 368 2251 1.
382 2221 412 2249 2.
428 2220 476 2250 Ar.
496 2220 626 2258 dispari.
640 2222 721 2259 vulg.
735 2239 775 2244 —
798 2221 827 2262 9)
853 2225 960 2251 vetusti
980 2223 1016 2253 al.
1036 2240 1077 2247 —-
1100 2224 1146 2261 10)

206 2262 255 2288 usi
283 2266 353 2289 eunt
377 2262 408 2289 Z.
438 2279 473 2284 -—
507 2265 551 2299 11)
582 2263 669 2301 vulg.
692 2265 797 2295 vitiose
821 2265 968 2301 habeant,
998 2275 1087 2303 quum
1116 2266 1145 2295 in

205 2303 343 2331 omnibus
364 2303 447 2334 libris
470 2305 507 2334 sit
528 2305 645 2336 lmbcnt.
665 2322 708 2329 --
736 2306 783 2345 12)
804 2308 988 2337 ,subdam-mn
1012 2308 1066 2338 Gu.
1085 2312 1146 2341 1.2.

207 2363 243 2366 —
270 2344 313 2384 13)
346 2346 434 2374 Tasci
457 2348 486 2375 Z.
512 2348 569 2377 Gu.
588 2350 618 2379 2.
646 2358 691 2386 pr.
715 2358 760 2377 va.
783 2349 821 2377 al.
854 2367 895 2371 —
931 2349 975 2387 14)
1004 2356 1030 2377 et
1062 2352 1148 2378 celeri

206 2388 235 2414 Ζ.
261 2388 318 2417 Gu.
338 2391 362 2419 1.
382 2390 410 2419 2.
433 2390 470 2418 al.
492 2400 537 2429 pr.
562 2400 607 2418 va.
635 2406 676 2412 —-
708 2389 753 2430 15)
783 2392 814 2418 in
837 2393 951 2420 Latino
983 2393 1037 2420 Gu.
1054 2398 1077 2425 1.
1110 2393 1145 2421 al.

1189 1809 1234 1837 pr.
1251 1815 1291 1819 ——
1316 1798 1362 1834 15)
1379 1798 1427 1825 Sic
1446 1797 1502 1826 Gu.
1522 1799 1596 1828 1.-
1609 1796 1739 1832 fuerunt
1757 1796 1839 1832 vulg.
1852 1811 1893 1816 —
1912 1792 1956 1834 17)
1971 1794 2020 1823 Sic
2038 1795 2068 1823 Z.
2085 1795 2139 1823 Gn,

1192 1845 1220 1872 1.
1237 1843 1265 1872 2.
1289 1850 1334 1867 va.
1356 1840 1406 1868 Ar.
1427 1844 1515 1877 gesta
1536 1838 1618 1875 vulg.
1639 1855 1673 1859 —-
1702 1841 1747 1873 13)
1771 1838 1820 1866 Sic
1842 1847 1888 1866 va.
1913 1838 1960 1867 Ar.
1984 1847 2048 1866 var.
2073 1838 2138 1866 lect.

1191 1894 1236 1922 ap.
1260 1882 1349 1911 Goth.
1374 1892 1450 1920 quae
1473 1882 1529 1909 Gu.
1547 1883 1572 1911 1.
1596 1891 1687 1918 quam.
1708 1880 1788 1917 vulg.
1819 1896 1860 1902 —-
1890 1879 1936 1919 19)
1967 1880 2017 1910 Sic
2037 1880 2095 1910 Gu-
2113 1882 2140 1910 1.

1191 1942 1231 1947 —-
1256 1925 1340 1963 Vulg.
1366 1924 1523 1952 Gracchus
1544 1928 1568 1950 et
1589 1923 1699 1950 Cccero.
1724 1924 1754 1952 Z.
1778 1923 1833 1951 Gu.
1849 1925 1877 1952 2.
1902 1932 1948 1951 Va.
1972 1923 2022 1952 Ar.
2044 1923 2139 1953 Grac-

1192 1968 1268 1999 clzas
1290 1973 1316 1997 et
1342 1967 1415 1997 Cato
1438 1972 1463 1994 et
1491 1966 1602 1997 Cicero.
1619 1981 1659 1988 —
1677 1964 1721 2004 w)
1746 1965 1793 1993 Sic
1812 1966 1867 1995 Gu.
1889 1967 1913 1995 1.
1928 1965 1966 1993 al.
1989 1975 2050 1993 var.
2073 1965 2139 1995 leel.

1194 2021 1241 2049 ap.
1265 2009 1355 2041 Goth.
1379 2020 1424 2039 va.
1450 2007 1622 2048 effitclerzmt
1645 2008 1725 2046 vulg.
1748 2009 1864 2046 scripta
1888 2017 1944 2035 sua
1967 2006 2138 2046 effuderunt

1193 2054 1242 2082 Ar.
1269 2070 1305 2077 -—
1330 2056 1374 2086 91)
1399 2053 1431 2080 in
1454 2053 1535 2079 civ-it.
1560 2051 1646 2078 Rom.
1670 2050 1702 2079 Z.
1732 2067 1773 2071 —
1805 2051 1850 2086 22)
1878 2055 1981 2089 gente-5·
2007 2050 2139 2077 Orientis

1192 2096 1222 2125 Z,
1248 2114 1285 2121 --
1309 2095 1354 2132 23)
1379 2100 1405 2125 et
1429 2095 1460 2122 in.
1483 2093 1570 2121 verba
1593 2093 1685 2123 Gu,1.
1701 2109 1741 2113 -—
1766 2090 1812 2131 ⁰24)
1836 2093 1869 2119 ἱιι
1886 2092 2031 2129 palatum
2053 2092 2139 2120 al.—

1191 2136 1239 2177 2‘5)
1260 2137 1310 2168 Sic
1331 2138 1386 2167 Giu.
1403 2139 1429 2167 1.
1452 2147 1598 2165 sermones
1620 2135 1701 2173 vulg.
1718 2150 1755 2156 -
1779 2137 1821 2168 26)
1844 2135 1878 2161 in
1901 2144 1959 2162 om.
1979 2135 2036 2164 Gu.
2050 2136 2077 2164 2.
2092 2144 2137 2172 pr.

1190 2190 1237 2210 va.
1260 2180 1329 2211 edit,
1353 2179 1442 2209 Goth.
1465 2195 1497 2200 -
1525 2177 1570 2218 027)
1594 2183 1636 2207 est
1666 2177 1734 2208 add.
1756 2177 1785 2204 Z.
1816 2192 1858 2197 —
1891 2176 1936 2215 28)
1967 2177 2139 2207 IIebraoam

1191 2222 1259 2254 add.
1278 2222 1325 2252 Ar,
1342 2239 1378 2245 -
1403 2224 1449 2257 59)
1472 2232 1566 2260 quam
1588 2231 1646 2248 non
1670 2223 1816 2249 noverant
1836 2219 1867 2246 Z.
1890 2229 1935 2257 pr.
1959 2218 2007 2249 Ar,
2024 2235 2066 2241 —-
2087 2218 2136 2256 30)

1191 2270 1248 2294 aut
1271 2275 1326 2292 om.
1349 2265 1403 2294 Gn.
1423 2268 1448 2297 1.
1465 2267 1492 2294 2.
1516 2278 1556 2284 -
1579 2265 1628 2301 31)
1653 2263 1700 2290 Sic
1723 2262 1754 2291 Z.
1778 2262 1833 2289 Gu.
1854 2264 1878 2291 1.
1893 2264 1923 2293 2,
1948 2271 1994 2290 va.
2011 2277 2051 2285 --
2067 2261 2137 2288 cui-

1190 2317 1285 2348 quam
1305 2309 1345 2336 sit
1369 2307 1448 2344 vulg.
1475 2308 1515 2334 sit
1539 2315 1595 2335 om.
1619 2315 1665 2343 pr.
1689 2321 1730 2329 «-
1751 2303 1797 2342 3Ξ)
1821 2303 1870 2333 Sic
1886 2304 1941 2333 Gu.
1961 2306 1987 2335 1.
2004 2303 2051 2331 Ar.
2069 2313 2135 2333 mss.

1188 2349 1308 2388 gothici.
1332 2366 1372 2370 —
1396 2349 1478 2387 Vulg.
1503 2348 1688 2377 animalium
1710 2347 1876 2374 brutorum.
1895 2363 1930 2368 -
1955 2348 2000 2380 33)
2016 2344 2090 2374 dum
2105 2346 2135 2373 Z.

1190 2393 1285 2420 Locus
1311 2396 1353 2421 est
1376 2392 1483 2421 Genes.
1506 2394 1519 2421 1
1534 2413 1541 2427 ,
1565 2392 1593 2421 3.
1629 2405 1671 2411 -
1709 2388 1758 2428 34)
1782 2389 1830 2417 Sic
1854 2389 1885 2418 Z.
1909 2388 1965 2417 Gu.
1983 2391 2009 2419 1.
2026 2390 2056 2418 2.
2087 2388 2134 2416 Ar.
