2255 2819
235 97 310 133 568

852 204 997 238 CAP.
1051 205 1091 238 X.

1177 206 1260 238 De

942 86 1118 121 ISIDORl
1145 86 1325 121 HISPAL.
1352 87 1494 122 EPISC.

1315 205 1582 250 fundis.

404 288 436 320 l.
490 283 608 317 Funda
635 281 725 314 dicta
753 291 811 321 eo,
847 282 939 324 quod
969 278 1030 315 ex¹
1061 277 1123 314 ea²
1151 281 1332 314 fundantur
1358 282 1508 327 lapides,
1540 284 1574 316 id
1609 290 1657 317 est
1684 279 1903 318 emittantur3.

403 347 435 379 2,
491 338 637 376 ΒειΙίείτι4
665 353 770 386 genus
797 342 967 382 tormenti,
1003 343 1046 374 ab
1077 342 1259 374 emittendo
1296 343 1405 375 iacula
1439 343 1547 383 dicta,
1587 341 1734 389 βάλλειν
1760 344 1846 376 enim
1875 343 2008 377 Graece
2035 339 2189 377 mittere⁵

265 404 271 410 “
296 402 368 433 itur.

239 404 445 489 l'ldlidibalus‚
472 446 564 490 quasi
588 445 729 477 fundens
756 450 788 478 et
816 445 963 479 emittens
976 442 995 479 ⁷.

238 501 438 538 umbonibus
464 499 549 531 inter
574 508 608 530 se
635 497 801 541 colligatis
813 494 834 529 ⁸.

851 581 879 615 C
905 583 936 615 A
963 583 1000 614 P.
1055 582 1114 616 XI.

429 396 622 437 Torquetur
649 394 735 425 enim
763 393 902 426 verbere
929 405 1124 433 nervorum,
1171 399 1203 426 et
1230 405 1354 438 magua
1381 395 1412 426 vi
1438 394 1515 428 iacit
1543 400 1598 427 aut
1624 395 1749 435 basum,
1788 401 1843 428 aut
1870 406 1956 427 saxa.

1050 445 1176 478 Contra
1204 445 1354 478 balistam
1383 446 1514 479 testudo
1540 446 1638 481 valet.

2025 392 2129 427 lnde⁶
2156 399 2189 427 et

1698 447 1806 480 Series
1834 447 1921 480 enim
1948 446 1985 479 fit
2019 457 2188 479 armorum

1191 581 1272 615 De
1324 583 1573 616 ariete.

403 662 436 694 l.
490 659 594 693 Arieti
621 669 742 691 nomen
769 660 896 703 species
926 659 1036 700 dedit,
1079 671 1120 692 eo
1149 659 1241 703 quod
1269 670 1346 692 cum
1374 659 1500 703 impetu
1528 659 1685 703 impingit
1719 670 1847 692 murum
1874 660 1907 692 in
1935 659 2074 692 modum
2103 661 2189 693 arie-

238 726 308 752 tum
335 712 566 760 pugnantium.

637 709 778 742 validae
805 712 892 743 euim
920 723 959 744 ac
987 711 1134 743 nodosae
1162 712 1289 744 arboris
1317 718 1418 754 caput
1452 711 1541 743 ferro
1578 711 1729 751 vestitur,
1773 722 1879 754 eaque
1915 722 2073 754 suspensa
2102 711 2190 744 funi-

238 765 320 804 bus⁹
360 766 539 799 multorum
582 758 719 794 manum
758 761 800 794 ad
846 774 976 794 murum
1020 763 1227 806 impellitur,

1288 762 1409 795 deinde
1457 768 1638 795 retrorsum
1686 760 1820 794 ducta¹¹
1869 763 1985 794 maiori
2024 759 2190 806 impetu¹²

240 821 444 855 destinatur,
489 815 601 856 sicque
635 813 758 846 crebris
791 814 910 846 ictibus
945 825 1142 847 concussum
1179 815 1264 846 muri
1300 814 1382 846 latus
1418 814 1531 856 cedit,
1582 819 1801 856 cavatumque
1833 813 1984 858 irrumpit
2019 826 2058 848 ac
2093 815 2189 847 fene-

239 880 339 908 stram
372 868 451 901 facit
463 862 496 900 ¹³.

406 927 440 961 2.
494 924 619 958 Contra
646 924 826 967 impulsum
855 924 961 957 arietis
989 925 1173 958 remedium
1201 930 1249 957 est
1276 935 1388 958 saccus
1416 925 1521 968 paleis
1549 926 1686 969 plenus,
1715 930 1747 958 et
1766 925 1799 957 in
1827 936 1901 957 eum
1928 925 2039 958 locum
2067 925 2190 957 demis-

241 995 312 1022 sus,
355 991 423 1023 quo
438 974 460 994 ¹⁴
491 977 572 1008 aries
606 976 756 1019 percutit.

241 1028 362 1068 enim¹⁷
390 1028 597 1063 mollioribus
624 1027 755 1059 facilius
783 1026 915 1060 cedunt.

823 976 916 1008 Lax‘o
946 977 1031 1008 enim
1060 988 1232 1010 saccorum
1248 972 1271 993 ¹5
1298 977 1367 1009 sinu
1400 977 1482 1009 ictus
1500 973 1522 993 ¹⁶
1557 978 1664 1010 arietis
1691 977 1793 1009 illisus
1820 977 1976 1009 mollitur.

2048 976 2190 1009 Duriora

408 1089 440 1121 3.
493 1086 603 1120 Plutei
631 1090 704 1119 sunt
731 1091 837 1118 crates
865 1088 957 1119 corio
986 1087 1091 1120 crudo
1119 1083 1316 1128 intextaeffl,
1352 1098 1438 1129 quae
1465 1087 1497 1118 in
1526 1098 1630 1131 opere
1658 1087 1815 1120 faciendo
1843 1087 1931 1120 hosti
1956 1085 2165 1121 obiiciuntur.

406 1148 439 1181 4.
494 1146 666 1178 Musculus
694 1146 848 1179 cuniculo
877 1146 988 1179 similis
1015 1142 1104 1187 sitm,
1133 1158 1200 1190 quo
1228 1158 1340 1180 murus
1366 1147 1573 1191 perfoditur,
1601 1158 1640 1179 ex
1668 1157 1735 1191 quo
1764 1152 1795 1179 et
1822 1147 2012 1191 appellatus
2023 1143 2064 1187 ²⁰,
2099 1146 2191 1190 quasi

242 1201 447 1240 murusculus
457 1195 490 1231 ²¹.

825 1273 854 1306 C
881 1274 910 1306 A
940 1274 975 1306 Ρ.
1029 1273 1103 1305 Xll.

1183 1274 1265 1306 De
1318 1273 1613 1318 clypeis.

408 1353 440 1385 l.
495 1350 644 1395 Clypeus
672 1354 719 1382 est
745 1354 872 1382 scutum
901 1350 1023 1389 maius.
1052 1350 1158 1382 dictus
1185 1351 1227 1382 ab
1256 1362 1296 1383 eo
1324 1350 1417 1393 quod
1446 1349 1575 1392 clepet,
1603 1349 1637 1381 id
1666 1354 1713 1382 est
1742 1346 1863 1382 celet²²
1891 1360 2030 1393 corpus,
2058 1349 2192 1393 pericu-

243 1409 348 1450 lisque
375 1404 555 1443 subducat,
588 1398 661 1436 α’πό
688 1402 756 1435 τοῦ
777 1398 985 1436 κλίπτεινᾞ.

244 1459 357 1493 munit.

409 1515 441 1547 2.
496 1516 634 1546 Scutum
645 1510 669 1529 ²²
697 1514 915 1557 appellatum,
944 1524 983 1545 eo
1011 1512 1102 1556 quod
1132 1525 1150 1545 a
1177 1511 1245 1546 se‘s'
1273 1513 1415 1546 excutiat
1443 1512 1584 1544 telorum
1608 1512 1719 1546 ictum.

245 1576 317 1611 tur,
344 1567 482 1611 clypeus
510 1565 699 1597 autefertur.

345 1619 461 1653 Umbo
488 1617 570 1650 scuti
597 1627 673 1660 pars
700 1616 810 1648 media
839 1620 903 1656 est,
931 1615 1025 1659 quasi
1053 1615 1237 1649 umbilicus.

1041 1401 1226 1444 Oppositus
1255 1403 1340 1434 euim
1369 1413 1426 1434 sua
1454 1401 1649 1434 defensione
1677 1402 1719 1434 ab
1747 1400 1848 1433 hastis
1876 1406 1908 1433 et
1934 1401 2048 1433 iaculis
2071 1412 2192 1445 corpus

410 1456 558 1499 Clypeus
582 1458 692 1485 autem
720 1453 871 1496 peditum
900 1458 965 1492 est,
994 1458 1121 1486 scutum
1151 1455 1309 1496 equitum.

1774 1511 1821 1545 Ut
1848 1512 1934 1545 euim
1961 1511 2035 1544 telis
2062 1511 2191 1544 resista-

412 1678 444 1710 3.
498 1677 616 1710 Ancile
647 1681 784 1709 vocatur
795 1672 819 1692 ²⁰
843 1680 971 1709 scutum
998 1677 1099 1708 breve
1126 1680 1158 1708 et
1185 1675 1382 1717 rotundum,
1411 1674 1454 1707 de
1482 1685 1549 1718 quo
1560 1670 1584 1690 ²⁷
1613 1669 1823 1717 virgilius‘ffi:

639 1736 762 1769 Laeva
773 1732 797 1752 ²⁹
830 1736 945 1769 ancile
979 1735 1142 1780 gerebat.

334 1856 360 1890 1)
383 1863 414 1880 cx
437 1863 492 1881 om.
519 1853 576 1883 Gu.
600 1856 625 1884 1.
654 1869 692 1874 --
723 1855 750 1889 2)
773 1864 806 1880 etz
831 1864 884 1892 pro
908 1865 938 1881 eo
963 1854 1019 1883 Gu.
1047 1856 1073 1884 1.
1097 1855 1124 1883 2·
1149 1853 1199 1881 Ar·

249 1913 290 1919 -—
314 1907 346 1923 ex
365 1907 394 1922 se
412 1894 528 1931 sundal
546 1906 588 1924 va.
605 1911 645 1918 ·—·
668 1899 695 1929 3)
712 1897 829 1923 emittat
846 1907 891 1925 va.
916 1913 951 1917 —-
980 1897 1023 1923 Al.
1042 1896 1109 1925 add,
1128 1897 1198 1922 ll..-

250 1949 320 1966 rltm
342 1948 417 1966 usas
435 1939 568 1974 primum,
590 1940 622 1966 in
645 1939 771 1972 insulis,
811 1949 888 1975 (luae
917 1939 1064 1967 Baleares
1088 1938 1199 1965 ‹licun-

602 1982 752 2017 sog-dms
777 1978 851 2019 (Ge.
880 1982 908 2017 I,
941 1981 1032 2019 308.)
1057 1980 1199 2008 Bassaris

251 1988 320 2017 tar,
344 1982 481 2008 inventu-s-
504 1982 552 2008 ist.

252 2024 372 2052 verbera
393 2021 528 2059 smzzlac.
556 2038 597 2043 —-·
639 2024 666 2061 4)
692 2024 829 2051 Ballmta
858 2025 906 2052 ΑΓ.
941 2039 982 2045 —-
1017 2022 1045 2061 5)
1072 2025 1202 2050 erubuere

251 2077 299 2095 va,
325 2082 361 2087 —
399 2066 428 2101 6)
454 2064 531 2091 unde
553 2065 583 2094 Z.
616 2081 656 2086 —
691 2065 720 2103 7)
743 2068 834 2102 quasi
859 2065 965 2102 funda
994 2068 1130 2093 emittens
1154 2076 1200 2095 va.

253 2125 292 2130 —
317 2108 348 2147 S)
371 2107 419 2135 Sic
443 2108 473 2136 Z.
504 2107 560 2134 Gu.
586 2109 612 2136 1.
635 2110 662 2138 2.
686 2117 733 2136 va.
758 2109 806 2137 Ar.
829 2125 868 2130 —
903 2109 1033 2136 collectis
1056 2109 1136 2145 vulg.
1164 2125 1198 2129 -

253 2155 280 2184 9)
301 2152 370 2187 fun.
397 2160 481 2187 stc-sp.
512 2158 558 2178 va.
584 2164 623 2168 —
661 2150 705 2185 lo)
728 2160 838 2177 manas
865 2161 911 2179 va.
937 2169 974 2173 -—
1008 2154 1051 2185 ll)
1075 2150 1201 2178 reducta

255 2196 311 2222 Gu.
338 2197 364 2222 1.
390 2207 426 2213 —
461 2190 504 2228 12)
527 2191 574 2217 Sic
595 2191 626 2218 Z·
650 2192 704 2217 GU·
725 2195 749 2222 1.
766 2195 796 2223 2.
815 2194 865 2224 Ar,
890 2210 927 2214 —-
952 2195 1063 2230 [mpelzc
1088 2204 1202 2221 mamre

255 2235 337 2272 vulg.
368 2250 409 2255 —-
443 2236 488 2268 13)
519 2234 686 2269 irrupturis
710 2234 774 2268 fen,
802 2236 867 2271 sm»,
897 2235 947 2262 Ar,
979 2251 1016 2256 ...
1051 2236 1092 2273 14)
1119 2246 1204 2274 quem

257 2281 305 2308 Ar„
337 2294 371 2298 --
411 2278 455 2311 15)
477 2285 622 2302 saxorum
646 2275 676 2301 Z.
700 2284 745 2301 va.
768 2291 808 2296 —
838 2276 881 2313 16)
905 2279 1005 2304 iactas
1029 2278 1058 2304 Z.
1086 2295 1124 2299 --
1157 2276 1203 2318 17)

256 2322 335 2349 enim
357 2329 414 2347 om.
440 2318 495 2345 Gu.
516 2321 540 2348 1.
566 2335 602 2339 —
628 2319 671 2353 15)
695 2319 820 2344 intectae
843 2319 892 2347 Ar.
918 2337 954 2341 —
980 2321 1084 2347 intexti
1106 2321 1138 2349 Z.
1163 2336 1205 2342 —

260 2363 302 2401 19)
332 2362 379 2391 Sic
404 2361 433 2389 Z.
458 2360 515 2389 Gu.
542 2363 567 2390 l.
588 2362 617 2391 2.
642 2368 686 2396 pr.
711 2369 757 2387 va.
784 2359 831 2387 Ar.
859 2376 897 2381 -—-
927 2367 969 2388 est
991 2362 1072 2399 vulg,
1097 2378 1134 2384 --
1158 2361 1203 2398 20)

1242 1852 1291 1880 Sic
1314 1852 1370 1880 Gu.
1395 1854 1420 1882 1.
1445 1867 1481 1872 —
1506 1850 1678 1889 appellatur
1700 1849 1780 1886 vulg.
1803 1865 1844 1871 —
1868 1853 1996 1876 vocatur
2019 1848 2049 1876 Z.
2075 1863 2110 1868 —-
2144 1847 2190 1884 21)

1243 1897 1318 1933 quia
1343 1904 1418 1922 mur.
1443 1899 1485 1921 «κει
1508 1894 1537 1923 Ζ,
1560 1909 1601 1914 --
1632 1891 1676 1931 22)
1700 1893 1777 1920 celat
1801 1902 1846 1920 va.
1865 1910 1903 1914 -—
1925 1891 1991 1919 Om.
2016 1894 2112 1918 autem
2134 1888 2192 1918 hoc

1243 1943 1337 1966 totum
1362 1941 1452 1975 caput
1475 1936 1541 1965 eod.
1565 1935 1672 1964 Zittav.
1701 1951 1740 1957 -—
1776 1937 1821 1969 23)
1853 1934 1920 1964 Om.
1946 1933 2057 1962 Graeca
2082 1943 2127 1971 pr.
2143 1941 2191 1960 va.

1241 1996 1283 2002 —
1305 1979 1350 2018 24)
1371 1985 1397 2006 et
1419 1984 1536 2007 scutum
1561 1979 1617 2006 Gu.
1640 1980 1664 2008 1.
1685 1994 1727 1999 -—
1749 1988 1790 2005 sc,
1811 1987 1878 2005 vero
1900 1986 1946 2006 va.
1967 1992 2009 1997 —
2037 1974 2083 2014 25)
2107 1984 2140 2002 ex
2161 1984 2192 2001 se

1245 2024 1301 2051 Gu.
1323 2026 1350 2054 2.
1373 2032 1417 2051 va.
1451 2037 1491 2042 ——
1525 2022 1572 2055 26)
1597 2026 1737 2048 vocatum
1760 2030 1805 2048 va.
1838 2035 1875 2040 —
1907 2016 1956 2057 27)
1980 2017 2058 2046 unde
2079 2027 2126 2047 va.
2152 2033 2190 2037 -

1244 2064 1290 2103 23)
1315 2066 1384 2092 Aen.
1409 2063 1481 2098 Vll,
1509 2064 1576 2094 188.
1605 2079 1647 2084 -
1680 2065 1725 2095 29)
1748 2063 1914 2099 Laeuaque
1937 2061 1987 2089 Ar.
2012 2075 2048 2079 —
2085 2061 2132 2096 30)
2155 2069 2192 2087 ac

1245 2118 1299 2146 pro
1323 2112 1349 2133 et
1373 2107 1429 2135 Gn.
1458 2109 1483 2136 1.
1510 2109 1538 2136 2.
1571 2115 1613 2143 pr.
1639 2116 1685 2134 va.
1714 2122 1755 2126 -
1785 2105 1834 2141 31)
1864 2104 1939 2132 Fast.
1970 2102 2026 2138 ΙΙΙ,
2055 2104 2127 2134 377.
2152 2116 2189 2127 -·÷

1245 2151 1291 2185 32)
1311 2149 1359 2176 Sic
1383 2149 1439 2176 Gu.
1457 2151 1483 2177 1.
1501 2152 1530 2179 2.
1548 2157 1592 2175 va.
1611 2148 1659 2176 Ar.
1683 2164 1724 2170 —
1746 2157 1891 2185 quemque
1912 2145 1991 2183 vulg.
2014 2161 2056 2167 -
2078 2153 2192 2182 quam-

1246 2202 1300 2230 que
1323 2201 1366 2229 pr.
1394 2208 1429 2211 -—-
1466 2192 1510 2221 33)
1536 2190 1584 2218 Sic
1610 2191 1666 2219 Gu.
1690 2194 1714 2221 1.
1738 2193 1766 2221 2.
1787 2190 1825 2218 al.
1850 2199 1895 2217 va.
1921 2204 1963 2209 ——
1994 2187 2088 2216 Cuius
2111 2185 2191 2223 vulg.

1246 2250 1287 2255 -
1308 2233 1356 2269 34)
1380 2234 1447 2270 fleg.
1472 2233 1528 2266 ΙΙΙ,
1563 2235 1617 2267 10,
1650 2235 1696 2264 16.
1726 2235 1772 2264 17.
1801 2247 1844 2253 —
1879 2231 1927 2267 35)
1956 2230 2004 2258 Sic
2029 2229 2084 2257 Gu.
2106 2230 2131 2257 1.
2153 2244 2188 2248 —

1246 2287 1279 2304 ex
1302 2286 1378 2302 auro
1407 2275 1536 2313 probato
1567 2275 1649 2312 vulg.
1678 2291 1719 2296 —
1752 2277 1798 2311 36)
1822 2274 1898 2309 Afri
1927 2283 1985 2301 om.
2018 2271 2073 2298 Gu.
2100 2273 2126 2300 l.
2149 2285 2191 2291 —

1246 2321 1292 2357 37)
1318 2318 1397 2355 Virg.
1422 2319 1492 2346 Aen.
1517 2317 1587 2354 Vll,
1611 2320 1682 2348 732.
1705 2333 1746 2338 —
1781 2316 1829 2352 38)
1853 2316 1940 2344 laeva
1964 2314 2019 2342 Gu.
2046 2316 2070 2343 1.
2093 2315 2120 2343 2.
2145 2322 2189 2340 va.

1247 2377 1287 2382 —
1308 2361 1354 2399 39)
1381 2366 1459 2388 cetra
1484 2361 1532 2388 Ar.
1556 2365 1588 2389 ut
1612 2370 1710 2397 supra.
1733 2375 1773 2380 -—
1797 2358 1841 2395 40)
1865 2358 1913 2385 Sic
1936 2355 1991 2383 Gu.
2013 2358 2039 2385 1.
2055 2370 2093 2375 —-
2111 2365 2190 2391 par-.-
