2255 2819
241 87 317 122 514
937 82 1114 116 lSlDORl
1139 83 1321 117 HISPAL.
1347 83 1493 119 EPISC.

406 178 440 212 8.
492 177 624 211 Ductile
652 180 760 207 autem
786 174 915 216 dicitur,
942 186 983 208 eo
1011 175 1104 218 quod
1131 176 1255 210 malleo
1283 177 1504 221 producatur,
1540 178 1622 212 sicut
1649 183 1766 211 contra
1790 178 1898 219 fusile,
1937 180 2030 222 quod
2059 186 2185 214 tantum

242 231 397 265 funditur.
452 227 547 262 Hoc¹
573 233 604 260 et
631 226 835 266 caldarium,
864 227 957 269 quod
986 232 1112 259 tantum
1138 228 1294 262 funditur.
1347 230 1431 260 Nam
1460 230 1586 263 malleis
1614 230 1736 275 fragile
1768 235 1823 263 est.
1878 231 2053 274 Siquidem
2087 243 2186 266 omne

241 295 295 316 aes
323 282 512 327 diligentins
540 278 689 323 purgatis
710 278 788 322 igne
815 278 896 310 vitiis
926 279 1137 322 excoctisque
1163 280 1319 324 regulare
1347 280 1499 313 eflicitur.

405 350 440 383 9,
495 347 703 390 Campanum
731 358 866 389 quoque
893 347 976 379 inter
1003 344 1151 391 genera²
1181 348 1264 380 aeris
1293 344 1528 392 computatur³
1564 362 1582 382 a
1607 349 1792 394 Campania
1827 348 1981 384 scilicet*
2013 351 2185 395 provincia

241 397 401 441 dictun1⁵,
429 410 514 442 quae
542 402 591 430 est
615 398 648 430 in
674 397 789 431 ltaliae
816 398 974 442 partibus,
1002 399 1191 432 utensilibus
1220 404 1252 432 et
1272 400 1355 432 vasis
1380 400 1531 433 omnibus
1556 401 1835 445 probatissimum.

407 467 463 500 10.
517 467 584 500 Aes
611 477 709 499 omne
729 467 856 511 frigore
876 479 999 513 magno
1026 467 1143 501 melius
1172 467 1329 501 funditur.
1384 470 1451 502 Aes
1481 470 1667 515 rubiginem
1695 471 1833 504 celerius
1860 469 1978 512 trahit,
2014 470 2075 503 nisi
2107 471 2184 504 oleo

238 524 478 565 perunguatur,
507 514 651 551 servari⁰
680 518 714 550 id
736 520 863 563 optime
891 521 989 552 etiam
1017 521 1049 552 in
1077 519 1203 562 liquida
1231 520 1307 563 pice
1334 520 1478 556 tradunt.

404 578 462 613 ll.
516 578 606 611 Inter
633 579 743 611 omnia
771 579 905 612 metalla
942 591 995 612 aes
1030 577 1295 614 vocalissimum⁷
1329 586 1394 621 est,
1429 586 1461 614 et
1490 580 1653 614 maximae
1686 583 1874 625 potestatis,
1914 582 1992 615 ideo
2021 587 2054 615 et
2082 593 2184 615 aenea

238 631 362 672 limina,
390 630 479 663 unde
508 634 540 662 et
567 627 764 674 virgiliusflz
1774 633 1777 637 '

467 678 529 713 111⁹
547 681 692 726 foribus
719 682 829 715 carelo
856 681 1028 714 stridebat
1056 682 1180 715 (thenis
1192 679 1226 717 ¹⁰.

237 735 467 778 Purgamenta
491 733 573 765 aeris
597 733 738 766 Cadmia
765 739 798 767 et
825 733 994 767 Chalcitis.
1043 733 1185 766 cadmia
1212 745 1350 779 aerugo,
1379 734 1539 768 Clialcitis
1566 734 1651 767 aeris
1677 731 1781 766 flos¹¹.

403 792 461 825 12.
517 792 658 825 cadmia
685 794 834 838 gignitur
860 794 892 825 in
919 793 1129 826 metallorum
1165 794 1248 827 aeris
1283 800 1383 837 atque
1417 795 1545 839 argenti
1582 794 1772 827 fornacibus
1805 791 1996 827 insidente¹²
2025 791 2184 828 nidore¹³.

237 845 390 887 Namque
416 849 450 876 ut
475 844 546 888 ipse
573 845 676 888 lapis,
708 857 747 878 ex
759 842 781 862 ¹⁴
805 857 872 889 quo
900 846 937 877 fit
963 856 1028 885 aes,
1051 844 1193 878 Cadmia
1220 851 1367 887 vocatur,
1395 848 1440 880 sic
1467 858 1577 879 rursus
1603 847 1637 878 in
1664 845 1855 879 fornacibus
1889 846 1993 878 existit
2021 851 2054 879 et
2079 846 2185 878 nomi-

237 892 321 928 nis¹⁵
348 896 399 929 sui
423 895 586 940 originem
608 897 735 941 recipit.

403 955 460 987 13.
513 956 608 988 Aeris
635 956 695 988 flos
723 957 770 997 fit,
797 967 853 988 seu
881 956 1032 999 gignitur
1058 956 1321 997 conflationibus,
1349 957 1494 989 resoluto
1518 961 1619 999 atque
1654 953 1851 1000 reliquato¹ss
1885 968 1977 998 aere,
2012 957 2185 1002 superfusa

237 1005 359 1050 frigida
370 1003 403 1039 ¹⁷.
457 1007 645 1051 Repentina
673 1008 759 1040 enim
787 1007 979 1040 densatione
1006 1012 1162 1051 tanquam
1191 1008 1234 1040 (le
1262 1016 1360 1052 sputo
1373 1006 1395 1024 ’Β
1422 1013 1594 1052 reparatur
1620 1009 1693 1043 flos,

969 1064 991 1084 ιο
2173 1055 2186 1075 ⁰

403 1065 459 1101 14.
512 1067 717 1111 Aeruginem
745 1078 880 1110 quoque
903 1079 958 1099 aes·
1026 1072 1126 1100 creat.
1179 1068 1264 1100 Nam
1300 1068 1442 1100 laminae
1477 1080 1596 1101 aereae
1631 1079 1730 1112 super
1769 1079 1824 1101 vas
1860 1068 1945 1102 aceti
1980 1058 2172 1113 asperrimi²

236 1116 406 1149 sarmentis
433 1119 675 1163 superpositae,
707 1123 807 1162 atque
834 1119 878 1151 ita
901 1119 1142 1160 distillantibus,
1164 1119 1257 1162 quod
1285 1131 1324 1152 ex
1353 1131 1393 1152 eo
1421 1116 1592 1159 cecidit²¹,
1618 1120 1652 1152 in
1678 1120 1788 1163 ipsum
1816 1125 1947 1153 acetum
1962 1116 1987 1137 ²²
2012 1121 2127 1153 teritur
2153 1121 2185 1152 et

236 1169 406 1202 cribratur.

849 1254 1145 1289 CAP.XX1.
1225 1254 1572 1300 Deserro.

402 1339 432 1372 l.
488 1339 629 1373 Ferrum
653 1340 790 1381 dictum,
815 1340 909 1383 quod
938 1340 1035 1380 farra,
1062 1340 1097 1373 id
1126 1345 1173 1372 est
1199 1341 1324 1373 semina
1348 1339 1484 1384 frugum
1520 1345 1628 1373 terrae
1660 1338 1793 1373 condat.
1846 1339 1941 1372 Idem
1978 1346 2011 1373 et
2044 1340 2185 1385 chalybs

236 1402 255 1422 a
288 1389 444 1434 chalybe
477 1391 630 1435 flumine,
667 1392 724 1424 ubi
757 1392 882 1424 ferrum
917 1393 1045 1437 optima
1078 1392 1150 1425 acie
1185 1396 1398 1436 temperatur.
1452 1388 1589 1425 Unde²³
1628 1392 1763 1425 abusive
1794 1390 1915 1424 dicitur
1942 1391 2081 1436 chalybs
2114 1393 2186 1437 ipsa

236 1442 397 1484 materies,
430 1447 482 1475 ut:

469 1494 484 1525 l
493 1492 727 1539 'almificusque
754 1490 942 1536 chalybs-²⁴.

403 1543 437 1578 2.
491 1545 584 1577 Ferri
612 1557 685 1577 usus
710 1550 785 1588 post
812 1545 876 1577 alia
901 1545 1034 1578 metalla
1061 1549 1212 1589 repertus
1237 1550 1295 1579 est.
1350 1545 1452 1578 Cuius
1479 1548 1596 1589 postea
1622 1556 1714 1577 versa
1750 1544 1782 1576 in
1804 1544 2027 1588 opprobrium
2049 1546 2184 1590 species,

236 1594 322 1627 Nam
349 1595 439 1627 unde
466 1595 598 1640 pridem
610 1593 635 1613 ²⁵
662 1597 758 1628 tellus
784 1597 997 1635 tractabatur,
1034 1597 1112 1629 inde
1141 1596 1242 1629 modo
1271 1608 1369 1630 cruor
1397 1596 1587 1629 effunditur.
1641 1596 1777 1629 Nullum
1812 1601 1923 1628 autem
1960 1607 2082 1640 corpus
2115 1602 2185 1631 tam

237 1645 344 1678 densis
370 1647 453 1680 inter
480 1659 514 1680 se
541 1647 798 1681 cohaerentibus
833 1654 865 1680 et
892 1649 1058 1692 implicitis
1095 1649 1287 1689 elementis,
1323 1660 1423 1692 quam
1459 1649 1602 1687 ferrum,
1636 1647 1724 1679 unde
1757 1647 1839 1679 inest
1871 1647 1920 1678 illi
1954 1647 2073 1680 duritia
2106 1660 2183 1682 cum

237 1696 374 1741 frigore.
428 1698 524 1731 Ferri
551 1704 662 1731 autern
694 1699 865 1732 metallum
894 1712 980 1744 pene
1008 1700 1133 1742 ubique
1160 1701 1343 1744 reperitur,
1378 1699 1436 1733 sed
1475 1711 1515 1732 ex
1542 1698 1695 1732 omnibus
1721 1698 1899 1743 generibus
1926 1699 2040 1742 palma
2066 1700 2183 1734 Serico

324 1812 353 1852 1)
378 1815 445 1843 Hoc
467 1821 493 1843 et
514 1816 609 1853 eald„
636 1816 721 1855 quod
743 1815 928 1854 tant.sund.
948 1828 1004 1845 om.
1027 1818 1057 1845 Z.
1080 1817 1135 1846 Gu.
1159 1819 1187 1848 2.
1232 1827 1294 1846 var.
1320 1818 1389 1846 lect.
1413 1827 1460 1856 ap.
1485 1815 1575 1845 Goth.
1606 1832 1646 1837 —-
1686 1817 1729 1851 13)
1751 1818 1847 1844 nitore
1869 1817 1899 1847 Z.
1930 1817 1966 1845 al.
1989 1827 2035 1847 va.
2061 1834 2098 1838 —
2137 1819 2182 1852 14)

237 1870 278 1877 —
310 1854 338 1894 2)
363 1857 445 1895 Vulg.
470 1862 572 1887 omnia
591 1871 669 1896 gen„
693 1859 744 1887 sed
768 1862 870 1887 omnia
895 1870 952 1888 orn.
977 1861 1007 1888 Z.
1040 1862 1094 1888 (iu.
1116 1863 1140 1890 1.
1160 1862 1188 1890 2.
1231 1871 1264 1888 ex
1291 1870 1347 1889 orn.
1371 1861 1401 1888 Z.
1425 1875 1467 1882 —
1506 1857 1550 1898 15)
1574 1859 1690 1886 nomini
1710 1859 1761 1887 Ar.
1791 1876 1832 1880 -
1873 1862 1915 1893 16)
1940 1859 1989 1888 Sic
2012 1860 2041 1889 Z.
2073 1860 2129 1888 Gu.
2156 1863 2182 1892 1.

238 1907 283 1926 va.
307 1914 349 1920 —
380 1902 407 1936 3)
432 1901 480 1928 Sic
503 1903 558 1931 Gu.
580 1905 605 1932 1.
626 1918 668 1923 —
697 1908 822 1930 vocatur
846 1903 926 1939 vulg.
951 1919 988 1922 ——
1021 1901 1051 1941 4)
1074 1903 1189 1929 scilicet
1232 1914 1278 1942 pr.
1303 1913 1348 1931 va.
1376 1904 1424 1931 Ar.
1447 1917 1488 1923 -·-
1510 1902 1628 1939 liquato
1650 1901 1731 1937 vulg.
1753 1917 1794 1923 —-
1820 1912 1886 1929 tzere
1907 1903 2059 1941 reliquato
2083 1903 2180 1933 Gu.2.

238 1940 341 1968 addidi
364 1951 378 1969 e
398 1943 428 1969 Ζ.
452 1943 507 1972 Gu.
529 1947 556 1974 1.
578 1947 606 1974 2.
628 1945 664 1974 al.
697 1961 735 1966 —
777 1948 803 1977 5)
828 1944 943 1972 dicium
965 1945 1069 1973 addidi
1093 1956 1106 1973 c
1131 1947 1187 1972 Gn,
1231 1962 1273 1967 ·—
1309 1948 1354 1981 17)
1387 1955 1469 1984 aqua
1493 1945 1560 1972 add.
1587 1944 1664 1979 vulg.
1685 1960 1728 1965 -—
1749 1944 1815 1973 Om.
1839 1945 1868 1974 Z.
1894 1945 1951 1974 Gu.
1979 1948 2004 1975 1.
2021 1948 2049 1976 2.
2068 1945 2117 1973 Ar.
2141 1961 2182 1966 —

241 1985 266 2014 1.
290 1999 332 2004 ·—
367 1983 395 2017 6)
415 1991 516 2012 antem
541 1986 608 2016 add.
632 1988 711 2025 vulg.
729 2003 770 2009 —
794 1989 858 2018 Om.
884 1989 941 2015 Gn.
966 1992 1001 2021 1.,
1027 1988 1078 2016 sed
1104 1987 1189 2016 exlri-
1234 1987 1276 2026 13)
1301 1988 1348 2015 Sic
1372 1988 1400 2017 Z.
1428 1988 1483 2015 Gu.
1512 1990 1535 2017 1.
1559 1989 1587 2018 2.
1611 1996 1657 2015 va.
1683 1987 1731 2014 Ar.
1758 2002 1795 2008 -·
1823 1998 1912 2015 succo
1945 1988 2026 2025 vulg.
2056 2004 2097 2008 —
2135 1989 2181 2024 19)

238 2025 289 2054 bet
311 2035 365 2064 pro
389 2035 421 2054 eo
446 2029 537 2054 etiam
558 2038 625 2056 cum
650 2030 705 2058 Gu.
729 2034 756 2061 2.
780 2029 913 2069 (laada)
945 2031 979 2058 al.
1005 2041 1048 2069 pr,
1079 2047 1120 2051 —
1158 2030 1189 2069 Τ)
1233 2031 1281 2059 Sic
1306 2032 1360 2058 (J'tr
1386 2036 1408 2060 l.
1433 2032 1461 2060 2.
1485 2045 1526 2050 --
1549 2040 1599 2056 <tes
1621 2040 1738 2068 quoque
1767 2030 1847 2067 vulg.
1870 2046 1913 2052 —-
1935 2041 1986 2058 aes
2008 2040 2064 2058 om.
2087 2030 2117 2059 Z.
2140 2045 2182 2051 —

238 2068 287 2096 Sic
316 2069 347 2098 Z.
373 2069 429 2098 Gn.
454 2072 478 2100 1.
499 2072 526 2099 2.
558 2070 606 2098 Ar.
630 2089 669 2092 —
702 2073 971 2100 1vocabuamimam
997 2083 1043 2101 va.
1074 2089 1114 2094 -—
1148 2075 1190 2100 vi·
1233 2084 1350 2112 quoque
1372 2083 1428 2101 om.
1451 2081 1497 2101 Vn.
1521 2088 1561 2094 —
1592 2072 1640 2112 20)
1667 2072 1715 2099 Sic
1739 2072 1794 2099 Gu·
1820 2075 1845 2102 1-
1865 2075 1894 2104 2.
1914 2073 1961 2102 Ar.
1982 2088 2023 2094 -
2042 2073 2183 2100 acerrimi

239 2110 392 2139 lissimam
415 2112 494 2146 vulg.
515 2127 556 2133 —
592 2112 619 2150 ὃ)
645 2114 716 2143 Aen.
743 2116 764 2149 l,
789 2116 859 2146 453.
882 2132 922 2137 --
952 2114 982 2154 9)
1010 2117 1058 2144 Sic
1087 2116 1144 2143 Gu.
1166 2119 1189 2146 1.
1234 2116 1313 2152 vulg·
1337 2132 1378 2137 —
1401 2126 1540 2152 asperum
1564 2116 1593 2142 Z.
1616 2131 1655 2136 -
1686 2113 1731 2152 21)
1752 2113 1864 2142 decidit
1887 2116 1917 2143 Z.
1940 2131 1981 2137 —-
2004 2115 2049 2153 ΕΞ)
2067 2117 2099 2143 in
2115 2117 2180 2153 ipso

239 2162 284 2191 pr.
307 2163 353 2181 va.
376 2170 417 2175 --
442 2155 527 2181 Hinc
551 2155 631 2191 vulg.
655 2156 733 2184 Nihil
757 2157 862 2185 horum
887 2158 975 2187 Arev.
998 2174 1039 2179 -—
1069 2157 1115 2197 10)
1140 2170 1189 2185 ‹zc-
1234 2164 1315 2186 nce-to
1347 2158 1375 2185 Z.
1400 2175 1439 2179 -—
1474 2156 1518 2195 23)
1542 2157 1626 2194 Vulg.
1650 2156 1729 2185 unde
1751 2162 1793 2187 et.
1819 2157 1870 2186 sed
1893 2164 1919 2186 et
1943 2168 1999 2185 om.
2024 2158 2079 2185 Gu.
2104 2160 2130 2187 1.
2150 2160 2179 2188 2-

240 2196 304 2223 nevis
324 2195 354 2223 Z.
379 2196 435 2224 Gur
462 2199 485 2227 1.
505 2198 534 2226 2.
558 2207 602 2234 pr.
622 2213 658 2218 —
702 2202 744 2231 11)
769 2200 816 2226 Sic
840 2200 925 2229 Arev.
955 2211 969 2228 e
994 2200 1125 2228 Dioscor.
1148 2216 1190 2222 —
1234 2211 1280 2229 va.
1308 2217 1342 2221 --
1369 2202 1416 2236 24)
1447 2200 1550 2237 virgil.
1575 2201 1647 2228 Aen.
1667 2199 1740 2235 Vlll,
1765 2200 1835 2231 446.
1857 2216 1899 2222 —
1927 2199 1974 2239 25)
1997 2200 2045 2228 Sic
2080 2199 2133 2228 Gn.
2153 2202 2179 2229 1.

241 2237 329 2275 Vulg.
355 2240 448 2277 Origo
474 2240 554 2266 (ceri-5·
580 2239 712 2267 Cadmia
735 2246 759 2267 et
783 2242 938 2272 Chalc-llus:
984 2241 1190 2279 Pntgtmnnla
1233 2258 1274 2264 ——
1291 2254 1346 2281 per
1369 2242 1444 2270 idun
1477 2244 1513 2270 al.
1539 2260 1575 2263 —
1604 2243 1694 2280 prius
1723 2243 1803 2280 vulg.
1829 2260 1869 2264 —
1909 2242 1954 2281 216)
1986 2244 2017 2270 in
2046 2241 2180 2269 vestibus

242 2282 322 2308 aeri-s*
361 2281 492 2309 Cadmia
524 2287 549 2308 et
584 2283 668 2320 origo
709 2288 733 2308 et
764 2285 843 2309 aeris>
869 2286 934 2321 slus
971 2295 1058 2322 quam
1095 2288 1190 2314 inter-

242 2323 356 2361 pretari
385 2334 446 2352 non
472 2333 602 2362 possum.
635 2340 671 2345 —
712 2324 756 2363 12)
790 2324 937 2354 ‹lm-inmte
963 2329 1020 2356 (αὐ.
1052 2331 1075 2358 1.
1100 2332 1128 2359 2.
1152 2328 1188 2356 al.

1378 2289 1422 2318 27)
1447 2296 1511 2313 vero
1549 2285 1616 2314 add.
1647 2295 1694 2314 va.
1725 2303 1762 2307 —
1794 2286 1841 2320 28)
1874 2285 1922 2313 Sic
1947 2285 2001 2312 Gu.
2029 2286 2055 2314 1.
2077 2286 2106 2314 2.
2131 2293 2178 2312 va.

1778 2328 1825 2364 29)
1843 2328 1969 2366 placens
1990 2335 2035 2354 va.
2061 2342 2096 2347 ·—
2129 2327 2178 2364 30)

1233 2295 1278 2313 Va.
1302 2301 1342 2307 —

1233 2328 1283 2356 Ar.
1310 2345 1345 2349 —
1377 2329 1443 2356 sola
1474 2328 1552 2356 brct'.
1586 2327 1666 2365 vulg.
1696 2343 1737 2348 —
