2198 2814
208 92 229 115 χ
818 67 1491 105 PRAEFATIO

370 186 413 219 11.
466 184 581 219 Codex
608 182 921 228 Guelpherbytanus
947 179 1038 224 apud
1065 179 1228 212 Ebertum
1253 179 1286 211 in
1313 178 1479 222 Catalogo
1512 177 1671 210 librorum
1707 177 2007 221 manuscriptorum
2041 178 2130 212 Bibl.

214 257 278 290 Gu.
306 266 339 300 p.
366 251 426 289 95.
452 266 484 287 n.
510 253 594 286 471.
620 253 803 285 recensitus.
857 250 916 282 Est
943 248 1049 282 codex
1075 247 1304 279 membraneus
1331 246 1431 278 seculi
1458 245 1563 289 XIV„
1592 245 1755 286 omnium,
1782 256 1865 288 quos
1885 246 2024 279 contulit
2049 246 2132 279 Edi·

212 329 281 366 tor,
306 323 610 368 praestantissimus,
638 319 693 362 qui
720 319 866 358 Graeca,
893 322 928 349 ut
953 315 1147 361 plurimum,
1174 315 1346 358 praeclare
1374 314 1521 346 servavit.
1574 314 1728 347 Annexus
1755 318 1803 346 est
1828 312 1966 348 Phocae
1992 314 2133 356 libellus,

214 403 281 437 quo
317 391 360 424 de
392 390 468 424 vide
505 400 589 433 quae
630 386 776 430 exposita
811 389 884 418 sunt
920 397 954 429 p.
990 383 1073 416 319.
1112 383 1271 427 Corporis
1309 383 1458 416 Gramm.
1490 381 1568 415 Vol.
1594 381 1620 415 1.
1677 381 1774 425 sigla
1806 385 1935 415 notatus
1972 386 2020 415 est
2052 382 2134 416 hac:

216 461 301 505 (Gu.
317 459 378 504 1,).

378 567 435 601 ΠΙ,
488 563 605 597 Codex
631 563 963 608 Guelpherbytanus,
1003 561 1093 606 apud
1120 562 1280 595 Ebertum
1316 560 1337 594 l.
1365 571 1392 593 c.
1420 571 1454 604 p.
1480 556 1538 592 95.
1571 569 1602 591 n.
1629 556 1714 591 473.
1773 558 1834 592 Est
1860 559 1945 593 liber
1971 561 2137 593 membra-

217 647 294 670 neus
320 636 447 668 formae
473 634 632 666 maximae
654 633 755 666 seculi
780 633 859 674 XL,
887 631 944 664 sed
971 631 1054 664 inter
1081 630 1282 673 deteriores,
1310 634 1342 662 et
1365 628 1496 661 Graeca
1523 627 1709 672 saepissime
1737 628 1865 660 omittit.
1927 628 2036 673 Supra
2063 639 2138 661 ver-

218 716 269 738 sus
309 714 408 747 saepe
451 702 554 734 varias
588 701 670 734 alius
707 701 831 735 codicis
872 699 1030 733 lectiones
1070 698 1211 732 exhibet.
1292 697 1432 730 lnsertus
1475 700 1522 730 est
1564 695 1674 730 codici
1719 695 1839 729 Isidori
1880 696 1966 730 liber
2005 696 2049 729 de
2083 707 2138 728 re-

217 784 291 805 rum
317 776 429 804 natura
455 769 498 802 ad
531 780 647 815 regem
673 770 863 814 Siseputum
898 772 975 812 post
1000 767 1121 801 librum
1152 770 1304 810 quartum
1332 765 1618 811 etymologiarum.
1688 763 1784 809 Sigla
1815 763 1881 799 hac
1912 768 2040 798 notatus
2075 769 2140 797 est:

219 840 301 884 (Gu.
330 839 390 883 2.).

381 948 439 981 IV.
492 946 608 981 Codex
634 946 965 992 Guelpherbytanus,
1007 945 1097 989 apud
1124 945 1286 978 Ebertum
1312 945 1334 977 I.
1363 956 1390 979 c.
1418 955 1450 988 p.
1479 941 1538 976 95.
1574 955 1604 976 n.
1633 941 1718 977 475.
1770 943 1872 976 Liber
1901 948 1947 976 est
1974 943 2141 976 membra—

222 1027 319 1060 neus,
347 1016 448 1049 seculi
467 1017 557 1048 XIII.
610 1016 715 1048 Huius
738 1014 860 1048 codicis
882 1014 1100 1058 perexiguum
1121 1018 1168 1045 est
1193 1013 1356 1057 pretium,
1383 1024 1486 1056 quare
1512 1013 1544 1045 in
1571 1011 1778 1047 Graecorum
1804 1016 1929 1044 tantum
1947 1011 2143 1056 explicatio-

221 1084 313 1117 nibus
340 1088 371 1117 et
396 1084 477 1118 locis
503 1084 709 1129 gravioribus
736 1083 778 1116 ab
805 1082 944 1116 Editore
969 1086 1017 1115 est
1043 1082 1209 1124 lustratus,
1236 1093 1339 1125 quum
1365 1082 1494 1126 integra
1520 1081 1698 1115 collatione
1724 1091 1790 1114 non
1819 1080 1988 1114 videretur
2013 1080 2143 1125 dignus.

222 1151 317 1196 sigla
342 1156 471 1185 notatur
496 1151 577 1186 hac:
605 1152 687 1195 (Gu.
705 1151 757 1195 3).
809 1151 904 1184 Idem
930 1150 1056 1185 factum
1083 1153 1129 1182 est
1151 1150 1184 1182 in

383 1260 424 1294 V.
479 1261 606 1294 Codice
633 1260 949 1304 Guelpherbytano,
984 1260 1041 1302 qui
1067 1259 1158 1302 apud
1194 1259 1355 1292 Ebertum
1384 1260 1568 1304 descriptus
1603 1260 1727 1305 legitur
1759 1271 1794 1304 p.
1826 1258 1887 1292 96.
1914 1271 1944 1292 n.
1970 1257 2057 1292 477.
2110 1257 2146 1289 ln

224 1337 263 1358 eo
288 1326 346 1360 lib.
366 1326 393 1366 1,
419 1337 447 1360 c.
471 1326 579 1361 1-3,
606 1337 737 1370 prorsus
764 1326 881 1358 desunt
907 1330 939 1358 et
965 1337 1064 1369 capp.
1086 1324 1234 1358 4—25.
1264 1328 1415 1371 suppleta
1442 1333 1515 1360 sunt
1549 1341 1569 1361 a
1594 1340 1694 1362 manu
1729 1328 1832 1362 seculi
1857 1327 1930 1361 XV.
1991 1326 2147 1360 Ceterum

225 1394 451 1426 membraneus
478 1398 541 1434 est,
567 1394 683 1435 seculi,
716 1398 751 1426 ut
777 1393 922 1436 videtur,
958 1393 1049 1426 xlll.
1076 1393 1205 1426 formae
1237 1395 1470 1439 octuplicatae.
1541 1397 1593 1429 Ex
1625 1396 1694 1431 hoc
1720 1397 1838 1431 codice
1865 1397 1997 1430 Graeca
2023 1399 2148 1428 tuntum

227 1460 402 1494 emendare
441 1460 638 1503 studuimus,
690 1465 722 1494 et
753 1461 899 1506 potiores
941 1462 1035 1497 locos
1075 1472 1150 1496 cum
1188 1461 1323 1507 vulgata
1359 1463 1499 1496 contulit
1539 1463 1668 1496 Editor.
1743 1464 1872 1508 Siglam
1907 1464 2010 1498 habet
2044 1462 2150 1496 hanct

229 1528 312 1571 (Gn.
335 1527 395 1572 4.).

330 1637 418 1670 Tum
441 1637 647 1672 Editionibus
670 1650 744 1672 usus
772 1643 819 1672 est
844 1639 964 1672 Editor
986 1638 1038 1672 his
1064 1640 1152 1673 fere:

394 1730 421 1763 Ι.
477 1729 666 1776 salgatum
694 1732 869 1765 editionem
896 1732 976 1765 dixit
1002 1732 1110 1766 editor
1141 1732 1320 1775 Ῑίιῑοαηὶἰ,
1360 1746 1446 1777 quae
1475 1734 1600 1779 prodiit
1631 1734 1708 1767 Bas.
1746 1745 1797 1768 ao.
1836 1732 1943 1767 1577.
1979 1734 2013 1766 in
2043 1733 2153 1765 forma

233 1797 390 1838 maxima,
420 1798 514 1830 variis
540 1799 734 1833 lectionibus
761 1805 791 1833 et
817 1800 951 1834 scholiis
976 1801 1142 1835 illustrata.
1196 1802 1266 1835 Has
1293 1803 1397 1835 varias
1424 1803 1582 1838 lectiones
1609 1814 1712 1846 quum
1738 1802 1970 1836 Gothofredus
2002 1802 2036 1834 in
2061 1812 2153 1834 suam

236 1864 411 1898 editionem
437 1866 649 1908 transtulerit,
681 1868 723 1900 ad
750 1869 875 1902 calcem
901 1869 993 1912 libri,
1020 1870 1066 1903 sic
1092 1882 1146 1902 eas
1168 1871 1309 1915 signavit
1335 1871 1474 1904 Editor:
1511 1872 1586 1905 Alii
1612 1882 1670 1917 op.
1709 1870 1814 1906 Goth.
1866 1871 2042 1905 Praeterea
2068 1869 2154 1903 Vul-

238 1932 347 1966 canius
372 1934 573 1968 coniecturas
595 1935 755 1969 interdum
781 1936 877 1978 fecit,
903 1948 985 1981 quas
1011 1938 1037 1971 si
1062 1939 1253 1981 probabiles
1281 1951 1351 1973 esse
1376 1939 1583 1982 viderentur,
1618 1940 1746 1984 recepit
1780 1939 1901 1973 Editor
1926 1944 2040 1973 notato
2068 1936 2153 1971 Vul-

238 2009 321 2033 cann
346 2011 485 2034 nomme.

398 2109 441 2144 11.
494 2110 666 2144 Praeterea
698 2122 772 2144 usus
805 2118 852 2146 est
884 2112 1039 2145 Editione
1077 2114 1308 2160 Gothofivcli,
1357 2128 1442 2159 quae
1478 2117 1633 2151 Vulcanii
1669 2122 1795 2151 textum
1828 2118 1962 2151 exhibet
1991 2115 2059 2149 sine
2085 2115 2154 2148 ulla

243 2175 476 2221 discrepantia3
504 2189 577 2211 nam
604 2191 688 2222 quae
714 2180 848 2224 propria
871 2192 940 2213 esse
965 2181 1116 2214 videntur
1145 2184 1419 2218 Goihofredanae
1446 2186 1619 2227 editionis,
1654 2197 1780 2220 errores
1807 2191 1879 2220 sunt
1904 2182 2153 2230 typographici-

243 2243 376 2277 Notavit
400 2249 510 2278 tamen
535 2246 560 2278 si
586 2247 665 2289 quid
691 2247 784 2280 aliter
808 2260 842 2281 se
867 2247 993 2283 habere
1018 2249 1182 2283 videretur
1207 2251 1275 2286 hoc
1302 2253 1415 2298 signo:
1450 2253 1521 2288 Ed.
1554 2253 1656 2287 Goth.
