2203 2829
181 133 254 167 136

878 115 1056 151 ISIDORl
1082 112 1263 147 HISPAL.
1290 109 1436 145 EPlSC.

346 221 405 254 39.
458 218 527 252 Sed
556 214 706 249 nonnulli
730 211 878 245 siderum
912 208 1164 256 pulchritudine
1196 211 1229 240 et
1255 205 1404 240 claritate
1431 199 1607 248 pellecti¹‚
1643 203 1675 234 in
1699 197 1832 245 lapsus²
1859 199 2030 231 stellarum
2055 210 2132 232 cae-

183 278 263 312 catis
290 272 454 308 mentibus
482 271 686 306 corruerunt,
709 266 754 297 ita
779 269 815 296 ut
839 275 901 308 per
928 261 1180 308 supputationes
1207 258 1329 297 noxias,
1357 267 1444 299 quae
1471 254 1627 288 mathesis
1655 253 1810 286 dicuntur
1820 247 1843 291 ³,
1871 254 2006 282 eventus
2023 261 2135 283 rerum

183 328 349 375 praescire
386 334 483 367 posse
498 318 504 337 ¹

184 382 266 414 lium
300 377 415 416 Plato,
465 370 677 409 Aristoteles,
719 374 818 411 atque
859 367 913 400 alii
947 377 1056 400 rerum
1098 358 1256 396 veritate⁰

542 323 717 353 conentur:
755 327 838 359 quos
872 326 939 348 non
974 315 1081 347 solum
1110 310 1317 345 Christianae
1351 307 1521 351 religionis
1556 306 1731 344 doctores,
1776 302 1834 336 sed
1871 298 1991 334 etiam⁵
2023 301 2134 346 genti-

1289 359 1448 394 commoti
1482 357 1641 392 concordi
1674 355 1834 389 sententia
1883 353 2134 393 damnaverunt,

186 433 333 466 dicentes
360 425 588 460 confusionem
616 431 727 453 rerum
754 420 866 464 potius
893 419 936 452 de
962 418 1019 451 tali
1048 409 1285 462 persuasione⁷
1312 411 1477 457 generari.

353 495 414 529 ⁴0,
469 493 555 525 Nam
583 490 633 524 si*
659 501 765 535 genus
792 488 976 521 humanum
1004 486 1048 519 ad
1076 484 1182 517 varios
1210 488 1301 515 actus
1329 477 1485 513 nascendi
1513 478 1706 511 necessitate
1733 478 1940 519 premeretur
1951 468 1973 512 ⁹,
2002 483 2061 505 cur
2081 476 2135 503 aut

186 551 321 585 laudem
348 550 536 579 mereantur
563 542 660 583 boni,
683 546 740 573 aut
766 541 846 573 mali
870 539 1057 584 percipiant
1083 537 1246 569 ultionem
1256 530 1308 564 ¹⁰?
1347 533 1392 565 Et
1418 529 1568 573 quamvis
1595 528 1656 572 ipsi
1679 538 1746 560 non
1772 525 1893 559 fuerint
1919 523 2057 558 coelesti
2083 534 2136 555 sa-

185 601 330 647 pientiae
357 597 478 635 dediti„
506 594 649 627 veritatis
676 598 787 626 tamen
812 591 1001 625 testimonio
1030 599 1159 623 errores
1187 596 1303 619 eorum
1332 582 1450 616 merito
1464 578 1485 598 ¹¹
1512 580 1735 626 perculerunt.

352 667 412 699 41.
466 664 564 698 Ordo
593 668 703 695 autem
731 662 789 694 iste
824 666 952 704 septem
987 657 1205 691 saecularium
1241 652 1492 696 disciplinarum
1518 649 1596 682 ideo
1632 659 1651 680 a
1677 645 1896 690 Philosophis

1910 640 1933 660 ¹²
1960 654 2065 686 usque
2092 641 2136 674 ad

187 728 271 755 astra
295 719 478 765 perductus
503 722 566 753 est,
596 715 722 748 scilicet
747 718 783 745 ut
810 713 936 745 animos
962 709 1102 744 seculari
1129 706 1289 751 sapientia
1315 698 1529 748 implicitos¹³
1548 699 1685 733 terrenis
1713 698 1812 731 rebus
1827 693 1848 713 Η
1876 695 2077 736 abduceret,
2104 699 2137 725 et

187 776 219 806 in
246 783 387 817 superna
417 766 698 812 contemplatione
725 765 908 798 collocaret
921 759 953 794 ¹⁵.

836 1060 873 1101 L
950 1058 973 1098 Ι

748 1188 898 1221 CAP.
955 1186 978 1217 l.
1063 1184 1137 1216 De

1051 1053 1327 1098 BER

1416 1051 1496 1092 lv.

1193 1182 1235 1215 M
1261 1175 1574 1215 edicinaw.

364 1269 391 1300 1.
446 1267 631 1300 Medicina
658 1270 722 1304 est,
758 1275 844 1307 quae
872 1261 1022 1307 corporis
1050 1260 1102 1293 vel
1136 1264 1263 1298 tuetur,
1298 1258 1349 1290 vel
1377 1261 1537 1288 restaurat
1566 1255 1722 1287 salutem:
1749 1252 1840 1286 cuius
1868 1249 2002 1282 materia
2029 1258 2140 1279 versa—

193 1330 244 1356 tur
271 1323 303 1354 in
332 1320 456 1353 morbis
483 1324 516 1351 et
545 1316 743 1350 vulneribus.

361 1389 393 1421 2.
447 1387 502 1420 Ad
522 1387 610 1419 hanc
636 1386 748 1427 itaque
775 1382 940 1427 pertinent
967 1391 1033 1413 non
1061 1391 1100 1412 ea
1126 1383 1272 1418 tantum,
1300 1389 1388 1420 quae
1413 1386 1465 1408 ars
1493 1385 1609 1408 eorum
1631 1372 1784 1411 exhibet,
1818 1370 1874 1413 qui
1901 1367 2039 1413 proprie
2067 1365 2142 1398 Me-

195 1442 262 1475 dici
288 1441 516 1478 nominantur,
543 1438 600 1471 sed
629 1437 727 1469 etiam
755 1435 862 1475 cibus,
890 1429 1039 1477 potus¹⁷‚
1068 1436 1100 1463 et
1122 1435 1260 1473 tegmen
1272 1425 1305 1461 ¹⁸.

1360 1428 1513 1470 Denique
1539 1425 1692 1458 defensio
1720 1418 1862 1457 omnis¹ss
1889 1425 1937 1453 est
1953 1425 2052 1462 atque
2068 1429 2142 1450 mu-

195 1494 293 1533 nitio,
320 1503 386 1534 qua
409 1501 522 1523 sanum
551 1500 673 1532 corpus
697 1491 843 1519 nostrum
865 1484 1021 1517 adversus
1048 1486 1200 1514 externos
1220 1480 1303 1512 ictus
1330 1490 1491 1521 casusque
1518 1483 1674 1510 servatur.

705 1587 856 1622 CAP.
911 1585 949 1619 11.
1030 1583 1113 1616 De

1167 1583 1425 1615 nominc

1479 1579 1635 1612 eius.

365 1669 499 1701 Nomen
527 1670 636 1698 autem
660 1664 850 1698 Medicinae
878 1675 897 1695 a
923 1661 1047 1701 modo,
1081 1659 1116 1691 id
1146 1664 1193 1691 est
1219 1656 1276 1691 a²⁰
1309 1661 1573 1702 temperamento
1606 1653 1799 1697 impositum
1827 1646 2080 1689 existimatur²¹,
2112 1654 2146 1680 ut

199 1733 266 1755 non
293 1721 387 1761 satis,
426 1718 484 1752 sed
512 1717 674 1762 paulatim
708 1716 916 1749 adhibeatur.

200 1772 336 1819 gaudet.
390 1770 492 1804 Unde
520 1777 552 1802 et
578 1770 636 1812 qui
672 1769 846 1813 pigmenta
873 1771 906 1799 et
933 1764 1081 1797 antidota
1112 1763 1188 1795 satis
1224 1763 1275 1796 vel
1302 1761 1433 1794 assidue
1467 1758 1630 1799 biberint,
1671 1761 1839 1788 vexantur.

200 1825 286 1859 enim
315 1823 420 1855 omnis
432 1820 456 1840 ²*
484 1832 549 1854 non
577 1821 734 1860 salutem,
762 1818 821 1853 sed
848 1817 1032 1862 periculum
1061 1814 1169 1849 affert.

290 1938 315 1965 l)
334 1933 460 1970 perlecti
478 1932 533 1961 (ju.
552 1934 577 1960 1.
600 1948 636 1951 ——
661 1928 690 1969 Q)
715 1930 806 1967 lapsu
826 1929 883 1955 (ἆυ.
902 1930 928 1956 1.
947 1929 976 1957 2,
994 1926 1031 1954 al.
1058 1941 1092 1945 -—-
1119 1925 1159 1951 il-

204 1978 294 2014 lapsu
311 1985 357 2013 pr.
375 1985 420 2002 va.
444 1990 484 1994 —
508 1974 629 2010 lap-sum
649 1973 681 2000 Z.
705 1988 745 1993 --
775 1969 808 2010 3)
832 1971 889 1998 Gu.
910 1972 936 2000 1.
958 1971 986 2000 2.
1010 1983 1052 1990 —
1075 1966 1160 1995 dict·-

205 2026 256 2046 iur
279 2018 357 2055 vulg.
382 2033 422 2039 -
446 2016 474 2054 4)
493 2026 582 2053 pos-ve
606 2014 708 2043 addidi
723 2024 737 2042 e
753 2014 812 2042 Gu.
830 2017 857 2044 1.
873 2015 901 2043 2.
923 2021 966 2050 pr.
982 2021 1027 2039 va.
1044 2010 1094 2040 Ar.
1118 2025 1159 2031 —

206 2071 306 2089 rerum
320 2061 357 2088 al.
377 2070 432 2089 om.
458 2076 491 2079 —
519 2062 546 2093 5)
571 2064 595 2085 ct
610 2068 653 2096 pr.
671 2067 716 2085 va.
737 2073 778 2078 —-
800 2057 829 2091 6)
853 2056 1000 2082 varietate
1016 2054 1072 2082 Gu.
1092 2056 1159 2083 1.—

204 2104 233 2142 7)
252 2105 394 2131 suasione
418 2102 453 2129 al.
473 2111 517 2139 pr.
542 2117 575 2121 -—
608 2099 636 2138 8)
660 2105 692 2127 ut
717 2098 823 2126 dicunt
843 2098 873 2125 in
897 2095 1066 2136 parenthesi
1089 2094 1156 2123 add.

207 2149 258 2175 Ar.
279 2165 315 2168 -
343 2146 423 2173 Nam
438 2145 517 2171 sicut
531 2153 576 2181 pr.
595 2161 631 2165 -—
650 2144 678 2179 9)
697 2146 902 2179 premerentur
918 2140 973 2168 Gu.
991 2142 1019 2170 2.
1031 2154 1072 2161 -
1090 2148 1156 2176 pre-

208 2191 303 2217 mitur
317 2189 365 2217 Ar.
389 2203 430 2208 —
460 2185 503 2223 10)
527 2187 629 2223 legam
644 2186 756 2222 percis).
784 2184 838 2213 ult.
858 2183 958 2220 vulg„
981 2181 1033 2209 sed
1054 2181 1157 2217 lcgum

209 2243 266 2260 om.
283 2232 338 2260 Gu,
354 2235 379 2261 1.
402 2246 441 2250 -—
462 2230 634 2266 percipiunt
650 2228 707 2255 Gu.
723 2229 751 2256 2.
772 2243 813 2249 —--
837 2228 885 2262 11)
908 2226 1048 2252 meritum
1060 2224 1157 2253 Gu.2.

208 2291 250 2297 --
275 2273 490 2311 12)p1·0plzet1?s
509 2271 539 2298 Z.
569 2286 611 2291 —-
643 2267 689 2308 13)
713 2269 761 2297 Sic
785 2269 840 2296 Gu.
860 2271 886 2299 1.
916 2283 956 2288 -
984 2266 1158 2304 implicatu-5

209 2317 290 2354 vulg.
304 2332 346 2337 -
370 2313 417 2354 14)
442 2314 527 2350 Vulg.
542 2324 561 2340 ιι,
578 2318 646 2340 terr.
662 2311 732 2346 reb„
755 2311 805 2339 sed
824 2322 842 2338 α
860 2320 919 2339 om.
934 2311 991 2338 (ἆυ.
1009 2312 1035 2339 1.
1049 2325 1089 2329 -
1114 2306 1158 2344 15)

211 2359 377 2387 fulloc-aret.
401 2356 505 2394 Expli„
513 2358 535 2383 tt
553 2356 627 2383 liber
646 2356 752 2382 tertius
773 2353 842 2382 add.
858 2353 888 2381 Z.
903 2354 958 2382 (iu.
978 2354 1004 2382 1.
1022 2351 1072 2389 qui
1090 2350 1160 2380 add.

215 2403 366 2438 lncspiunt
392 2399 528 2437 capitula
552 2398 625 2425 libri
646 2398 759 2435 quarti.
789 2396 821 2424 In
845 2395 910 2424 cod.
929 2394 1031 2422 Alban.
1054 2399 1081 2422 et
1097 2393 1161 2421 aliis

970 1713 1056 1746 Nam
1088 1712 1121 1744 in
1152 1711 1259 1744 multo
1271 1707 1296 1728 ²²
1323 1709 1533 1743 contristatur
1565 1711 1699 1745 natura,
1748 1697 1996 1736 mediocriter2³
2036 1704 2146 1733 autem

1910 1751 2146 1785 immoderatio

1204 1924 1341 1961 sequitur
1354 1921 1431 1950 liber
1444 1919 1481 1948 de
1496 1918 1618 1956 legibus.
1643 1917 1677 1944 ln
1694 1916 1763 1944 edit.
1779 1914 1916 1953 principe
1931 1917 1960 1941 et
1974 1911 2041 1942 cod.
2057 1911 2149 1940 Guel-

1203 1966 1313 2004 ferbyt.
1334 1967 1362 1995 2,
1380 1963 1515 2001 sequitur
1537 1970 1617 1988 nunc
1642 1956 1745 1987 lsidori
1764 1957 1839 1986 liber
1867 1956 1903 1985 de
1928 1965 2028 1984 rerum
2043 1959 2149 1982 natura

1203 2009 1241 2038 ad
1258 2009 1429 2047 Siseputum
1452 2014 1559 2042 regem.
1583 2001 1702 2030 Codicis
1720 2001 1827 2030 Zittav.
1845 1998 1942 2027 scriba
1961 1997 2033 2025 haec
2050 1996 2148 2024 addit:

1203 2052 1315 2090 Incipit
1331 2050 1405 2078 liber
1421 2053 1552 2086 quartus
1575 2044 1612 2073 dc
1633 2042 1784 2072 medicina
1800 2049 1864 2071 arte
1879 2047 1933 2070 ete.
1959 2040 2033 2068 Cum
2052 2043 2149 2068 autem

1199 2095 1276 2123 infra
1290 2103 1357 2132 pag.
1374 2092 1415 2120 21³
1430 2091 1459 2118 in
1482 2089 1574 2118 altera
1589 2088 1675 2116 istius
1691 2085 1852 2115 voluminis
1869 2088 1955 2123 parte
1975 2082 2006 2110 in
2021 2081 2148 2120 Isagogis

1200 2135 1367 2166 Iohannicii
1393 2132 1543 2164 iohannis,
1572 2129 1784 2163 Alexandrini,
1811 2126 1948 2165 discipuli
1976 2125 2065 2162 Zegni
2086 2124 2150 2152 Ga-

1200 2180 1270 2209 lieni
1287 2179 1323 2207 de
1342 2176 1443 2206 eadem
1464 2174 1609 2203 medicina
1633 2183 1685 2201 seu
1700 2171 1825 2211 physica
1844 2169 1958 2199 ratione
1973 2167 2044 2196 satis
2055 2167 2119 2195 fuse
2133 2176 2150 2193 a

1201 2233 1246 2252 me
1272 2221 1419 2259 scriptum
1441 2219 1493 2254 sit,
1525 2217 1609 2245 illum
1637 2220 1778 2254 quartum
1805 2212 1843 2242 de
1865 2210 2012 2240 medicina
2039 2209 2150 2238 librum

1201 2268 1379 2294 tractantem
1403 2260 1537 2289 studiose
1558 2259 1644 2288 omisi
1666 2262 1694 2286 et
1718 2257 1754 2285 ad
1773 2256 1912 2294 quintum
1929 2253 1965 2282 de
1979 2252 2151 2281 auctoribus

1202 2308 1298 2345 legum
1313 2309 1447 2343 agentem
1465 2312 1510 2331 me
1523 2302 1629 2340 recepi.
1652 2300 1733 2329 Haec
1745 2299 1795 2328 ille
1814 2297 1952 2336 stupidus
1965 2294 2072 2324 scriba.
2096 2294 2150 2322 De-

1204 2355 1248 2378 est
1267 2349 1358 2387 igitur
1375 2347 1404 2375 in
1427 2345 1492 2374 cod.
1513 2345 1621 2373 Zittav.
1640 2343 1691 2372 lib.
1704 2342 1767 2378 1V.,
1791 2340 1859 2378 quia
1884 2339 1956 2368 huic
1980 2337 2076 2367 codici
2095 2346 2151 2365 an-

1205 2402 1299 2421 nexus
1330 2394 1371 2419 est
1391 2389 1483 2425 liber,
1514 2388 1599 2416 cuius
1624 2386 1742 2415 titulum
1766 2382 1863 2411 scriba
1885 2392 1975 2420 supra
2006 2379 2149 2408 laudavit.
