2264 2830
807 89 1053 125 ORIGINUM
1087 92 1233 128 LIBER
1255 96 1346 130 XIX.

102 185 353 218 tabernaculum
383 187 579 219 extrinsecus
593 182 617 202 ³¹⁰
644 185 832 230 tegebatur.

1987 105 2062 140 607

890 186 1008 219 Dictae
1034 193 1146 221 autem
1174 190 1322 224 cortinae
1349 202 1369 223 a
1397 191 1509 234 coriis,
1538 203 1579 224 eo
1607 194 1700 237 quod
1727 196 1818 239 prius
1847 209 1886 230 ex
1914 201 2059 243 pellibus

104 238 237 270 fuissent
265 237 385 270 sactae.
439 237 540 271 Unde
569 244 601 270 et
628 238 658 270 in
686 237 807 270 eodem
836 238 1053 272 tabernaculo
1082 241 1167 285 legis
1195 242 1346 285 iubetur,
1375 245 1520 277 cortinas
1548 242 1656 277 tieri³³³
1678 257 1717 278 ex
1744 248 1891 291 pellibus
1903 246 1935 284 ³⁸.

271 289 328 321 10.

102 341 147 373 ria
176 341 310 374 faciunt.

682 392 711 426 C
739 393 768 425 Α
797 394 832 426 P.
886 393 1025 429 xxvii.

269 469 298 501 l.
353 470 446 502 Lana
474 481 492 501 a
516 469 670 502 laniando
682 466 715 509 ⁴⁰,

99 521 194 554 lanae
230 522 445 561 vellerentur,
478 533 542 553 non
570 522 796 555 tonderentur.

202 573 321 606 Linum
349 584 387 606 ex
415 579 502 605 terra
530 574 650 614 oritur,
680 574 915 618 deflexumque
942 586 1063 608 nomen
1091 576 1160 609 eius
1187 572 1242 609 ειη
1269 576 1416 612 Graeco.

98 624 229 665 dicunt,
258 626 324 657 sive
352 625 444 669 quod
467 625 505 657 sit
533 627 636 658 molle
667 631 698 658 et
726 627 800 659 lene
819 623 849 660 ¹¹.

263 677 296 711 2.
350 674 520 721 Stuppa¹5
558 689 635 711 vero
669 679 807 711 cannabi
844 683 908 719 est,
952 678 1021 711 sive
1057 678 1124 712 lini.

97 735 218 773 stuppa
246 728 335 762 dicta
352 725 386 769 ⁴²,
414 729 507 772 quod
537 741 576 762 ex
605 743 643 763 ea
671 730 773 763 rimae
801 731 932 763 navium
960 731 1122 774 stipentur
1133 726 1166 764 ²¹⁸.

180 777 192 796 0

96 777 179 813 bus³
222 792 296 814 eam
324 787 540 825 componunt.

762 469 796 502 id
825 475 872 503 est
899 471 1056 505 vellendo
1068 468 1090 488 ⁴¹
1119 478 1237 507 vocata
1249 470 1283 506 ⁴².

383 289 502 323 Cilicia
536 291 665 323 Arabes
701 296 892 334 nuncupant
929 292 1113 325 velamenta
1148 294 1225 338 pilis
1260 306 1437 340 caprarum
1469 302 1642 340 contexta,
1687 309 1727 332 ex
1763 298 1918 343 quibus³⁹
1951 309 2061 337 tento-

1120 395 1203 430 De

1272 398 1478 432 lanis.

1352 475 1444 509 Hinc
1472 481 1504 509 et
1534 477 1638 510 vellus
1667 478 1817 520 dictum,
1846 482 1939 524 quod
1967 484 2060 527 prius

1490 579 1576 612 Nam
1609 580 1714 614 linum
1739 581 1863 616 Graeci
1892 584 2058 632 λινᾶριον

1192 679 1288 714 Haec
1323 681 1507 715 secundum
1535 682 1819 729 orthographiam
1851 688 2021 731 antiquam
2038 686 2059 705 ’ὗ

1221 730 1323 765 Unde
1352 738 1385 766 et
1411 735 1587 779 stipatores
1600 732 1623 752 ³⁹
1650 737 1815 778 dicuntur,
1831 739 1939 782 quiin
1967 741 2059 772 navi—

261 832 294 865 3.
349 833 554 866 Tomentum
571 834 797 877 appellatum,
825 832 917 876 quod
941 833 1042 865 autin
1060 833 1136 873 filo,
1164 839 1220 866 aut
1236 834 1269 866 in
1286 835 1353 868 tela
1363 832 1387 852 ⁵¹
1414 842 1542 870 tumeat
1554 833 1590 878 ⁵²,
1613 849 1676 873 nec
1693 840 1908 873 subtilitatem
1923 841 2058 876 habeat.

196 883 392 917 Cannabum
420 897 439 917 a
467 885 680 918 similitudine
708 897 832 919 cannae
869 890 1046 928 vocatum,

92 932 267 980 κάνναβιν
299 943 430 972 vocant.

1086 886 1154 918 sive
1181 897 1200 919 a
1229 885 1362 921 Graeca
1391 889 1608 934 etymologia.
1678 891 1764 924 Nam
1792 892 1841 924 illi
1870 894 2058 926 cannabum

260 987 293 1020 4.
347 989 488 1032 Byssum
515 1000 620 1033 genus
649 993 698 1021 est
724 987 899 1032 quoddam
934 988 990 1021 lini
1019 987 1157 1021 nimium
1191 988 1326 1022 candidi
1360 996 1392 1024 et
1426 992 1630 1036 mollissimi,
1674 994 1767 1038 quod
1795 995 1919 1030 Graeci
1947 1008 2057 1040 papa-

91 1046 158 1071 tem
189 1045 319 1074 vocant.

194 1091 366 1124 Fibrinum
395 1091 470 1124 lana
492 1096 539 1124 est
566 1091 776 1133 animalium,
805 1087 927 1134 quae⁵3
954 1091 1058 1124 fibros
1086 1097 1218 1136 vocant,
1246 1092 1337 1137 ipsos
1365 1099 1398 1128 et
1425 1092 1605 1129 castores&
1634 1097 1836 1139 existimant,
1864 1110 1949 1142 quos
1975 1099 2054 1132 dum

91 1147 260 1175 venatores
287 1148 483 1186 sequuntur,
511 1143 573 1187 ipsi
601 1143 661 1176 sibi
689 1143 857 1177 testiculos
885 1143 1044 1177 adimunt.

193 1196 323 1227 Aranea
350 1200 468 1228 vocata
479 1191 520 1236 ⁵⁵,
545 1206 584 1228 eo
613 1195 706 1238 quod
735 1196 819 1228 aeris
847 1195 1009 1228 infusione
1036 1195 1068 1227 in
1096 1194 1271 1228 frondibus
1300 1196 1470 1231 nutriatur.

252 1244 286 1278 ἴ).
342 1247 493 1280 Sericum
522 1246 668 1289 dictum,
704 1247 781 1290 quia
809 1246 909 1291 primi
936 1246 970 1279 id
1000 1242 1120 1279 Seres5

89 1298 223 1339 bentur,
258 1310 276 1330 a
304 1299 424 1341 quibus
454 1298 541 1332 haec
575 1299 702 1332 circum
730 1299 866 1332 arbores
892 1299 949 1332 fila
983 1297 1158 1332 ducuntur.

87 1349 260 1382 minantur.

1123 1243 1134 1262 ‘⁵
1161 1247 1328 1280 miserunt.
1402 1248 1586 1282 Vermiculi
1615 1252 1703 1283 enim
1732 1251 1779 1284 ibi
1817 1252 1906 1286 nasci
1934 1252 2052 1297 perhi-

1228 1299 1367 1333 Vermes
1394 1305 1505 1334 autem
1533 1300 1595 1345 ipsi
1623 1301 1756 1336 Graece
1783 1301 1963 1349 βόμβυκες
1991 1316 2051 1337 no-

190 1400 338 1434 placium
368 1406 415 1434 est
442 1407 564 1445 stuppa
592 1406 624 1433 et
651 1401 744 1445 quasi
771 1400 926 1435 crassedo
936 1397 961 1418 5⁷
988 1400 1101 1443 serici,
1129 1406 1162 1434 et
1190 1405 1238 1434 est
1265 1401 1437 1436 Graecum
1464 1414 1596 1436 nornen.

555 1487 583 1520 C
611 1487 641 1520 A
670 1487 706 1520 Ρ.
760 1487 916 1520 XXVIII.

995 1486 1061 1520 De
1105 1486 1344 1521 coloribus
1384 1489 1582 1523 vestium.

256 1556 282 1589 l.
338 1554 497 1588 Tinctum
526 1560 661 1596 vocata,
690 1556 766 1599 quia
794 1556 948 1601 tingitur,
985 1560 1017 1589 et
1044 1556 1076 1588 in
1103 1555 1201 1590 aliam
1228 1556 1377 1590 fucatam
1404 1558 1553 1602 speciem
1591 1558 1706 1591 nitoris
1733 1559 1842 1603 gratia
1869 1561 2048 1595 coloratur.

84 1605 227 1642 Κόκκον
246 1606 386 1647 Graeci,
414 1618 474 1639 nos
501 1607 651 1647 rubrum,
674 1619 732 1641 seu
750 1609 967 1642 vermiculum
989 1607 1139 1642 dicimus.
1173 1608 1234 1641 Est
1255 1609 1341 1642 enim
1360 1610 1562 1644 vermiculus
1584 1621 1624 1643 ex
1645 1610 1846 1645 silvestribus
1860 1612 2046 1646 frondibus.

249 1658 282 1691 2.
336 1657 562 1703 Conchylium
590 1659 736 1701 dictum,
779 1672 820 1694 eo
855 1661 947 1705 quod
977 1671 1017 1694 ex
1045 1659 1220 1697 conchulis
1252 1661 1385 1696 marinis
1418 1662 1513 1696 color
1540 1662 1608 1696 eius
1642 1662 1823 1708 colligitur.

83 1715 206 1744 ostrum
236 1716 373 1744 vocatur
383 1707 418 1745 ³¹³.

1892 1664 1988 1698 Idem
2017 1672 2048 1697 et

246 1761 280 1794 3.
335 1761 491 1803 ostrum,
519 1763 610 1807 quod
638 1774 702 1807 pro
724 1763 841 1796 colore
868 1774 1039 1808 purpurae
1066 1768 1288 1808 temperatur,
1315 1764 1469 1809 plurimis
1492 1764 1631 1808 quidem
1650 1765 1681 1797 in
1692 1761 1717 1781 ⁵⁹
1743 1767 1843 1807 locis,
1872 1767 1931 1799 sed
1954 1768 2043 1810 opti—

82 1823 172 1844 mum
199 1812 232 1844 in
260 1813 364 1846 insula
399 1813 514 1859 Cypro
541 1816 709 1861 gignitur,
737 1816 805 1849 sive
834 1816 865 1851 in
892 1815 948 1857 iis,
976 1826 1060 1860 quos
1082 1815 1223 1860 propius
1234 1812 1258 1833 ⁶⁰
1286 1817 1363 1849 solis
1391 1828 1506 1852 cursus
1532 1817 1707 1851 illuminat.

80 1917 126 1951 30)
153 1915 303 1951 Faciterg.
324 1913 400 1941 Vela
415 1919 443 1943 et
460 1918 582 1945 Αιιίαεα
604 1928 661 1946 om.
685 1918 718 1947 Z.
744 1934 780 1938 —-
805 1916 852 1958 31)
876 1919 1037 1957 manbterg.

82 1961 131 1987 Ar,
154 1974 195 1978 -
218 1957 267 1994 ³2)
291 1956 340 1984 Sic
358 1956 414 1984 Gu.
436 1960 460 1987 1.
482 1961 510 1989 2.
527 1975 569 1979 —
591 1966 721 1988 voc-amr
733 1960 813 1998 vulg.
838 1977 876 1982 —
900 1960 947 2000 33)
963 1967 1035 1990 sunt

81 2000 150 2030 add.
175 1999 254 2037 vulg.
279 2015 319 2020 —
346 1999 411 2027 0111.
436 2000 492 2029 Gu.
512 2004 538 2032 1.
563 2017 602 2022 —
624 2006 668 2036 3⁴)
687 2003 779 2031 Exod.
803 2005 853 2039 26,
873 2006 898 2034 1.
921 2019 963 2026 —
985 2005 1033 2042 35)

80 2056 98 2072 α
125 2042 236 2082 quibus
256 2042 355 2079 vulg„
387 2041 437 2070 sed
463 2053 483 2070 a
511 2053 566 2073 om.
590 2044 646 2072 Gu.
672 2048 696 2075 1.
716 2047 745 2076 2.
771 2063 812 2067 -
848 2046 896 2083 36)
919 2048 1033 2075 extrin-

79 2098 139 2114 secz‘*
170 2087 199 2114 Z.
234 2102 274 2106 —
309 2086 357 2120 37)
383 2085 526 2113 iubentur
551 2086 627 2123 fieri
655 2097 716 2124 va.,
753 2088 859 2117 omisso
888 2091 1033 2120 cortinae.

80 2149 117 2152 -.
145 2130 193 2166 35)
219 2127 305 2165 Vulg.
329 2127 397 2155 add.
420 2130 550 2156 arie-tum
572 2129 675 2157 rubris
701 2136 726 2157 et
748 2142 781 2158 ex
799 2131 936 2169 pellibus
958 2132 1031 2171 hya.

78 2172 241 2205 cinthium,
267 2180 342 2208 quae
367 2181 423 2198 om.
449 2172 504 2199 Gu.
525 2174 550 2202 1.
577 2188 618 2192 —-
647 2172 695 2209 39)
713 2173 773 2200 sibi
796 2174 863 2204 add.
887 2175 967 2213 vulg.
990 2192 1032 2197 -

76 2231 117 2237 —-
142 2215 206 2243 Om.
238 2214 294 2241 Gu.
314 2217 343 2244 1.
376 2229 408 2234 —
444 2215 493 2249 40)
521 2214 570 2242 Sic
601 2214 656 2242 Gu.
683 2218 708 2245 1.
732 2216 782 2243 Ar.
813 2233 855 2240 -—
888 2217 1030 2246 laniendo

78 2258 154 2296 vulg.
178 2273 220 2279 —
242 2254 291 2294 41)
315 2267 333 2283 ιι
356 2255 489 2284 vellendo
513 2257 543 2285 Z.
568 2257 624 2285 Gu.
649 2259 677 2288 2.
701 2257 737 2286 al.
762 2269 807 2296 pr.
831 2269 878 2289 va.
903 2277 945 2283 -—
981 2259 1028 2300 42)

78 2301 125 2328 Sic
150 2301 205 2330 Gu.
228 2303 254 2330 1.
277 2301 307 2329 2.
326 2316 361 2319 -
387 2298 471 2327 dicta
493 2300 571 2337 vulg.
597 2314 633 2321 —·
674 2301 722 2335 43)
742 2310 762 2327 a
783 2311 837 2338 pro
861 2313 894 2330 ex
916 2304 947 2332 Z.
973 2305 1028 2331 (iu.

81 2346 106 2372 1.
130 2346 159 2374 2.
182 2353 228 2370 va.
253 2342 302 2371 Ar.
333 2358 370 2362 —-
409 2344 452 2375 44)
477 2342 527 2370 Sic
557 2343 606 2371 Ar.
630 2358 669 2364 --
702 2342 759 2370 let-2
784 2344 864 2381 vulg.
902 2361 942 2368 --
981 2346 1028 2383 45)

1081 1919 1180 1957 Stcha
1204 1918 1237 1947 Z.
1264 1917 1321 1949 Gu.
1347 1920 1377 1949 2.
1399 1918 1444 1947 ed.
1469 1916 1558 1946 Goth.
1583 1918 1634 1947 Ar.
1663 1935 1696 1939 —
1726 1916 1775 1956 46)
1797 1917 1846 1945 sic
1871 1917 1930 1949 Gu.
1961 1923 1985 1951 1.
2011 1923 2039 1952 2,

1080 1978 1118 1985 --
1144 1965 1205 1990 ant.
1235 1961 1369 1999 orthogr.
1400 1961 1481 1998 vulg.
1521 1976 1562 1984 -
1598 1962 1645 1997 47)
1669 1960 1753 1988 dicta
1783 1970 1841 1999 pro
1871 1961 1953 1999 vulg.
1985 1961 2040 1989 di-

1079 2006 1161 2031 citur
1185 2003 1215 2030 Ζ.
1241 2003 1296 2031 Gu.
1323 2006 1347 2033 1.
1371 2005 1400 2034 2.
1428 2003 1466 2034 al.
1503 2021 1539 2025 —
1580 2006 1625 2037 48)
1659 2005 1831 2041 stippentur
1858 2004 1888 2032 Z.
1919 2020 1960 2025 —
1994 2007 2037 2038 43)

1076 2048 1260 2085 stippatores
1283 2046 1313 2074 Z.
1342 2061 1383 2068 -·
1416 2045 1466 2085 50)
1495 2044 1544 2073 Sic
1567 2046 1618 2074 Ar.
1648 2061 1691 2070 ·—
1719 2046 1858 2075 vallibus
1888 2047 1966 2083 vulg.
1998 2064 2039 2069 —-

1076 2093 1121 2123 51)
1146 2090 1203 2116 telo
1227 2088 1284 2117 Gu.
1310 2090 1337 2119 1.
1369 2104 1411 2111 —-
1441 2087 1488 2127 52)
1512 2093 1605 2117 tumet
1629 2088 1660 2117 Z.
1689 2106 1728 2114 -
1769 2090 1818 2127 53)
1843 2099 1918 2128 quos
1941 2090 1972 2118 Z.
1998 2106 2037 2111 —

1075 2133 1123 2169 54)
1147 2137 1298 2159 cas-loreas
1321 2131 1351 2158 Z.
1390 2147 1430 2152 --
1467 2130 1514 2167 55)
1538 2137 1666 2160 vocatur
1688 2133 1721 2161 Z.
1753 2148 1795 2156 -ψ-
1828 2130 1876 2169 56)
1905 2132 1954 2160 Sic
1978 2132 2033 2159 Gu.

1077 2177 1120 2207 1.,
1143 2174 1199 2202 nisi
1224 2173 1304 2212 quod
1319 2182 1376 2211 pro
1400 2172 1436 2200 id
1456 2172 1577 2203 exhibet
1599 2174 1642 2205 ht,
1663 2193 1700 2199 -
1726 2174 1814 2212 Vulg.
1838 2176 1915 2213 quia
1931 2173 1966 2202 id
1981 2175 2032 2200 S.-

1073 2228 1120 2244 res
1136 2218 1242 2255 primi.
1260 2232 1298 2238 —
1324 2214 1408 2253 quod
1431 2216 1468 2245 z'tl
1488 2217 1546 2246 Gu.
1561 2221 1589 2250 2.
1618 2234 1652 2239 -
1673 2220 1720 2255 57)
1745 2216 1919 2246 crassitudo
1943 2216 1972 2243 Z.
1990 2231 2030 2236 —-

1074 2262 1117 2292 58)
1153 2265 1295 2287 vocatum
1325 2258 1383 2288 Gu.
1405 2261 1435 2290 2.
1467 2275 1511 2281 —
1544 2263 1593 2298 59)
1618 2262 1650 2288 in
1682 2271 1742 2292 om.
1772 2260 1828 2290 Gu.
1860 2262 1887 2289 1.
1910 2273 1951 2278 -
1980 2260 2029 2291 60)

1072 2301 1120 2330 Sic
1146 2302 1202 2332 Gu.
1222 2304 1251 2333 2.
1276 2301 1325 2330 Ar.
1348 2317 1390 2323 —
1413 2304 1562 2340 propriu-5
1592 2303 1651 2333 Gu.
1677 2307 1702 2334 1.
1725 2320 1757 2325 --
1787 2302 1914 2339 proprie
1936 2299 1968 2329 Z.
1992 2299 2028 2327 al·

1073 2363 1109 2366 —
1131 2346 1257 2383 propior
1281 2344 1363 2383 vulg.
