2255 2819
230 101 305 135 532

395 189 454 226 28.
511 187 717 232 Quisquiliae
744 182 835 217 sunt¹
863 186 1004 230 stipulae
1031 181 1218 218 immixtae²
1245 185 1382 218 surculis
1409 185 1494 218 soliis
1532 181 1596 218 ac³
1625 185 1733 218 aridis.

232 250 341 280 menta
367 248 535 276 terrarum.

925 92 1101 127 ISIDORI
1126 92 1306 125 HISPAL.
1334 91 1477 126 EPISC.

1788 185 1871 218 Sunt
1907 190 2014 218 autem
2040 197 2170 232 purga-

334 295 445 329 Caries
471 289 614 336 putredo
643 287 821 331 lignorum,
849 283 996 320 dictum*
1024 287 1091 320 hoc
1119 283 1267 328 nomen³,
1295 286 1387 330 quod
1416 287 1543 320 eveniat
1564 288 1662 333 lignis
1690 288 1809 320 virtute
1835 287 2032 322 carentibus.

574 390 602 423 C
629 390 659 422 A
683 390 720 422 P.
774 389 847 422 Vll.

926 389 990 422 De
1038 390 1245 434 propriis
1296 389 1541 423 ‘nominibus
1593 389 1816 424 arborum.

396 478 429 512 l.
483 476 599 509 Palma
627 475 725 515 dicta,
753 475 830 518 quia
857 486 971 507 manns
999 475 1139 509 victricis
1167 479 1299 507 ornatus
1327 479 1392 515 est,
1424 474 1477 506 vel
1514 475 1607 518 quod
1633 476 1790 519 oppansis
1818 480 1865 507 est
1887 475 2000 516 ramis,
2034 476 2067 508 in
2093 486 2169 507 mo-

231 533 311 565 dum
339 529 472 574 palmae
497 527 650 559 hominis.

231 639 318 675 cunt,
360 632 452 676 quod
488 632 545 663 diu
587 630 682 662 durat
700 626 733 669 ¹⁰,

232 687 336 719 betur.

230 741 369 780 quenter
411 740 519 767 autem
562 734 593 764 in
628 734 787 776 Aegypto
830 738 861 764 ct
894 732 998 775 Syria.

231 840 284 872 lae
294 836 327 879 ¹⁰,
356 838 475 870 similes
503 836 718 879 myrobalano
731 832 763 867 Π.

231 886 347 928 ’τούς19
373 893 501 922 vocant.

395 939 426 972 2.
480 939 607 971 Laurus
634 950 653 969 a
675 937 778 970 verbo
806 937 910 969 laudis
924 934 948 954 ²⁰
975 936 1073 969 (licta,

231 993 358 1025 bantur.

704 527 763 558 Est
787 527 871 559 enim
900 527 999 558 arbor
1025 523 1174 571 insigne⁰
1201 526 1367 563 victoriae,
1396 536 1605 570 proceroque
1632 538 1672 560 ac
1699 527 1825 560 decoro
1848 526 2011 572 virgulto,
2039 526 2169 559 diutur-

230 583 343 626 nisque
369 581 485 613 vestita
514 578 686 611 frondibus
697 574 719 614 ἵ,
748 583 780 610 et
806 578 887 610 folia
914 589 969 609 sua
999 578 1066 610 sine
1094 574 1322 610 successionea
1350 589 1553 610 conservans.

786 640 825 662 ex
865 630 997 662 nomine
1046 630 1110 662 avis
1149 629 1233 661 illius

390 684 487 724 Quae
515 682 592 714 dum
617 682 647 713 in
677 681 784 713 multis
811 681 890 713 locis
915 686 1085 718 nascatur,
1122 692 1187 712 non
1220 681 1252 711 in
1289 681 1442 712 omnibus
1478 681 1602 714 fructus
1636 681 1767 724 perlicit
1799 681 2030 713 maturitatem.

1052 733 1194 764 Fructus
1235 736 1344 764 autem
1387 732 1453 763 eius

231 788 308 821 dine
342 785 519 830 nuncupati
553 789 642 821 sunt,
685 795 826 826 quorum
872 784 968 815 etiam
1008 780 1072 815 et¹³³
1113 780 1278 815 nomina¹⁴
1316 783 1488 816 variantur.

816 835 882 867 Alii
908 834 1092 875 Thebaici,
1127 835 1183 878 qui
1218 840 1249 866 et
1275 835 1414 867 Nicolai.

1606 578 1703 611 Hanc
1721 578 1843 611 Graeci
1870 575 2091 622 phoenicem⁹
2116 578 2169 609 di·-

1491 640 1577 672 quae
1624 630 1731 662 multis
1772 629 1861 661 annis
1903 630 2012 662 vivere
2053 628 2169 674 perhi-

2086 680 2169 712 Fre-

1529 732 1669 774 dactyli‚
1708 744 1726 764 a
1799 731 1979 776 digitorum
2018 732 2169 764 similitu-

1540 784 1625 816 Nam
1665 779 1751 815 alii¹⁵
1785 783 1997 826 appellantur
2035 784 2169 828 palmu-

1470 835 1535 867 Alii
1562 831 1737 876 nucalesffl,
1772 845 1854 877 quos
1886 834 2008 868 Graeci
2037 848 2167 881 καριω-

1277 629 1421 661 Arabiae
1430 654 1438 669 ,

1464 728 1484 748 ll
1736 728 1758 747 12

1127 937 1202 970 Hac
1237 936 1322 969 enim
1359 933 1465 969 cum²l
1502 937 1653 970 laudibus
1689 937 1852 970 victorum
1885 936 1994 980 capita
2027 946 2168 969 corona-

412 990 514 1034 Apud
543 990 693 1033 antiquos
721 994 830 1020 antem
858 988 977 1020 laudea
1005 988 1253 1027 nominabatur,
1287 993 1403 1031 postea
1439 987 1461 1019 d
1495 988 1591 1020 litera
1618 989 1747 1021 sublata
1775 993 1807 1021 et
1834 988 2015 1032 subrogata
2043 999 2058 1019 r
2081 987 2170 1019 dicta

233 1048 279 1076 est
307 1043 429 1081 laurus,
457 1047 493 1074 ut
519 1042 551 1073 in
579 1041 742 1077 auriculis,
770 1051 855 1082 quae
882 1040 971 1071 initio
996 1039 1170 1072 audiculae
1199 1040 1306 1072 dictae
1328 1044 1411 1078 sunt,
1440 1044 1471 1071 et
1499 1039 1672 1080 medidies,
1701 1036 1796 1083 qui²²
1822 1049 1909 1071 nunc
1936 1039 2089 1071 meridies
2116 1037 2170 1069 di-

232 1095 324 1127 citur.

232 1145 288 1178 illa
316 1145 425 1189 potius
452 1144 592 1177 victores
619 1147 826 1176 coronantur.

378 1094 476 1126 Hanc
503 1093 656 1124 arborem
684 1091 806 1123 Graeci
834 1088 985 1137 Δάφνην
1014 1096 1143 1131 vocant,
1180 1088 1252 1123 eo²³
1279 1090 1370 1133 quod
1406 1101 1572 1133 nunquam
1607 1091 1755 1135 deponat
1782 1087 2031 1131 viri‹litatem²·²‚
2060 1086 2170 1122 iude'ffi

879 1142 959 1173 Sola
981 1153 1115 1184 quoque
1143 1142 1228 1174 haec
1254 1142 1354 1174 arbor
1381 1141 1484 1185 vulgo
1513 1142 1678 1175 fulminari
1704 1142 1837 1175 minime
1858 1141 2013 1175 creditur.

395 1203 427 1235 3.
481 1203 594 1235 Malus
628 1214 647 1233 a
681 1201 818 1234 Graecis
856 1198 996 1241 ‹lieta2¹⁵,
1038 1201 1130 1243 quod
1165 1202 1204 1233 sit
1238 1201 1362 1233 fructus
1399 1200 1466 1232 eius
1508 1212 1688 1244 pomorum
1729 1202 1877 1234 omnium
1912 1200 2168 1233 rotundissimus.

233 1255 333 1288 Unde
356 1254 495 1287 ethaeo
525 1258 597 1285 sunt
634 1264 710 1285 vera
746 1253 851 1291 mala,
886 1264 971 1294 quae
1006 1252 1220 1284 veliementer
1254 1251 1396 1284 rotunda
1431 1257 1512 1285 sunt.

232 1307 320 1339 unde
347 1307 435 1350 prius
462 1305 600 1339 advecta
613 1301 637 1321 ’Π
665 1310 746 1337 sunt.

233 1359 352 1391 allatae
378 1362 461 1398 sunt,
489 1361 698 1400 acceperunt.
930 1353 941 1371 '³

752 1354 929 1399 virginus*

1566 1252 1661 1285 Mala
1686 1252 1835 1285 Matiana
1876 1264 1895 1284 a
1931 1253 2008 1285 loco
2041 1256 2169 1290 vocata,

800 1305 884 1336 Nam
914 1304 1037 1336 multae
1065 1304 1199 1336 arbores
1223 1304 1356 1335 nomina
1383 1313 1424 1334 ex
1447 1303 1622 1347 provinciis
1649 1300 1734 1336 vel²⁸
1760 1304 1960 1344 civitatibus,
1984 1303 2027 1336 de
2053 1303 2169 1345 quibus

966 1356 1149 1387 amantibus
1175 1355 1255 1398 quid
1284 1366 1323 1386 ex
1351 1354 1440 1387 malo
1468 1356 1581 1398 quaeri
1608 1355 1712 1388 soleat
1739 1355 1891 1388 ostendit.

394 1417 427 1449 4.
482 1416 590 1448 Malus
606 1415 757 1458 Cydonia
774 1426 894 1447 nomen
922 1412 1092 1458 ειιιιιρείῐ,30
1119 1415 1160 1447 ab
1188 1409 1363 1459 oppido³¹‚
1391 1414 1483 1457 quod
1512 1420 1561 1447 est
1586 1415 1618 1446 in
1640 1414 1743 1447 insula
1764 1414 1873 1453 Creta,
1901 1413 1944 1446 (le
1971 1424 2037 1456 qua
2057 1412 2170 1446 dicere

234 1469 339 1500 solent
353 1465 388 1507 3²,
414 1468 542 1500 urbium
571 1467 775 1500 Cretensium
804 1472 942 1498 matrem
966 1466 1172 1509 Cydoniam,
1203 1478 1241 1499 ex
1271 1466 1362 1498 cuius
1389 1477 1492 1509 pomo
1521 1466 1724 1509 Cydonitum
1758 1466 1938 1500 conficitur.

234 1515 332 1562 que³³
366 1530 406 1551 ex
433 1531 472 1551 ea
509 1515 570 1551 et²¹¹
598 1519 720 1558 vinum,
755 1529 822 1560 quo
857 1518 1081 1562 languentium
1116 1518 1279 1551 desideria
1320 1517 1486 1550 falluntur.

235 1570 408 1604 cuiuslibet
430 1568 494 1602 vini
521 1570 637 1602 veteris
663 1570 843 1614 imaginem
870 1574 1102 1613 repraesentat.

322 1689 350 1729 1)
372 1695 443 1717 sunt
474 1688 575 1717 addidi
605 1698 619 1716 e
644 1688 698 1717 Gu.
726 1691 751 1718 1.
775 1704 815 1709 —
855 1688 883 1728 Ξ)
911 1691 1064 1716 immissae
1086 1689 1122 1717 al.
1146 1704 1185 1710 -—

236 1734 264 1767 3)
288 1742 323 1759 ac
346 1743 400 1770 pro
424 1737 448 1759 st
473 1731 531 1759 Gu.
559 1734 585 1761 1.
609 1733 638 1761 2.
662 1741 706 1768 pr.
730 1746 771 1752 —-
795 1742 830 1758 nc
850 1741 894 1758 va.
918 1747 958 1753 ——
982 1732 1009 1770 4)
1035 1732 1117 1758 (licta
1136 1731 1184 1759 Ar.

238 1788 279 1794 —
303 1773 331 1813 5)
355 1774 402 1802 Sic
426 1775 482 1803 Gu.
506 1777 531 1804 1.
555 1783 601 1801 va.
627 1789 663 1794 -—
688 1775 807 1800 nomine
829 1774 908 1810 vulg.
930 1790 971 1795 -
1002 1775 1031 1809 6)
1055 1776 1187 1811 ill->ignis

238 1816 295 1843 Gu.
320 1819 345 1846 1.
372 1826 415 1844 Va.
449 1832 487 1837 —
523 1817 554 1853 7)
579 1816 627 1843 Sic
657 1816 712 1843 Gu.
737 1819 762 1846 1.
782 1818 808 1845 2.
834 1826 879 1844 va.
916 1833 949 1837 -—
978 1816 1083 1852 [rond.
1116 1822 1185 1844 res-t.

238 1857 317 1895 vulg.
341 1874 379 1879 —
404 1859 433 1894 8)
456 1858 542 1895 Vulg.
565 1860 629 1885 sine
659 1858 725 1885 alltc
748 1868 838 1895 succ„
865 1859 916 1887 sed
940 1869 1026 1897 pron.
1051 1869 1107 1886 om.
1129 1860 1184 1886 Gu.

240 1903 268 1929 1.
299 1915 340 1921 —
374 1899 401 1937 9)
426 1901 473 1928 Sic
496 1902 550 1928 (iu.
575 1903 599 1931 1.
622 1903 649 1930 2.
670 1911 714 1938 pr.
742 1911 784 1928 va.
808 1902 855 1929 Ar.
880 1918 916 1922 —-
943 1902 1082 1938 ‹polvtnov
1104 1902 1183 1938 vulg.

238 1957 279 1964 —
314 1941 359 1978 10)
383 1942 430 1969 Sic
454 1943 510 1970 Gu.
538 1946 562 1972 1.
582 1945 609 1972 2.
626 1959 666 1963 -—
683 1942 769 1970 ‹lm-et
794 1943 873 1979 vulg.
895 1960 935 1964 ——
973 1947 1015 1980 11)
1039 1945 1103 1970 eius
1127 1954 1183 1972 oni.

240 1984 338 2014 Gu.2.
362 1999 402 2004 —
426 1983 472 2023 12)
493 1995 511 2010 ιι
535 1995 590 2013 orn.
617 1985 671 2012 Gu.
696 1989 724 2016 2.
746 2001 787 2006 -
820 1984 863 2023 13)
881 1992 904 2012 cl
930 1996 986 2013 oni.
1011 1987 1066 2015 Gu.
1094 1988 1119 2017 1.
1143 2002 1183 2006 —

241 2026 289 2063 14)
310 2027 458 2053 nominati
482 2028 537 2053 Gu.
563 2030 589 2056 1.
615 2043 648 2047 -
687 2025 731 2066 15)
762 2029 841 2055 aliae
860 2028 916 2056 Cu.
939 2032 966 2060 2.
991 2033 1043 2057 ter.
1067 2044 1108 2050 —-
1140 2029 1185 2065 16)

239 2069 287 2096 Sic
319 2069 373 2096 Gu.
402 2071 425 2098 1.
447 2070 475 2099 2.
507 2078 551 2105 pr.
581 2069 627 2096 ΑΓ.
657 2085 698 2090 -
729 2072 884 2107 appellant
908 2072 1070 2108 palmula-s*
1100 2071 1182 2108 vulg.

241 2127 280 2133 ,-
306 2109 350 2149 17)
371 2110 419 2138 Sic
442 2110 499 2138 Gu.
523 2113 550 2140 1.
572 2126 611 2131 —
635 2112 817 2140 ›nm-ohanna?
840 2113 918 2150 vulg.
938 2129 979 2134 ——
1011 2112 1054 2151 13)
1078 2124 1184 2140 muca-

241 2154 282 2180 les
306 2153 341 2181 al.
364 2163 410 2191 pr.
433 2162 478 2180 va.
500 2168 541 2172 —
574 2151 616 2190 19)
640 2159 777 2190 caryotas
796 2157 845 2182 Ar.
869 2165 912 2183 va.
936 2171 974 2176 —-
1014 2156 1058 2193 (λυ)
1083 2157 1183 2183 lauri-5

242 2195 299 2223 Gu.
325 2197 349 2225 1.
377 2210 418 2215 —
455 2198 499 2227 21)
524 2205 591 2221 curn
623 2204 678 2222 om.
710 2196 765 2223 Gu.
792 2201 816 2227 1.
840 2213 880 2217 —
911 2200 956 2233 ΕΞ)
980 2208 1057 2234 qnae
1079 2198 1115 2225 al.
1139 2208 1185 2226 va.

244 2256 281 2260 -
312 2235 358 2274 23)
381 2247 411 2263 eo
434 2236 534 2265 addidi
558 2247 572 2264 e
594 2236 648 2263 Gu.
676 2240 700 2266 1.
723 2253 764 2258 —
796 2238 841 2276 Ἢ)
866 2239 956 2267 virid.
981 2238 1045 2277 dep.
1068 2250 1114 2269 γει.
1150 2256 1181 2260 *-

242 2278 290 2318 25)
313 2277 392 2306 unde
413 2288 458 2307 va.
484 2296 521 2300 -—
556 2282 599 2313 96)
623 2278 670 2305 Sic
700 2278 754 2306 Gu.
774 2282 796 2308 1.
813 2282 840 2309 2.
862 2296 900 2301 —
925 2282 1043 2309 Malum
1060 2304 1065 2309 .
1082 2305 1088 2310 .
1109 2306 1114 2312 ,
1133 2281 1186 2309 (Ιί-

243 2327 324 2349 ctum
347 2320 424 2358 vulg.
455 2337 490 2342 -—
526 2320 570 2359 97)
595 2321 643 2348 Sic
667 2320 721 2348 Gu.
738 2323 762 2351 1.
780 2323 806 2350 2.
823 2322 858 2349 al.
876 2333 918 2351 va.
935 2340 975 2344 —
990 2325 1106 2351 Malam
1118 2326 1186 2352 Mc-

244 2366 363 2392 tianwn
386 2385 391 2391 .
416 2384 423 2392 .
447 2368 585 2391 vocatum
607 2385 614 2392 .
638 2384 644 2390 .
667 2362 826 2391 aduectum
847 2370 888 2391 cst
912 2366 991 2403 vulg.
1015 2382 1056 2388 —
1078 2366 1123 2404 28)
1142 2367 1190 2395 sel

1991 1465 2047 1497 Fit
2083 1475 2170 1507 quo-

1540 1518 1625 1550 Nam
1662 1518 1774 1562 specie
1809 1522 1841 1550 et
1873 1521 1970 1562 gustu
2004 1521 2035 1549 et
2065 1515 2170 1548 odore

1228 1699 1283 1727 pro
1307 1695 1332 1716 ct
1353 1689 1408 1716 Gu.
1430 1691 1457 1718 1.
1479 1691 1507 1719 2.
1530 1697 1576 1715 va.
1605 1702 1646 1708 —-
1682 1688 1729 1721 ΞΩ)
1752 1686 1886 1714 Fortasse
1914 1686 2037 1724 respicit
2065 1686 2166 1722 Eclog.

1229 1732 1283 1761 lll.
1327 1732 1373 1762 64.
1417 1730 1501 1758 stlalo
1536 1740 1580 1757 me
1620 1728 1750 1756 Galatea
1779 1730 1857 1766 petit
1891 1728 2009 1755 lasciva
2051 1728 2167 1767 puella,

1226 1774 1261 1802 ad
1286 1784 1373 1812 quen]
1399 1774 1496 1801 locum
1518 1772 1586 1801 vide
1608 1772 1711 1809 inttpr.
1739 1788 1780 1794 —
1809 1771 1859 1806 30)
1880 1771 1929 1799 Sic
1952 1771 2007 1798 Gu.
2033 1775 2059 1803 1.
2079 1773 2107 1802 2.
2131 1770 2167 1798 al.

1227 1827 1272 1855 pr.
1295 1827 1341 1845 va.
1364 1832 1405 1837 -—
1428 1815 1515 1844 Mala
1530 1814 1653 1842 calonia
1679 1836 1685 1842 .
1711 1837 1717 1842 .
1742 1819 1933 1851 sumpserunt
1954 1813 2034 1851 vulg.
2058 1830 2093 1835 --
2118 1810 2168 1852 31)

1227 1859 1265 1886 ul)
1295 1869 1351 1897 pro
1381 1869 1414 1885 ex
1445 1859 1501 1886 (ἆυ.
1531 1861 1557 1887 1.
1582 1860 1610 1888 2.
1639 1856 1675 1884 al.
1705 1866 1750 1894 pr.
1782 1866 1827 1884 va.
1856 1872 1895 1878 —-
1929 1856 1966 1884 ub
2002 1867 2068 1894 opp.
2095 1865 2169 1894 qno-

1227 1901 1300 1929 datm
1328 1904 1360 1928 m
1388 1902 1443 1928 inS.
1476 1910 1522 1927 va.
1549 1915 1592 1920 --
1625 1898 1671 1936 39)
1701 1900 1810 1926 Graeci
1838 1898 1907 1928 add.
1938 1899 2017 1936 vulg.
2041 1915 2075 1919 —
2103 1897 2167 1926 Om-

1228 1945 1284 1974 Gu.
1313 1947 1339 1975 1.
1369 1959 1406 1964 -—
1441 1943 1550 1971 Graeci
1579 1940 1635 1970 dic.
1666 1942 1720 1969 sol.
1751 1942 1806 1969 Gu.
1833 1944 1860 1973 2.
1898 1951 1942 1980 pr.
1972 1951 2017 1970 va.
2049 1958 2083 1962 —
2120 1938 2168 1978 33)

1228 1988 1336 2024 litque
1359 1986 1415 2013 Gu.
1432 1988 1458 2015 1.
1482 2002 1514 2005 —
1553 1985 1599 2020 34)
1623 1988 1649 2011 et
1672 1994 1727 2011 om.
1750 1994 1798 2012 va.
1822 1999 1860 2005 --
1885 1987 1932 2019 35)
1956 1984 2002 2012 Sic
2027 1983 2083 2012 Gu.
2099 1984 2166 2014 1.2.

1226 2040 1271 2057 va.
1297 2046 1334 2050 -—
1364 2027 1572 2056 Malmnellmn
1596 2047 1603 2053 .
1626 2049 1631 2054 .
1655 2027 1843 2064 appellatum
1865 2027 1945 2064 vulg.
1968 2043 2009 2047 -—
2036 2025 2169 2054 JlIclime-

1227 2073 1289 2099 lum
1313 2072 1360 2099 Ar.
1384 2081 1398 2098 e
1422 2070 1492 2098 Plin.
1517 2069 1579 2102 XV,
1606 2070 1652 2100 14.
1679 2085 1713 2090 —
1746 2072 1790 2106 36)
1816 2069 1939 2097 Martial.
1962 2068 2042 2103 XIII,
2064 2068 2168 2099 24.-

1226 2117 1273 2149 37)
1290 2114 1339 2141 Sic
1364 2113 1417 2140 Gu.
1440 2115 1464 2142 1.
1486 2115 1512 2144 2.
1536 2128 1577 2133 —
1599 2112 1759 2139 melimella
1781 2112 1861 2148 vulg.
1886 2130 1922 2133 —
1944 2111 2093 2138 melimela
2115 2109 2165 2138 Ar.

1226 2172 1268 2177 —
1298 2159 1345 2189 3⁸)
1368 2155 1415 2182 Sic
1440 2155 1494 2182 Gu.
1521 2157 1545 2185 1.
1568 2156 1596 2184 2.
1621 2164 1667 2183 va.
1689 2170 1731 2175 —
1750 2153 1866 2182 dz‘citm·
1896 2153 1975 2191 vulg.
2000 2169 2042 2174 —
2071 2152 2118 2190 39)
2141 2156 2167 2178 et

1229 2197 1310 2236 quod
1331 2198 1385 2225 Gu.
1415 2200 1440 2228 1.
1465 2199 1491 2227 2.
1517 2212 1557 2217 —
1597 2194 1646 2235 40)
1669 2197 1717 2224 Sic
1741 2197 1798 2224 Gu.
1826 2201 1852 2228 1.
1876 2213 1917 2218 —
1939 2196 2065 2234 malogr.
2086 2193 2166 2229 vulg.

1227 2256 1267 2263 --
1294 2240 1341 2276 41)
1365 2240 1412 2266 Sic
1443 2241 1497 2267 (ju.
1523 2241 1550 2269 1.
1574 2240 1602 2269 2.
1625 2249 1669 2267 va.
1696 2256 1729 2259 —
1764 2240 1840 2266 inter
1869 2238 1951 2275 vulg.
1973 2254 2014 2259 —
2048 2236 2096 2273 42)
2117 2235 2166 2262 Sic

1230 2283 1287 2310 Gu.
1305 2284 1330 2312 1.
1355 2299 1393 2303 —
1419 2283 1540 2309 corticis
1564 2280 1686 2309 rotund.
1709 2281 1789 2318 vulg.
1813 2297 1852 2302 —
1875 2280 1919 2319 43)
1943 2280 1990 2307 Sic
2013 2279 2065 2306 Gu.
2085 2280 2110 2308 1.
2136 2280 2165 2308 2.

1229 2340 1269 2346 -·
1291 2325 1417 2362 malogr.
1441 2324 1520 2362 vulg.
1547 2340 1582 2345 —
1623 2325 1671 2360 44)
1694 2323 1779 2361 Vulg.
1800 2329 1841 2351 est
1859 2333 1942 2361 gen„
1967 2321 2019 2350 sed
2041 2325 2082 2347 est
2105 2329 2164 2348 om.
