<?xml version="1.0" encoding="UTF-8"?>
<!DOCTYPE html PUBLIC "-//W3C//DTD XHTML 1.0 Transitional//EN"
    "http://www.w3.org/TR/xhtml1/DTD/xhtml1-transitional.dtd">
<html xmlns="http://www.w3.org/1999/xhtml" xml:lang="en" lang="en">
 <head>
  <title>
</title>
<meta http-equiv="Content-Type" content="text/html;charset=utf-8" />
  <meta name='ocr-system' content='tesseract 3.04.00' />
  <meta name='ocr-capabilities' content='ocr_page ocr_carea ocr_par ocr_line ocrx_word'/>
</head>
<body>
  <div class='ocr_page' id='page_1' title='image "./corpusgrammatico03linduoft_0022.png"; bbox 0 0 2198 2814; ppageno 0'>
   <div class='ocr_carea' id='block_1_1' title="bbox 176 138 1484 174">
    <p class='ocr_par' dir='ltr' id='par_1_1' title="bbox 176 138 1484 174">
     <span class='ocr_line' id='line_1_1' title="bbox 176 138 1484 174; baseline 0 -1"><span class='ocrx_word' id='word_1_1' title='bbox 176 141 200 173; x_wconf 77' lang='lat'>4</span> <span class='ocrx_word' id='word_1_2' title='bbox 773 139 1047 174; x_wconf 85' lang='lat' dir='ltr'>SUMMA</span> <span class='ocrx_word' id='word_1_3' title='bbox 1109 138 1484 173; x_wconf 87' lang='lat' dir='ltr'><strong>CAPITUM.</strong></span> 
     </span>
    </p>
   </div>
   <div class='ocr_carea' id='block_1_2' title="bbox 198 228 765 260">
    <p class='ocr_par' dir='ltr' id='par_1_2' title="bbox 198 228 765 260">
     <span class='ocr_line' id='line_1_2' title="bbox 198 228 765 260; baseline -0.002 0"><span class='ocrx_word' id='word_1_4' title='bbox 198 230 332 260; x_wconf 83' lang='lat' dir='ltr'>CAPITA</span> <span class='ocrx_word' id='word_1_5' title='bbox 349 228 449 257; x_wconf 84' lang='lat' dir='ltr'>LIBRI</span> <span class='ocrx_word' id='word_1_6' title='bbox 464 228 594 260; x_wconf 86' lang='lat' dir='ltr'>DECIMI</span> <span class='ocrx_word' id='word_1_7' title='bbox 607 231 765 260; x_wconf 87' lang='lat' dir='ltr'><strong>SEPTIMI.</strong></span> 
     </span>
    </p>
   </div>
   <div class='ocr_carea' id='block_1_3' title="bbox 199 295 790 623">
    <p class='ocr_par' dir='ltr' id='par_1_3' title="bbox 199 295 786 375">
     <span class='ocr_line' id='line_1_3' title="bbox 200 295 786 330; baseline 0.003 -5"><span class='ocrx_word' id='word_1_8' title='bbox 200 302 216 330; x_wconf 89' lang='lat'>1</span> <span class='ocrx_word' id='word_1_9' title='bbox 239 299 281 325; x_wconf 89' lang='lat' dir='ltr'><strong>De</strong></span> <span class='ocrx_word' id='word_1_10' title='bbox 295 295 461 325; x_wconf 84' lang='lat' dir='ltr'><strong>auctoribus</strong></span> <span class='ocrx_word' id='word_1_11' title='bbox 478 306 576 326; x_wconf 84' lang='lat' dir='ltr'><strong>rerum</strong></span> <span class='ocrx_word' id='word_1_12' title='bbox 600 299 786 327; x_wconf 82' lang='lat' dir='ltr'><strong>rusticarum.</strong></span> 
     </span>
     <span class='ocr_line' id='line_1_4' title="bbox 199 339 583 375; baseline 0.003 -8"><span class='ocrx_word' id='word_1_13' title='bbox 199 344 218 371; x_wconf 93' lang='grc'><strong>2</strong></span> <span class='ocrx_word' id='word_1_14' title='bbox 240 340 282 367; x_wconf 85' lang='lat' dir='ltr'><strong>De</strong></span> <span class='ocrx_word' id='word_1_15' title='bbox 304 339 420 367; x_wconf 87' lang='lat' dir='ltr'><strong>cultura</strong></span> <span class='ocrx_word' id='word_1_16' title='bbox 439 347 583 375; x_wconf 76' lang='lat' dir='ltr'><strong>agrorum.</strong></span> 
     </span>
    </p>

    <p class='ocr_par' dir='ltr' id='par_1_4' title="bbox 199 380 471 414">
     <span class='ocr_line' id='line_1_5' title="bbox 199 380 471 414; baseline -0.004 -5"><span class='ocrx_word' id='word_1_17' title='bbox 199 384 219 414; x_wconf 83' lang='lat'><strong>3</strong></span> <span class='ocrx_word' id='word_1_18' title='bbox 245 383 283 410; x_wconf 77' lang='lat' dir='ltr'><strong>De</strong></span> <span class='ocrx_word' id='word_1_19' title='bbox 307 380 471 409; x_wconf 81' lang='lat' dir='ltr'><strong>frumentis.</strong></span> 
     </span>
    </p>

    <p class='ocr_par' dir='ltr' id='par_1_5' title="bbox 201 421 509 459">
     <span class='ocr_line' id='line_1_6' title="bbox 201 421 509 459; baseline -0.006 -7"><span class='ocrx_word' id='word_1_20' title='bbox 201 428 220 455; x_wconf 84' lang='lat'>4</span> <span class='ocrx_word' id='word_1_21' title='bbox 243 425 284 452; x_wconf 78' lang='lat' dir='ltr'><strong>De</strong></span> <span class='ocrx_word' id='word_1_22' title='bbox 306 421 509 459; x_wconf 76' lang='lat' dir='ltr'><strong>leguminibus.</strong></span> 
     </span>
    </p>

    <p class='ocr_par' dir='ltr' id='par_1_6' title="bbox 202 464 429 497">
     <span class='ocr_line' id='line_1_7' title="bbox 202 464 429 497; baseline -0.013 -3"><span class='ocrx_word' id='word_1_23' title='bbox 202 468 221 497; x_wconf 90' lang='lat'>5</span> <span class='ocrx_word' id='word_1_24' title='bbox 246 467 285 493; x_wconf 82' lang='lat' dir='ltr'><strong>De</strong></span> <span class='ocrx_word' id='word_1_25' title='bbox 310 464 429 492; x_wconf 86' lang='lat' dir='ltr'><strong>vitibus.</strong></span> 
     </span>
    </p>

    <p class='ocr_par' dir='ltr' id='par_1_7' title="bbox 202 506 468 538">
     <span class='ocr_line' id='line_1_8' title="bbox 202 506 468 538; baseline -0.023 0"><span class='ocrx_word' id='word_1_26' title='bbox 202 510 220 538; x_wconf 90' lang='lat'><strong>6</strong></span> <span class='ocrx_word' id='word_1_27' title='bbox 245 509 284 535; x_wconf 89' lang='lat' dir='ltr'><strong>De</strong></span> <span class='ocrx_word' id='word_1_28' title='bbox 307 506 468 535; x_wconf 81' lang='lat' dir='ltr'>arboribus.</span> 
     </span>
    </p>

    <p class='ocr_par' dir='ltr' id='par_1_8' title="bbox 203 546 790 623">
     <span class='ocr_line' id='line_1_9' title="bbox 203 546 790 587; baseline -0.002 -10"><span class='ocrx_word' id='word_1_29' title='bbox 203 553 221 580; x_wconf 92' lang='lat'><strong>7</strong></span> <span class='ocrx_word' id='word_1_30' title='bbox 246 550 286 577; x_wconf 88' lang='lat' dir='ltr'><strong>De</strong></span> <span class='ocrx_word' id='word_1_31' title='bbox 308 549 435 587; x_wconf 89' lang='lat' dir='ltr'><strong>propriis</strong></span> <span class='ocrx_word' id='word_1_32' title='bbox 457 546 624 575; x_wconf 85' lang='lat' dir='ltr'><strong>nominibus</strong></span> <span class='ocrx_word' id='word_1_33' title='bbox 640 547 790 577; x_wconf 89' lang='lat' dir='ltr'><strong>arborum.</strong></span> 
     </span>
     <span class='ocr_line' id='line_1_10' title="bbox 205 590 666 623; baseline 0.002 -4"><span class='ocrx_word' id='word_1_34' title='bbox 205 595 224 623; x_wconf 91' lang='lat'>8</span> <span class='ocrx_word' id='word_1_35' title='bbox 248 592 288 619; x_wconf 88' lang='lat' dir='ltr'><strong>De</strong></span> <span class='ocrx_word' id='word_1_36' title='bbox 311 590 463 618; x_wconf 80' lang='lat' dir='ltr'>arboribus</span> <span class='ocrx_word' id='word_1_37' title='bbox 488 590 666 620; x_wconf 79' lang='lat' dir='ltr'><strong>aromaticis,</strong></span> 
     </span>
    </p>
   </div>
   <div class='ocr_carea' id='block_1_4' title="bbox 205 631 794 701">
    <p class='ocr_par' dir='ltr' id='par_1_9' title="bbox 205 631 794 701">
     <span class='ocr_line' id='line_1_11' title="bbox 205 631 794 664; baseline 0.002 -4"><span class='ocrx_word' id='word_1_38' title='bbox 205 636 223 664; x_wconf 90' lang='lat'><strong>9</strong></span> <span class='ocrx_word' id='word_1_39' title='bbox 248 634 286 660; x_wconf 90' lang='lat' dir='ltr'><strong>De</strong></span> <span class='ocrx_word' id='word_1_40' title='bbox 308 631 406 659; x_wconf 88' lang='lat' dir='ltr'>herbis</span> <span class='ocrx_word' id='word_1_41' title='bbox 429 632 600 660; x_wconf 82' lang='lat' dir='ltr'><strong>aromaticis</strong></span> <span class='ocrx_word' id='word_1_42' title='bbox 622 632 684 661; x_wconf 86' lang='lat' dir='ltr'><strong>sive</strong></span> <span class='ocrx_word' id='word_1_43' title='bbox 707 642 794 661; x_wconf 87' lang='lat' dir='ltr'><strong>com·</strong></span> 
     </span>
     <span class='ocr_line' id='line_1_12' title="bbox 266 673 411 701; baseline 0 0"><span class='ocrx_word' id='word_1_44' title='bbox 266 673 411 701; x_wconf 88' lang='lat' dir='ltr'><strong>munibus.</strong></span> 
     </span>
    </p>
   </div>
   <div class='ocr_carea' id='block_1_5' title="bbox 186 715 600 789">
    <p class='ocr_par' dir='ltr' id='par_1_10' title="bbox 186 715 600 789">
     <span class='ocr_line' id='line_1_13' title="bbox 186 715 450 747; baseline -0.004 -2"><span class='ocrx_word' id='word_1_45' title='bbox 186 719 223 747; x_wconf 86' lang='lat'><strong>10</strong></span> <span class='ocrx_word' id='word_1_46' title='bbox 248 716 288 744; x_wconf 83' lang='lat' dir='ltr'><strong>De</strong></span> <span class='ocrx_word' id='word_1_47' title='bbox 313 715 450 744; x_wconf 82' lang='lat' dir='ltr'><strong>oleribus.</strong></span> 
     </span>
     <span class='ocr_line' id='line_1_14' title="bbox 187 757 600 789; baseline 0 -4"><span class='ocrx_word' id='word_1_48' title='bbox 187 761 223 789; x_wconf 89' lang='lat'><strong>11</strong></span> <span class='ocrx_word' id='word_1_49' title='bbox 249 758 288 785; x_wconf 86' lang='lat' dir='ltr'><strong>De</strong></span> <span class='ocrx_word' id='word_1_50' title='bbox 311 757 440 785; x_wconf 85' lang='lat' dir='ltr'><strong>odoratis</strong></span> <span class='ocrx_word' id='word_1_51' title='bbox 463 757 600 786; x_wconf 89' lang='lat' dir='ltr'><strong>oleribus.</strong></span> 
     </span>
    </p>
   </div>
   <div class='ocr_carea' id='block_1_6' title="bbox 208 849 771 882">
    <p class='ocr_par' dir='ltr' id='par_1_11' title="bbox 208 849 771 882">
     <span class='ocr_line' id='line_1_15' title="bbox 208 849 771 882; baseline 0.002 -4"><span class='ocrx_word' id='word_1_52' title='bbox 208 849 344 878; x_wconf 87' lang='lat' dir='ltr'>CAPITA</span> <span class='ocrx_word' id='word_1_53' title='bbox 359 850 459 882; x_wconf 80' lang='lat' dir='ltr'>LIBRI</span> <span class='ocrx_word' id='word_1_54' title='bbox 478 850 606 879; x_wconf 88' lang='lat' dir='ltr'>DECIMI</span> <span class='ocrx_word' id='word_1_55' title='bbox 622 849 771 880; x_wconf 83' lang='lat' dir='ltr'><strong>OCTAVI.</strong></span> 
     </span>
    </p>
   </div>
   <div class='ocr_carea' id='block_1_7' title="bbox 190 916 563 1622">
    <p class='ocr_par' dir='ltr' id='par_1_12' title="bbox 209 916 409 946">
     <span class='ocr_line' id='line_1_16' title="bbox 209 916 409 946; baseline -0.015 0"><span class='ocrx_word' id='word_1_56' title='bbox 209 919 223 946; x_wconf 98' lang='grc'><strong>1</strong></span> <span class='ocrx_word' id='word_1_57' title='bbox 250 917 291 945; x_wconf 87' lang='lat' dir='ltr'><strong>De</strong></span> <span class='ocrx_word' id='word_1_58' title='bbox 313 916 409 944; x_wconf 82' lang='lat' dir='ltr'><strong>bellis.</strong></span> 
     </span>
    </p>

    <p class='ocr_par' dir='ltr' id='par_1_13' title="bbox 206 958 479 1037">
     <span class='ocr_line' id='line_1_17' title="bbox 206 958 479 996; baseline 0.004 -10"><span class='ocrx_word' id='word_1_59' title='bbox 206 962 226 990; x_wconf 82' lang='lat'><strong>2</strong></span> <span class='ocrx_word' id='word_1_60' title='bbox 251 958 292 986; x_wconf 87' lang='lat' dir='ltr'><strong>De</strong></span> <span class='ocrx_word' id='word_1_61' title='bbox 315 958 479 996; x_wconf 83' lang='lat' dir='ltr'>triumphis.</span> 
     </span>
     <span class='ocr_line' id='line_1_18' title="bbox 207 1000 408 1037; baseline 0 -9"><span class='ocrx_word' id='word_1_62' title='bbox 207 1003 227 1032; x_wconf 88' lang='lat'><strong>3</strong></span> <span class='ocrx_word' id='word_1_63' title='bbox 249 1001 289 1028; x_wconf 88' lang='lat' dir='ltr'><strong>De</strong></span> <span class='ocrx_word' id='word_1_64' title='bbox 312 1000 408 1037; x_wconf 82' lang='lat' dir='ltr'><strong>signis.</strong></span> 
     </span>
    </p>

    <p class='ocr_par' dir='ltr' id='par_1_14' title="bbox 209 1042 454 1072">
     <span class='ocr_line' id='line_1_19' title="bbox 209 1042 454 1072; baseline 0.012 -4"><span class='ocrx_word' id='word_1_65' title='bbox 209 1043 228 1072; x_wconf 79' lang='grc'>4</span> <span class='ocrx_word' id='word_1_66' title='bbox 253 1043 291 1070; x_wconf 79' lang='lat' dir='ltr'><strong>De</strong></span> <span class='ocrx_word' id='word_1_67' title='bbox 313 1042 454 1071; x_wconf 89' lang='lat' dir='ltr'><strong>buccinis.</strong></span> 
     </span>
    </p>

    <p class='ocr_par' dir='ltr' id='par_1_15' title="bbox 209 1085 410 1115">
     <span class='ocr_line' id='line_1_20' title="bbox 209 1085 410 1115; baseline 0 -3"><span class='ocrx_word' id='word_1_68' title='bbox 209 1086 228 1115; x_wconf 89' lang='lat'><em>5</em></span> <span class='ocrx_word' id='word_1_69' title='bbox 254 1085 293 1112; x_wconf 83' lang='lat' dir='ltr'><strong>De</strong></span> <span class='ocrx_word' id='word_1_70' title='bbox 316 1085 410 1112; x_wconf 86' lang='lat' dir='ltr'><strong>armis.</strong></span> 
     </span>
    </p>

    <p class='ocr_par' dir='ltr' id='par_1_16' title="bbox 209 1126 428 1163">
     <span class='ocr_line' id='line_1_21' title="bbox 209 1126 428 1163; baseline -0.009 -7"><span class='ocrx_word' id='word_1_71' title='bbox 209 1128 228 1156; x_wconf 88' lang='grc'><strong>6</strong></span> <span class='ocrx_word' id='word_1_72' title='bbox 253 1127 292 1154; x_wconf 89' lang='lat' dir='ltr'><strong>De</strong></span> <span class='ocrx_word' id='word_1_73' title='bbox 315 1126 428 1163; x_wconf 84' lang='lat' dir='ltr'><strong>gladiis.</strong></span> 
     </span>
    </p>

    <p class='ocr_par' dir='ltr' id='par_1_17' title="bbox 209 1167 414 1198">
     <span class='ocr_line' id='line_1_22' title="bbox 209 1167 414 1198; baseline 0.005 -3"><span class='ocrx_word' id='word_1_74' title='bbox 209 1170 227 1198; x_wconf 92' lang='lat'><strong>7</strong></span> <span class='ocrx_word' id='word_1_75' title='bbox 253 1169 292 1196; x_wconf 86' lang='lat' dir='ltr'><strong>De</strong></span> <span class='ocrx_word' id='word_1_76' title='bbox 314 1167 414 1196; x_wconf 79' lang='lat' dir='ltr'><strong>hastis.</strong></span> 
     </span>
    </p>

    <p class='ocr_par' dir='ltr' id='par_1_18' title="bbox 208 1209 441 1246">
     <span class='ocr_line' id='line_1_23' title="bbox 208 1209 441 1246; baseline 0.004 -9"><span class='ocrx_word' id='word_1_77' title='bbox 208 1212 227 1240; x_wconf 91' lang='lat'><em>8</em></span> <span class='ocrx_word' id='word_1_78' title='bbox 250 1209 290 1237; x_wconf 89' lang='lat' dir='ltr'><strong>De</strong></span> <span class='ocrx_word' id='word_1_79' title='bbox 317 1210 441 1246; x_wconf 76' lang='lat' dir='ltr'><strong>sagittis,</strong></span> 
     </span>
    </p>

    <p class='ocr_par' dir='ltr' id='par_1_19' title="bbox 190 1251 467 1323">
     <span class='ocr_line' id='line_1_24' title="bbox 208 1251 467 1288; baseline 0.008 -11"><span class='ocrx_word' id='word_1_80' title='bbox 208 1253 227 1281; x_wconf 88' lang='lat'><strong>9</strong></span> <span class='ocrx_word' id='word_1_81' title='bbox 251 1251 292 1279; x_wconf 88' lang='lat' dir='ltr'><strong>De</strong></span> <span class='ocrx_word' id='word_1_82' title='bbox 313 1251 467 1288; x_wconf 87' lang='lat' dir='ltr'><strong>pharetris.</strong></span> 
     </span>
     <span class='ocr_line' id='line_1_25' title="bbox 190 1292 420 1323; baseline 0 -4"><span class='ocrx_word' id='word_1_83' title='bbox 190 1295 227 1323; x_wconf 84' lang='lat'><strong>10</strong></span> <span class='ocrx_word' id='word_1_84' title='bbox 252 1292 290 1320; x_wconf 90' lang='lat' dir='ltr'><strong>De</strong></span> <span class='ocrx_word' id='word_1_85' title='bbox 314 1292 420 1320; x_wconf 86' lang='lat' dir='ltr'><strong>fundis.</strong></span> 
     </span>
    </p>

    <p class='ocr_par' dir='ltr' id='par_1_20' title="bbox 191 1334 411 1364">
     <span class='ocr_line' id='line_1_26' title="bbox 191 1334 411 1364; baseline -0.018 0"><span class='ocrx_word' id='word_1_86' title='bbox 191 1336 224 1364; x_wconf 94' lang='grc'><strong>11</strong></span> <span class='ocrx_word' id='word_1_87' title='bbox 252 1334 290 1362; x_wconf 85' lang='lat' dir='ltr'><strong>De</strong></span> <span class='ocrx_word' id='word_1_88' title='bbox 313 1334 411 1362; x_wconf 85' lang='lat' dir='ltr'><strong>ariete.</strong></span> 
     </span>
    </p>

    <p class='ocr_par' dir='ltr' id='par_1_21' title="bbox 191 1375 438 1413">
     <span class='ocr_line' id='line_1_27' title="bbox 191 1375 438 1413; baseline -0.004 -10"><span class='ocrx_word' id='word_1_89' title='bbox 191 1378 229 1407; x_wconf 88' lang='grc'>12</span> <span class='ocrx_word' id='word_1_90' title='bbox 250 1376 290 1403; x_wconf 89' lang='lat' dir='ltr'><strong>De</strong></span> <span class='ocrx_word' id='word_1_91' title='bbox 317 1375 438 1413; x_wconf 89' lang='lat' dir='ltr'><strong>clypeis.</strong></span> 
     </span>
    </p>

    <p class='ocr_par' dir='ltr' id='par_1_22' title="bbox 192 1417 423 1447">
     <span class='ocr_line' id='line_1_28' title="bbox 192 1417 423 1447; baseline -0.022 0"><span class='ocrx_word' id='word_1_92' title='bbox 192 1419 228 1447; x_wconf 82' lang='lat'><strong>13</strong></span> <span class='ocrx_word' id='word_1_93' title='bbox 252 1417 293 1445; x_wconf 85' lang='lat' dir='ltr'><strong>De</strong></span> <span class='ocrx_word' id='word_1_94' title='bbox 315 1417 423 1445; x_wconf 84' lang='lat' dir='ltr'><strong>loricis.</strong></span> 
     </span>
    </p>

    <p class='ocr_par' dir='ltr' id='par_1_23' title="bbox 194 1458 412 1495">
     <span class='ocr_line' id='line_1_29' title="bbox 194 1458 412 1495; baseline -0.023 -7"><span class='ocrx_word' id='word_1_95' title='bbox 194 1458 229 1489; x_wconf 84' lang='lat'><strong>14</strong></span> <span class='ocrx_word' id='word_1_96' title='bbox 255 1459 294 1487; x_wconf 77' lang='lat' dir='ltr'><strong>De</strong></span> <span class='ocrx_word' id='word_1_97' title='bbox 317 1458 412 1495; x_wconf 81' lang='lat' dir='ltr'><strong>galeis.</strong></span> 
     </span>
    </p>

    <p class='ocr_par' dir='ltr' id='par_1_24' title="bbox 195 1500 391 1530">
     <span class='ocr_line' id='line_1_30' title="bbox 195 1500 391 1530; baseline -0.015 0"><span class='ocrx_word' id='word_1_98' title='bbox 195 1500 231 1530; x_wconf 86' lang='lat'><strong>15</strong></span> <span class='ocrx_word' id='word_1_99' title='bbox 256 1500 295 1528; x_wconf 91' lang='lat' dir='ltr'><strong>De</strong></span> <span class='ocrx_word' id='word_1_100' title='bbox 318 1501 391 1528; x_wconf 80' lang='lat' dir='ltr'><strong>foro.</strong></span> 
     </span>
    </p>

    <p class='ocr_par' dir='ltr' id='par_1_25' title="bbox 195 1542 563 1622">
     <span class='ocr_line' id='line_1_31' title="bbox 195 1542 506 1580; baseline -0.013 -7"><span class='ocrx_word' id='word_1_101' title='bbox 195 1545 232 1573; x_wconf 88' lang='lat'><strong>16</strong></span> <span class='ocrx_word' id='word_1_102' title='bbox 257 1542 296 1571; x_wconf 88' lang='lat' dir='ltr'><strong>De</strong></span> <span class='ocrx_word' id='word_1_103' title='bbox 322 1542 506 1580; x_wconf 84' lang='lat' dir='ltr'><strong>spectaculis.</strong></span> 
     </span>
     <span class='ocr_line' id='line_1_32' title="bbox 196 1584 563 1622; baseline 0.003 -11"><span class='ocrx_word' id='word_1_104' title='bbox 196 1587 233 1615; x_wconf 88' lang='lat'><strong>17</strong></span> <span class='ocrx_word' id='word_1_105' title='bbox 256 1584 297 1612; x_wconf 90' lang='lat' dir='ltr'><strong>De</strong></span> <span class='ocrx_word' id='word_1_106' title='bbox 321 1584 392 1612; x_wconf 89' lang='lat' dir='ltr'><strong>ludo</strong></span> <span class='ocrx_word' id='word_1_107' title='bbox 418 1584 563 1622; x_wconf 81' lang='lat' dir='ltr'><strong>gymnico.</strong></span> 
     </span>
    </p>
   </div>
   <div class='ocr_carea' id='block_1_8' title="bbox 196 1626 708 1699">
    <p class='ocr_par' dir='ltr' id='par_1_26' title="bbox 196 1626 708 1699">
     <span class='ocr_line' id='line_1_33' title="bbox 197 1626 708 1665; baseline 0.004 -12"><span class='ocrx_word' id='word_1_108' title='bbox 197 1628 233 1657; x_wconf 86' lang='lat'><strong>18</strong></span> <span class='ocrx_word' id='word_1_109' title='bbox 256 1626 295 1654; x_wconf 90' lang='lat' dir='ltr'><strong>De</strong></span> <span class='ocrx_word' id='word_1_110' title='bbox 317 1626 471 1663; x_wconf 83' lang='lat' dir='ltr'><strong>generibus</strong></span> <span class='ocrx_word' id='word_1_111' title='bbox 499 1627 708 1665; x_wconf 82' lang='lat' dir='ltr'><strong>gymnicorum.</strong></span> 
     </span>
     <span class='ocr_line' id='line_1_34' title="bbox 196 1669 404 1699; baseline 0.005 -4"><span class='ocrx_word' id='word_1_112' title='bbox 196 1670 232 1699; x_wconf 87' lang='grc'><strong>19</strong></span> <span class='ocrx_word' id='word_1_113' title='bbox 256 1669 296 1695; x_wconf 93' lang='lat' dir='ltr'><strong>De</strong></span> <span class='ocrx_word' id='word_1_114' title='bbox 319 1669 404 1696; x_wconf 84' lang='lat' dir='ltr'><strong>saltu.</strong></span> 
     </span>
    </p>
   </div>
   <div class='ocr_carea' id='block_1_9' title="bbox 193 1710 631 2293">
    <p class='ocr_par' dir='ltr' id='par_1_27' title="bbox 193 1710 417 1741">
     <span class='ocr_line' id='line_1_35' title="bbox 193 1710 417 1741; baseline 0.004 -4"><span class='ocrx_word' id='word_1_115' title='bbox 193 1712 234 1741; x_wconf 90' lang='grc'><strong>20</strong></span> <span class='ocrx_word' id='word_1_116' title='bbox 258 1710 298 1738; x_wconf 89' lang='lat' dir='ltr'><strong>De</strong></span> <span class='ocrx_word' id='word_1_117' title='bbox 321 1720 417 1738; x_wconf 86' lang='lat' dir='ltr'><strong>cursu.</strong></span> 
     </span>
    </p>

    <p class='ocr_par' dir='ltr' id='par_1_28' title="bbox 194 1752 410 1783">
     <span class='ocr_line' id='line_1_36' title="bbox 194 1752 410 1783; baseline -0.014 -1"><span class='ocrx_word' id='word_1_118' title='bbox 194 1754 231 1783; x_wconf 88' lang='grc'>21</span> <span class='ocrx_word' id='word_1_119' title='bbox 258 1752 299 1780; x_wconf 86' lang='lat' dir='ltr'><strong>De</strong></span> <span class='ocrx_word' id='word_1_120' title='bbox 322 1753 410 1780; x_wconf 90' lang='lat' dir='ltr'><strong>iactu.</strong></span> 
     </span>
    </p>

    <p class='ocr_par' dir='ltr' id='par_1_29' title="bbox 194 1794 436 1824">
     <span class='ocr_line' id='line_1_37' title="bbox 194 1794 436 1824; baseline -0.012 0"><span class='ocrx_word' id='word_1_121' title='bbox 194 1795 234 1824; x_wconf 79' lang='lat'><strong>22</strong></span> <span class='ocrx_word' id='word_1_122' title='bbox 259 1794 298 1822; x_wconf 88' lang='lat' dir='ltr'><strong>De</strong></span> <span class='ocrx_word' id='word_1_123' title='bbox 321 1794 436 1822; x_wconf 89' lang='lat' dir='ltr'><strong>virtute.</strong></span> 
     </span>
    </p>

    <p class='ocr_par' dir='ltr' id='par_1_30' title="bbox 194 1835 487 1866">
     <span class='ocr_line' id='line_1_38' title="bbox 194 1835 487 1866; baseline 0.007 -5"><span class='ocrx_word' id='word_1_124' title='bbox 194 1837 234 1866; x_wconf 82' lang='grc'><strong>23</strong></span> <span class='ocrx_word' id='word_1_125' title='bbox 259 1835 298 1864; x_wconf 86' lang='lat' dir='ltr'><strong>De</strong></span> <span class='ocrx_word' id='word_1_126' title='bbox 321 1835 487 1863; x_wconf 88' lang='lat' dir='ltr'><strong>luctatione.</strong></span> 
     </span>
    </p>

    <p class='ocr_par' dir='ltr' id='par_1_31' title="bbox 194 1877 473 1916">
     <span class='ocr_line' id='line_1_39' title="bbox 194 1877 473 1916; baseline -0.011 -8"><span class='ocrx_word' id='word_1_127' title='bbox 194 1878 235 1908; x_wconf 82' lang='lat'><strong>24</strong></span> <span class='ocrx_word' id='word_1_128' title='bbox 260 1877 299 1905; x_wconf 87' lang='lat' dir='ltr'><strong>De</strong></span> <span class='ocrx_word' id='word_1_129' title='bbox 322 1878 473 1916; x_wconf 83' lang='lat' dir='ltr'><strong>palaestra.</strong></span> 
     </span>
    </p>

    <p class='ocr_par' dir='ltr' id='par_1_32' title="bbox 195 1918 422 1957">
     <span class='ocr_line' id='line_1_40' title="bbox 195 1918 422 1957; baseline 0.009 -11"><span class='ocrx_word' id='word_1_130' title='bbox 195 1918 234 1950; x_wconf 89' lang='grc'><strong>25</strong></span> <span class='ocrx_word' id='word_1_131' title='bbox 259 1919 300 1948; x_wconf 88' lang='lat' dir='ltr'><strong>De</strong></span> <span class='ocrx_word' id='word_1_132' title='bbox 323 1930 422 1957; x_wconf 77' lang='lat' dir='ltr'><strong>agone.</strong></span> 
     </span>
    </p>

    <p class='ocr_par' dir='ltr' id='par_1_33' title="bbox 195 1961 631 2076">
     <span class='ocr_line' id='line_1_41' title="bbox 195 1961 631 1999; baseline 0.005 -11"><span class='ocrx_word' id='word_1_133' title='bbox 195 1962 235 1991; x_wconf 88' lang='grc'>26</span> <span class='ocrx_word' id='word_1_134' title='bbox 259 1961 299 1989; x_wconf 88' lang='lat' dir='ltr'><strong>De</strong></span> <span class='ocrx_word' id='word_1_135' title='bbox 322 1961 475 1998; x_wconf 81' lang='lat' dir='ltr'><strong>generibus</strong></span> <span class='ocrx_word' id='word_1_136' title='bbox 498 1972 631 1999; x_wconf 81' lang='lat' dir='ltr'><strong>agonum.</strong></span> 
     </span>
     <span class='ocr_line' id='line_1_42' title="bbox 195 2003 612 2034; baseline 0 -1"><span class='ocrx_word' id='word_1_137' title='bbox 195 2005 234 2034; x_wconf 83' lang='lat'><strong>27</strong></span> <span class='ocrx_word' id='word_1_138' title='bbox 259 2003 300 2032; x_wconf 91' lang='lat' dir='ltr'><strong>De</strong></span> <span class='ocrx_word' id='word_1_139' title='bbox 321 2003 399 2031; x_wconf 90' lang='lat' dir='ltr'><strong>ludis</strong></span> <span class='ocrx_word' id='word_1_140' title='bbox 422 2003 612 2033; x_wconf 86' lang='lat' dir='ltr'><strong>Circensibus.</strong></span> 
     </span>
     <span class='ocr_line' id='line_1_43' title="bbox 196 2045 414 2076; baseline 0.009 -5"><span class='ocrx_word' id='word_1_141' title='bbox 196 2047 235 2076; x_wconf 83' lang='grc'><strong>28</strong></span> <span class='ocrx_word' id='word_1_142' title='bbox 260 2045 300 2074; x_wconf 82' lang='lat' dir='ltr'><strong>De</strong></span> <span class='ocrx_word' id='word_1_143' title='bbox 323 2046 414 2074; x_wconf 90' lang='lat' dir='ltr'><strong>circo.</strong></span> 
     </span>
    </p>

    <p class='ocr_par' dir='ltr' id='par_1_34' title="bbox 196 2087 507 2118">
     <span class='ocr_line' id='line_1_44' title="bbox 196 2087 507 2118; baseline 0.006 -4"><span class='ocrx_word' id='word_1_144' title='bbox 196 2088 235 2118; x_wconf 88' lang='grc'><strong>29</strong></span> <span class='ocrx_word' id='word_1_145' title='bbox 261 2087 300 2115; x_wconf 89' lang='lat' dir='ltr'><strong>De</strong></span> <span class='ocrx_word' id='word_1_146' title='bbox 323 2088 507 2116; x_wconf 64' lang='lat' dir='ltr'><strong>ornamentis</strong></span> 
     </span>
    </p>

    <p class='ocr_par' dir='ltr' id='par_1_35' title="bbox 195 2129 415 2160">
     <span class='ocr_line' id='line_1_45' title="bbox 195 2129 415 2160; baseline -0.005 -1"><span class='ocrx_word' id='word_1_147' title='bbox 195 2131 235 2160; x_wconf 87' lang='lat'><strong>30</strong></span> <span class='ocrx_word' id='word_1_148' title='bbox 259 2129 299 2158; x_wconf 86' lang='lat' dir='ltr'><strong>De</strong></span> <span class='ocrx_word' id='word_1_149' title='bbox 321 2130 415 2158; x_wconf 72' lang='lat' dir='ltr'><strong>metis.</strong></span> 
     </span>
    </p>

    <p class='ocr_par' dir='ltr' id='par_1_36' title="bbox 196 2171 459 2202">
     <span class='ocr_line' id='line_1_46' title="bbox 196 2171 459 2202; baseline -0.008 -1"><span class='ocrx_word' id='word_1_150' title='bbox 196 2173 234 2202; x_wconf 80' lang='lat'><strong>31</strong></span> <span class='ocrx_word' id='word_1_151' title='bbox 259 2171 299 2199; x_wconf 91' lang='lat' dir='ltr'><strong>De</strong></span> <span class='ocrx_word' id='word_1_152' title='bbox 322 2171 459 2200; x_wconf 85' lang='lat' dir='ltr'><strong>obelisco.</strong></span> 
     </span>
    </p>

    <p class='ocr_par' dir='ltr' id='par_1_37' title="bbox 196 2213 502 2244">
     <span class='ocr_line' id='line_1_47' title="bbox 196 2213 502 2244; baseline 0.003 -3"><span class='ocrx_word' id='word_1_153' title='bbox 196 2215 236 2244; x_wconf 83' lang='lat'><strong>32</strong></span> <span class='ocrx_word' id='word_1_154' title='bbox 259 2213 299 2241; x_wconf 85' lang='lat' dir='ltr'><strong>De</strong></span> <span class='ocrx_word' id='word_1_155' title='bbox 325 2213 502 2243; x_wconf 80' lang='lat' dir='ltr'><strong>carceribus.</strong></span> 
     </span>
    </p>

    <p class='ocr_par' dir='ltr' id='par_1_38' title="bbox 196 2255 442 2293">
     <span class='ocr_line' id='line_1_48' title="bbox 196 2255 442 2293; baseline -0.004 -8"><span class='ocrx_word' id='word_1_156' title='bbox 196 2256 236 2285; x_wconf 84' lang='grc'><strong>33</strong></span> <span class='ocrx_word' id='word_1_157' title='bbox 260 2255 300 2285; x_wconf 83' lang='lat' dir='ltr'><strong>De</strong></span> <span class='ocrx_word' id='word_1_158' title='bbox 325 2257 442 2293; x_wconf 83' lang='lat' dir='ltr'><strong>aurigis.</strong></span> 
     </span>
    </p>
   </div>
   <div class='ocr_carea' id='block_1_10' title="bbox 829 232 1342 1275">
    <p class='ocr_par' dir='ltr' id='par_1_39' title="bbox 829 232 1119 271">
     <span class='ocr_line' id='line_1_49' title="bbox 829 232 1119 271; baseline -0.003 -10"><span class='ocrx_word' id='word_1_159' title='bbox 829 234 870 265; x_wconf 84' lang='lat'><strong>34</strong></span> <span class='ocrx_word' id='word_1_160' title='bbox 894 233 934 261; x_wconf 86' lang='lat' dir='ltr'><strong>De</strong></span> <span class='ocrx_word' id='word_1_161' title='bbox 962 232 1119 271; x_wconf 87' lang='lat' dir='ltr'><strong>quadrigis.</strong></span> 
     </span>
    </p>

    <p class='ocr_par' dir='ltr' id='par_1_40' title="bbox 829 275 1054 307">
     <span class='ocr_line' id='line_1_50' title="bbox 829 275 1054 307; baseline -0.004 -4"><span class='ocrx_word' id='word_1_162' title='bbox 829 276 869 307; x_wconf 82' lang='lat'><strong>35</strong></span> <span class='ocrx_word' id='word_1_163' title='bbox 893 275 934 303; x_wconf 87' lang='lat' dir='ltr'><strong>De</strong></span> <span class='ocrx_word' id='word_1_164' title='bbox 955 284 1054 303; x_wconf 88' lang='lat' dir='ltr'><strong>curru.</strong></span> 
     </span>
    </p>

    <p class='ocr_par' dir='ltr' id='par_1_41' title="bbox 829 315 1342 397">
     <span class='ocr_line' id='line_1_51' title="bbox 829 315 1342 355; baseline -0.004 -9"><span class='ocrx_word' id='word_1_165' title='bbox 829 320 869 349; x_wconf 89' lang='lat'><strong>36</strong></span> <span class='ocrx_word' id='word_1_166' title='bbox 893 318 934 345; x_wconf 92' lang='lat' dir='ltr'><strong>De</strong></span> <span class='ocrx_word' id='word_1_167' title='bbox 957 319 1056 355; x_wconf 89' lang='lat' dir='ltr'><strong>equis,</strong></span> <span class='ocrx_word' id='word_1_168' title='bbox 1080 315 1187 354; x_wconf 89' lang='lat' dir='ltr'><strong>quibus</strong></span> <span class='ocrx_word' id='word_1_169' title='bbox 1210 320 1342 344; x_wconf 89' lang='lat' dir='ltr'><strong>currunt.</strong></span> 
     </span>
     <span class='ocr_line' id='line_1_52' title="bbox 830 358 1210 397; baseline -0.005 -9"><span class='ocrx_word' id='word_1_170' title='bbox 830 362 871 392; x_wconf 86' lang='lat'><strong>37</strong></span> <span class='ocrx_word' id='word_1_171' title='bbox 896 360 937 388; x_wconf 92' lang='lat' dir='ltr'><strong>De</strong></span> <span class='ocrx_word' id='word_1_172' title='bbox 960 364 1072 397; x_wconf 79' lang='lat' dir='ltr'><strong>septem</strong></span> <span class='ocrx_word' id='word_1_173' title='bbox 1095 358 1210 396; x_wconf 89' lang='lat' dir='ltr'><strong>spaciis.</strong></span> 
     </span>
    </p>

    <p class='ocr_par' dir='ltr' id='par_1_42' title="bbox 831 401 1113 439">
     <span class='ocr_line' id='line_1_53' title="bbox 831 401 1113 439; baseline 0 -9"><span class='ocrx_word' id='word_1_174' title='bbox 831 404 871 433; x_wconf 82' lang='lat'><strong>38</strong></span> <span class='ocrx_word' id='word_1_175' title='bbox 893 402 934 430; x_wconf 87' lang='lat' dir='ltr'><strong>De</strong></span> <span class='ocrx_word' id='word_1_176' title='bbox 956 401 1113 439; x_wconf 64' lang='lat' dir='ltr'><strong>equitibus,</strong></span> 
     </span>
    </p>

    <p class='ocr_par' dir='ltr' id='par_1_43' title="bbox 832 442 1167 475">
     <span class='ocr_line' id='line_1_54' title="bbox 832 442 1167 475; baseline -0.003 -4"><span class='ocrx_word' id='word_1_177' title='bbox 832 445 872 475; x_wconf 85' lang='lat'><strong>39</strong></span> <span class='ocrx_word' id='word_1_178' title='bbox 896 445 935 472; x_wconf 87' lang='lat' dir='ltr'><strong>De</strong></span> <span class='ocrx_word' id='word_1_179' title='bbox 959 442 1167 472; x_wconf 85' lang='lat' dir='ltr'><strong>desultoribus.</strong></span> 
     </span>
    </p>

    <p class='ocr_par' dir='ltr' id='par_1_44' title="bbox 833 485 1119 524">
     <span class='ocr_line' id='line_1_55' title="bbox 833 485 1119 524; baseline -0.017 -7"><span class='ocrx_word' id='word_1_180' title='bbox 833 486 873 517; x_wconf 86' lang='lat'><strong>40</strong></span> <span class='ocrx_word' id='word_1_181' title='bbox 897 487 936 514; x_wconf 90' lang='lat' dir='ltr'><strong>De</strong></span> <span class='ocrx_word' id='word_1_182' title='bbox 960 485 1119 524; x_wconf 84' lang='lat' dir='ltr'><strong>peditibus.</strong></span> 
     </span>
    </p>

    <p class='ocr_par' dir='ltr' id='par_1_45' title="bbox 834 527 1286 600">
     <span class='ocr_line' id='line_1_56' title="bbox 834 527 1286 566; baseline -0.004 -9"><span class='ocrx_word' id='word_1_183' title='bbox 834 528 871 559; x_wconf 84' lang='grc'><strong>41</strong></span> <span class='ocrx_word' id='word_1_184' title='bbox 897 528 938 556; x_wconf 85' lang='lat' dir='ltr'><strong>De</strong></span> <span class='ocrx_word' id='word_1_185' title='bbox 960 527 1110 556; x_wconf 87' lang='lat' dir='ltr'><strong>coloribus</strong></span> <span class='ocrx_word' id='word_1_186' title='bbox 1133 537 1286 566; x_wconf 88' lang='lat' dir='ltr'><strong>equorum.</strong></span> 
     </span>
     <span class='ocr_line' id='line_1_57' title="bbox 835 569 1086 600; baseline 0 -1"><span class='ocrx_word' id='word_1_187' title='bbox 835 569 876 600; x_wconf 88' lang='grc'>42</span> <span class='ocrx_word' id='word_1_188' title='bbox 898 571 938 598; x_wconf 91' lang='lat' dir='ltr'><strong>De</strong></span> <span class='ocrx_word' id='word_1_189' title='bbox 961 570 1086 600; x_wconf 75' lang='lat' dir='ltr'><strong>theatro.</strong></span> 
     </span>
    </p>

    <p class='ocr_par' dir='ltr' id='par_1_46' title="bbox 836 610 1059 643">
     <span class='ocr_line' id='line_1_58' title="bbox 836 610 1059 643; baseline 0 -3"><span class='ocrx_word' id='word_1_190' title='bbox 836 610 876 643; x_wconf 88' lang='grc'><strong>43</strong></span> <span class='ocrx_word' id='word_1_191' title='bbox 900 613 940 640; x_wconf 86' lang='lat' dir='ltr'><strong>De</strong></span> <span class='ocrx_word' id='word_1_192' title='bbox 962 623 1059 643; x_wconf 85' lang='lat' dir='ltr'><strong>scena.</strong></span> 
     </span>
    </p>

    <p class='ocr_par' dir='ltr' id='par_1_47' title="bbox 837 654 1125 685">
     <span class='ocr_line' id='line_1_59' title="bbox 837 654 1125 685; baseline -0.01 0"><span class='ocrx_word' id='word_1_193' title='bbox 837 654 877 685; x_wconf 84' lang='lat'><strong>44</strong></span> <span class='ocrx_word' id='word_1_194' title='bbox 901 655 941 682; x_wconf 83' lang='lat' dir='ltr'><strong>De</strong></span> <span class='ocrx_word' id='word_1_195' title='bbox 964 654 1125 683; x_wconf 80' lang='lat' dir='ltr'><strong>orchestra.</strong></span> 
     </span>
    </p>

    <p class='ocr_par' dir='ltr' id='par_1_48' title="bbox 837 695 1120 735">
     <span class='ocr_line' id='line_1_60' title="bbox 837 695 1120 735; baseline -0.007 -9"><span class='ocrx_word' id='word_1_196' title='bbox 837 695 876 726; x_wconf 83' lang='lat'><strong>45</strong></span> <span class='ocrx_word' id='word_1_197' title='bbox 901 697 941 725; x_wconf 83' lang='lat' dir='ltr'><strong>De</strong></span> <span class='ocrx_word' id='word_1_198' title='bbox 964 696 1120 735; x_wconf 83' lang='lat' dir='ltr'><strong>tragoedis.</strong></span> 
     </span>
    </p>

    <p class='ocr_par' dir='ltr' id='par_1_49' title="bbox 837 738 1118 768">
     <span class='ocr_line' id='line_1_61' title="bbox 837 738 1118 768; baseline -0.007 0"><span class='ocrx_word' id='word_1_199' title='bbox 837 738 877 768; x_wconf 87' lang='lat'><strong>46</strong></span> <span class='ocrx_word' id='word_1_200' title='bbox 902 739 941 767; x_wconf 89' lang='lat' dir='ltr'><strong>De</strong></span> <span class='ocrx_word' id='word_1_201' title='bbox 961 739 1118 768; x_wconf 85' lang='lat' dir='ltr'><strong>comoedis.</strong></span> 
     </span>
    </p>

    <p class='ocr_par' dir='ltr' id='par_1_50' title="bbox 837 781 1133 810">
     <span class='ocr_line' id='line_1_62' title="bbox 837 781 1133 810; baseline -0.007 0"><span class='ocrx_word' id='word_1_202' title='bbox 837 781 876 810; x_wconf 87' lang='grc'><strong>47</strong></span> <span class='ocrx_word' id='word_1_203' title='bbox 900 782 941 809; x_wconf 84' lang='lat' dir='ltr'><strong>De</strong></span> <span class='ocrx_word' id='word_1_204' title='bbox 964 781 1133 810; x_wconf 88' lang='lat' dir='ltr'><strong>themelicis.</strong></span> 
     </span>
    </p>

    <p class='ocr_par' dir='ltr' id='par_1_51' title="bbox 837 822 1165 853">
     <span class='ocr_line' id='line_1_63' title="bbox 837 822 1165 853; baseline -0.006 -1"><span class='ocrx_word' id='word_1_205' title='bbox 837 822 877 853; x_wconf 84' lang='lat'><strong>48</strong></span> <span class='ocrx_word' id='word_1_206' title='bbox 900 825 940 852; x_wconf 87' lang='lat' dir='ltr'><strong>De</strong></span> <span class='ocrx_word' id='word_1_207' title='bbox 963 823 1165 852; x_wconf 83' lang='lat' dir='ltr'><strong>histrionibus.</strong></span> 
     </span>
    </p>

    <p class='ocr_par' dir='ltr' id='par_1_52' title="bbox 838 864 1067 895">
     <span class='ocr_line' id='line_1_64' title="bbox 838 864 1067 895; baseline 0 -1"><span class='ocrx_word' id='word_1_208' title='bbox 838 864 877 894; x_wconf 82' lang='grc'><strong>49</strong></span> <span class='ocrx_word' id='word_1_209' title='bbox 901 867 942 894; x_wconf 88' lang='lat' dir='ltr'><strong>De</strong></span> <span class='ocrx_word' id='word_1_210' title='bbox 965 866 1067 895; x_wconf 84' lang='lat' dir='ltr'><strong>mimis.</strong></span> 
     </span>
    </p>

    <p class='ocr_par' dir='ltr' id='par_1_53' title="bbox 839 906 1161 937">
     <span class='ocr_line' id='line_1_65' title="bbox 839 906 1161 937; baseline -0.003 -1"><span class='ocrx_word' id='word_1_211' title='bbox 839 906 878 937; x_wconf 86' lang='lat'><strong>50</strong></span> <span class='ocrx_word' id='word_1_212' title='bbox 902 909 941 936; x_wconf 87' lang='lat' dir='ltr'><strong>De</strong></span> <span class='ocrx_word' id='word_1_213' title='bbox 964 907 1161 937; x_wconf 81' lang='lat' dir='ltr'><strong>saltatoribus.</strong></span> 
     </span>
    </p>

    <p class='ocr_par' dir='ltr' id='par_1_54' title="bbox 839 949 1342 1031">
     <span class='ocr_line' id='line_1_66' title="bbox 839 949 1342 989; baseline -0.008 -10"><span class='ocrx_word' id='word_1_214' title='bbox 839 949 876 979; x_wconf 88' lang='lat'><strong>51</strong></span> <span class='ocrx_word' id='word_1_215' title='bbox 903 950 982 985; x_wconf 87' lang='lat' dir='ltr'><strong>Quid</strong></span> <span class='ocrx_word' id='word_1_216' title='bbox 1005 961 1058 989; x_wconf 91' lang='lat' dir='ltr'><strong>pro</strong></span> <span class='ocrx_word' id='word_1_217' title='bbox 1085 954 1212 988; x_wconf 86' lang='lat' dir='ltr'><strong>patrono</strong></span> <span class='ocrx_word' id='word_1_218' title='bbox 1234 952 1342 986; x_wconf 80' lang='lat' dir='ltr'><strong>agatur.</strong></span> 
     </span>
     <span class='ocr_line' id='line_1_67' title="bbox 839 992 1190 1031; baseline 0 -10"><span class='ocrx_word' id='word_1_219' title='bbox 839 992 880 1021; x_wconf 79' lang='lat'><strong>52</strong></span> <span class='ocrx_word' id='word_1_220' title='bbox 903 994 944 1021; x_wconf 91' lang='lat' dir='ltr'><strong>De</strong></span> <span class='ocrx_word' id='word_1_221' title='bbox 965 992 1190 1031; x_wconf 87' lang='lat' dir='ltr'><strong>amphitheatro.</strong></span> 
     </span>
    </p>

    <p class='ocr_par' dir='ltr' id='par_1_55' title="bbox 842 1033 1196 1072">
     <span class='ocr_line' id='line_1_68' title="bbox 842 1033 1196 1072; baseline -0.003 -9"><span class='ocrx_word' id='word_1_222' title='bbox 842 1033 881 1063; x_wconf 83' lang='lat'><strong>53</strong></span> <span class='ocrx_word' id='word_1_223' title='bbox 905 1036 944 1063; x_wconf 85' lang='lat' dir='ltr'><strong>De</strong></span> <span class='ocrx_word' id='word_1_224' title='bbox 967 1035 1038 1064; x_wconf 88' lang='lat' dir='ltr'><strong>ludo</strong></span> <span class='ocrx_word' id='word_1_225' title='bbox 1062 1034 1196 1072; x_wconf 78' lang='lat' dir='ltr'><strong>equestri.</strong></span> 
     </span>
    </p>

    <p class='ocr_par' dir='ltr' id='par_1_56' title="bbox 842 1075 1104 1107">
     <span class='ocr_line' id='line_1_69' title="bbox 842 1075 1104 1107; baseline 0.004 -2"><span class='ocrx_word' id='word_1_226' title='bbox 842 1075 882 1106; x_wconf 84' lang='lat'><strong>54</strong></span> <span class='ocrx_word' id='word_1_227' title='bbox 906 1078 946 1106; x_wconf 85' lang='lat' dir='ltr'><strong>De</strong></span> <span class='ocrx_word' id='word_1_228' title='bbox 969 1078 1104 1107; x_wconf 78' lang='lat' dir='ltr'><strong>retiariis,</strong></span> 
     </span>
    </p>

    <p class='ocr_par' dir='ltr' id='par_1_57' title="bbox 841 1118 1159 1149">
     <span class='ocr_line' id='line_1_70' title="bbox 841 1118 1159 1149; baseline 0.003 -1"><span class='ocrx_word' id='word_1_229' title='bbox 841 1118 881 1148; x_wconf 86' lang='lat'><strong>55</strong></span> <span class='ocrx_word' id='word_1_230' title='bbox 906 1120 944 1148; x_wconf 86' lang='lat' dir='ltr'><strong>De</strong></span> <span class='ocrx_word' id='word_1_231' title='bbox 967 1119 1159 1149; x_wconf 83' lang='lat' dir='ltr'><strong>secutoribus.</strong></span> 
     </span>
    </p>

    <p class='ocr_par' dir='ltr' id='par_1_58' title="bbox 841 1161 1195 1200">
     <span class='ocr_line' id='line_1_71' title="bbox 841 1161 1195 1200; baseline -0.003 -11"><span class='ocrx_word' id='word_1_232' title='bbox 841 1161 881 1190; x_wconf 81' lang='lat'><strong>56</strong></span> <span class='ocrx_word' id='word_1_233' title='bbox 905 1163 945 1190; x_wconf 87' lang='lat' dir='ltr'><strong>De</strong></span> <span class='ocrx_word' id='word_1_234' title='bbox 967 1162 1195 1200; x_wconf 79' lang='lat' dir='ltr'><strong>laqueatoribus.</strong></span> 
     </span>
    </p>

    <p class='ocr_par' dir='ltr' id='par_1_59' title="bbox 841 1203 1115 1234">
     <span class='ocr_line' id='line_1_72' title="bbox 841 1203 1115 1234; baseline 0.007 -2"><span class='ocrx_word' id='word_1_235' title='bbox 841 1203 881 1232; x_wconf 87' lang='lat'><strong>57</strong></span> <span class='ocrx_word' id='word_1_236' title='bbox 908 1205 946 1232; x_wconf 86' lang='lat' dir='ltr'><strong>De</strong></span> <span class='ocrx_word' id='word_1_237' title='bbox 971 1205 1115 1234; x_wconf 73' lang='lat' dir='ltr'><strong>velitibus.</strong></span> 
     </span>
    </p>

    <p class='ocr_par' dir='ltr' id='par_1_60' title="bbox 841 1244 1239 1275">
     <span class='ocr_line' id='line_1_73' title="bbox 841 1244 1239 1275; baseline -0.003 -2"><span class='ocrx_word' id='word_1_238' title='bbox 841 1244 881 1274; x_wconf 87' lang='lat'><strong>58</strong></span> <span class='ocrx_word' id='word_1_239' title='bbox 906 1247 945 1274; x_wconf 86' lang='lat' dir='ltr'><strong>De</strong></span> <span class='ocrx_word' id='word_1_240' title='bbox 966 1247 1049 1275; x_wconf 83' lang='lat' dir='ltr'><strong>ferali</strong></span> <span class='ocrx_word' id='word_1_241' title='bbox 1072 1245 1239 1274; x_wconf 85' lang='lat' dir='ltr'><strong>certamine.</strong></span> 
     </span>
    </p>
   </div>
   <div class='ocr_carea' id='block_1_11' title="bbox 841 1284 1452 1316">
    <p class='ocr_par' dir='ltr' id='par_1_61' title="bbox 841 1284 1452 1316">
     <span class='ocr_line' id='line_1_74' title="bbox 841 1284 1452 1316; baseline -0.005 0"><span class='ocrx_word' id='word_1_242' title='bbox 841 1284 881 1316; x_wconf 81' lang='lat'><strong>59</strong></span> <span class='ocrx_word' id='word_1_243' title='bbox 907 1289 946 1316; x_wconf 82' lang='lat' dir='ltr'><strong>De</strong></span> <span class='ocrx_word' id='word_1_244' title='bbox 969 1288 1074 1316; x_wconf 84' lang='lat' dir='ltr'><strong>horum</strong></span> <span class='ocrx_word' id='word_1_245' title='bbox 1097 1287 1282 1316; x_wconf 82' lang='lat' dir='ltr'><strong>execratione</strong></span> <span class='ocrx_word' id='word_1_246' title='bbox 1302 1286 1452 1314; x_wconf 87' lang='lat' dir='ltr'><strong>ludorum.</strong></span> 
     </span>
    </p>
   </div>
   <div class='ocr_carea' id='block_1_12' title="bbox 840 1328 1329 1654">
    <p class='ocr_par' dir='ltr' id='par_1_62' title="bbox 840 1328 1038 1358">
     <span class='ocr_line' id='line_1_75' title="bbox 840 1328 1038 1358; baseline 0.005 -2"><span class='ocrx_word' id='word_1_247' title='bbox 840 1328 881 1356; x_wconf 84' lang='lat'><strong>60</strong></span> <span class='ocrx_word' id='word_1_248' title='bbox 906 1330 944 1357; x_wconf 81' lang='lat' dir='ltr'><strong>De</strong></span> <span class='ocrx_word' id='word_1_249' title='bbox 968 1330 1038 1358; x_wconf 85' lang='lat' dir='ltr'><strong>alea.</strong></span> 
     </span>
    </p>

    <p class='ocr_par' dir='ltr' id='par_1_63' title="bbox 841 1369 1077 1409">
     <span class='ocr_line' id='line_1_76' title="bbox 841 1369 1077 1409; baseline 0 -10"><span class='ocrx_word' id='word_1_250' title='bbox 841 1369 878 1399; x_wconf 81' lang='lat'><strong>61</strong></span> <span class='ocrx_word' id='word_1_251' title='bbox 905 1372 945 1399; x_wconf 83' lang='lat' dir='ltr'><strong>De</strong></span> <span class='ocrx_word' id='word_1_252' title='bbox 968 1372 1077 1409; x_wconf 72' lang='lat' dir='ltr'><strong>pyrgis.</strong></span> 
     </span>
    </p>

    <p class='ocr_par' dir='ltr' id='par_1_64' title="bbox 842 1411 1101 1442">
     <span class='ocr_line' id='line_1_77' title="bbox 842 1411 1101 1442; baseline -0.004 0"><span class='ocrx_word' id='word_1_253' title='bbox 842 1411 882 1442; x_wconf 81' lang='grc'><strong>62</strong></span> <span class='ocrx_word' id='word_1_254' title='bbox 906 1414 947 1442; x_wconf 91' lang='lat' dir='ltr'><strong>l)e</strong></span> <span class='ocrx_word' id='word_1_255' title='bbox 971 1414 1101 1441; x_wconf 88' lang='lat' dir='ltr'><strong>calculis.</strong></span> 
     </span>
    </p>

    <p class='ocr_par' dir='ltr' id='par_1_65' title="bbox 843 1453 1096 1484">
     <span class='ocr_line' id='line_1_78' title="bbox 843 1453 1096 1484; baseline -0.008 0"><span class='ocrx_word' id='word_1_256' title='bbox 843 1453 882 1484; x_wconf 77' lang='lat'><strong>63</strong></span> <span class='ocrx_word' id='word_1_257' title='bbox 906 1456 946 1484; x_wconf 89' lang='lat' dir='ltr'><strong>De</strong></span> <span class='ocrx_word' id='word_1_258' title='bbox 968 1455 1096 1484; x_wconf 88' lang='lat' dir='ltr'><strong>tesseris.</strong></span> 
     </span>
    </p>

    <p class='ocr_par' dir='ltr' id='par_1_66' title="bbox 842 1497 1187 1535">
     <span class='ocr_line' id='line_1_79' title="bbox 842 1497 1187 1535; baseline -0.014 -7"><span class='ocrx_word' id='word_1_259' title='bbox 842 1497 882 1528; x_wconf 85' lang='grc'><strong>64</strong></span> <span class='ocrx_word' id='word_1_260' title='bbox 907 1498 947 1527; x_wconf 89' lang='lat' dir='ltr'><strong>De</strong></span> <span class='ocrx_word' id='word_1_261' title='bbox 970 1497 1074 1535; x_wconf 81' lang='lat' dir='ltr'><strong>figuris</strong></span> <span class='ocrx_word' id='word_1_262' title='bbox 1101 1497 1187 1526; x_wconf 90' lang='lat' dir='ltr'><strong>aleae.</strong></span> 
     </span>
    </p>

    <p class='ocr_par' dir='ltr' id='par_1_67' title="bbox 843 1539 1329 1654">
     <span class='ocr_line' id='line_1_80' title="bbox 843 1539 1329 1570; baseline -0.006 0"><span class='ocrx_word' id='word_1_263' title='bbox 843 1539 883 1570; x_wconf 90' lang='grc'><strong>65</strong></span> <span class='ocrx_word' id='word_1_264' title='bbox 908 1541 947 1569; x_wconf 87' lang='lat' dir='ltr'><strong>De</strong></span> <span class='ocrx_word' id='word_1_265' title='bbox 970 1540 1124 1568; x_wconf 83' lang='lat' dir='ltr'><strong>vocabulis</strong></span> <span class='ocrx_word' id='word_1_266' title='bbox 1146 1544 1329 1568; x_wconf 82' lang='lat' dir='ltr'><strong>tesserarum.</strong></span> 
     </span>
     <span class='ocr_line' id='line_1_81' title="bbox 844 1582 1306 1611; baseline -0.004 0"><span class='ocrx_word' id='word_1_267' title='bbox 844 1583 883 1611; x_wconf 86' lang='lat'><strong>66</strong></span> <span class='ocrx_word' id='word_1_268' title='bbox 908 1583 948 1611; x_wconf 90' lang='lat' dir='ltr'><strong>De</strong></span> <span class='ocrx_word' id='word_1_269' title='bbox 971 1582 1098 1611; x_wconf 83' lang='lat' dir='ltr'><strong>iactibus</strong></span> <span class='ocrx_word' id='word_1_270' title='bbox 1121 1587 1306 1610; x_wconf 84' lang='lat' dir='ltr'><strong>tesserarum.</strong></span> 
     </span>
     <span class='ocr_line' id='line_1_82' title="bbox 844 1625 1267 1654; baseline -0.007 0"><span class='ocrx_word' id='word_1_271' title='bbox 844 1625 884 1654; x_wconf 89' lang='grc'><strong>67</strong></span> <span class='ocrx_word' id='word_1_272' title='bbox 909 1626 948 1654; x_wconf 83' lang='lat' dir='ltr'><strong>De</strong></span> <span class='ocrx_word' id='word_1_273' title='bbox 971 1625 1152 1653; x_wconf 84' lang='lat' dir='ltr'><strong>calculorum</strong></span> <span class='ocrx_word' id='word_1_274' title='bbox 1176 1628 1267 1652; x_wconf 80' lang='lat' dir='ltr'><strong>motu.</strong></span> 
     </span>
    </p>
   </div>
   <div class='ocr_carea' id='block_1_13' title="bbox 844 1666 1288 1748">
    <p class='ocr_par' dir='ltr' id='par_1_68' title="bbox 844 1666 1288 1748">
     <span class='ocr_line' id='line_1_83' title="bbox 844 1666 1288 1696; baseline -0.007 0"><span class='ocrx_word' id='word_1_275' title='bbox 844 1667 884 1696; x_wconf 86' lang='grc'><strong>68</strong></span> <span class='ocrx_word' id='word_1_276' title='bbox 908 1668 948 1696; x_wconf 82' lang='lat' dir='ltr'><strong>De</strong></span> <span class='ocrx_word' id='word_1_277' title='bbox 971 1667 1176 1696; x_wconf 84' lang='lat' dir='ltr'><strong>interdictione</strong></span> <span class='ocrx_word' id='word_1_278' title='bbox 1199 1666 1288 1694; x_wconf 87' lang='lat' dir='ltr'><strong>aleae.</strong></span> 
     </span>
     <span class='ocr_line' id='line_1_84' title="bbox 846 1710 1042 1748; baseline 0 -9"><span class='ocrx_word' id='word_1_279' title='bbox 846 1710 885 1739; x_wconf 81' lang='lat'><strong>69</strong></span> <span class='ocrx_word' id='word_1_280' title='bbox 910 1710 949 1738; x_wconf 81' lang='lat' dir='ltr'><strong>De</strong></span> <span class='ocrx_word' id='word_1_281' title='bbox 972 1710 1042 1748; x_wconf 88' lang='lat' dir='ltr'><strong>pila.</strong></span> 
     </span>
    </p>
   </div>
   <div class='ocr_carea' id='block_1_14' title="bbox 877 1805 1417 1839">
    <p class='ocr_par' dir='ltr' id='par_1_69' title="bbox 877 1805 1417 1839">
     <span class='ocr_line' id='line_1_85' title="bbox 877 1805 1417 1839; baseline -0.009 -1"><span class='ocrx_word' id='word_1_282' title='bbox 877 1809 1012 1838; x_wconf 86' lang='lat' dir='ltr'>CAPITA</span> <span class='ocrx_word' id='word_1_283' title='bbox 1036 1810 1137 1838; x_wconf 89' lang='lat' dir='ltr'>LIBRI</span> <span class='ocrx_word' id='word_1_284' title='bbox 1161 1808 1291 1839; x_wconf 84' lang='lat' dir='ltr'>DECIMI</span> <span class='ocrx_word' id='word_1_285' title='bbox 1314 1805 1417 1835; x_wconf 89' lang='lat' dir='ltr'><strong>NONI.</strong></span> 
     </span>
    </p>
   </div>
   <div class='ocr_carea' id='block_1_15' title="bbox 870 1880 1108 1912">
    <p class='ocr_par' dir='ltr' id='par_1_70' title="bbox 870 1880 1108 1912">
     <span class='ocr_line' id='line_1_86' title="bbox 870 1880 1108 1912; baseline 0.008 -4"><span class='ocrx_word' id='word_1_286' title='bbox 870 1884 885 1912; x_wconf 90' lang='lat'>1</span> <span class='ocrx_word' id='word_1_287' title='bbox 910 1880 951 1909; x_wconf 86' lang='lat' dir='ltr'><strong>De</strong></span> <span class='ocrx_word' id='word_1_288' title='bbox 974 1880 1108 1910; x_wconf 87' lang='lat' dir='ltr'><strong>navibus.</strong></span> 
     </span>
    </p>
   </div>
   <div class='ocr_carea' id='block_1_16' title="bbox 867 1922 1459 1961">
    <p class='ocr_par' dir='ltr' id='par_1_71' title="bbox 867 1922 1459 1961">
     <span class='ocr_line' id='line_1_87' title="bbox 867 1922 1459 1961; baseline -0.008 -9"><span class='ocrx_word' id='word_1_289' title='bbox 867 1926 886 1954; x_wconf 84' lang='lat'>2</span> <span class='ocrx_word' id='word_1_290' title='bbox 910 1923 949 1950; x_wconf 86' lang='lat' dir='ltr'><strong>Dc</strong></span> <span class='ocrx_word' id='word_1_291' title='bbox 980 1923 1112 1961; x_wconf 83' lang='lat' dir='ltr'><strong>partibus</strong></span> <span class='ocrx_word' id='word_1_292' title='bbox 1151 1922 1268 1950; x_wconf 87' lang='lat' dir='ltr'><strong>navium</strong></span> <span class='ocrx_word' id='word_1_293' title='bbox 1309 1925 1337 1949; x_wconf 85' lang='lat' dir='ltr'><strong>et</strong></span> <span class='ocrx_word' id='word_1_294' title='bbox 1369 1929 1459 1948; x_wconf 86' lang='lat' dir='ltr'><strong>arma·</strong></span> 
     </span>
    </p>
   </div>
   <div class='ocr_carea' id='block_1_17' title="bbox 868 1966 1381 2298">
    <p class='ocr_par' dir='ltr' id='par_1_72' title="bbox 868 1966 1381 2298">
     <span class='ocr_line' id='line_1_88' title="bbox 930 1966 1044 1994; baseline 0.018 -2"><span class='ocrx_word' id='word_1_295' title='bbox 930 1966 1044 1994; x_wconf 87' lang='lat' dir='ltr'><strong>mentis.</strong></span> 
     </span>
     <span class='ocr_line' id='line_1_89' title="bbox 869 2007 1058 2037; baseline -0.016 0"><span class='ocrx_word' id='word_1_296' title='bbox 869 2010 886 2037; x_wconf 81' lang='grc'>3</span> <span class='ocrx_word' id='word_1_297' title='bbox 912 2008 952 2035; x_wconf 84' lang='lat' dir='ltr'><strong>De</strong></span> <span class='ocrx_word' id='word_1_298' title='bbox 975 2007 1058 2035; x_wconf 83' lang='lat' dir='ltr'><strong>velis.</strong></span> 
     </span>
     <span class='ocr_line' id='line_1_90' title="bbox 868 2049 1101 2079; baseline -0.021 0"><span class='ocrx_word' id='word_1_299' title='bbox 868 2050 887 2079; x_wconf 82' lang='lat'>4</span> <span class='ocrx_word' id='word_1_300' title='bbox 912 2050 951 2077; x_wconf 87' lang='lat' dir='ltr'><strong>De</strong></span> <span class='ocrx_word' id='word_1_301' title='bbox 974 2049 1101 2077; x_wconf 81' lang='lat' dir='ltr'><strong>funibus.</strong></span> 
     </span>
     <span class='ocr_line' id='line_1_91' title="bbox 870 2091 1096 2122; baseline -0.022 0"><span class='ocrx_word' id='word_1_302' title='bbox 870 2091 889 2122; x_wconf 87' lang='lat'>5</span> <span class='ocrx_word' id='word_1_303' title='bbox 913 2092 953 2120; x_wconf 86' lang='lat' dir='ltr'><strong>De</strong></span> <span class='ocrx_word' id='word_1_304' title='bbox 974 2091 1096 2120; x_wconf 88' lang='lat' dir='ltr'><strong>retibus.</strong></span> 
     </span>
     <span class='ocr_line' id='line_1_92' title="bbox 871 2129 1381 2164; baseline -0.008 -1"><span class='ocrx_word' id='word_1_305' title='bbox 871 2135 889 2164; x_wconf 87' lang='lat'><strong>6</strong></span> <span class='ocrx_word' id='word_1_306' title='bbox 914 2134 952 2162; x_wconf 86' lang='lat' dir='ltr'><strong>De</strong></span> <span class='ocrx_word' id='word_1_307' title='bbox 975 2133 1093 2161; x_wconf 79' lang='lat' dir='ltr'><strong>fabricis</strong></span> <span class='ocrx_word' id='word_1_308' title='bbox 1116 2131 1177 2159; x_wconf 86' lang='lat' dir='ltr'><strong>sive</strong></span> <span class='ocrx_word' id='word_1_309' title='bbox 1201 2129 1381 2159; x_wconf 85' lang='lat' dir='ltr'><strong>fornacibus.</strong></span> 
     </span>
     <span class='ocr_line' id='line_1_93' title="bbox 871 2173 1362 2204; baseline -0.008 0"><span class='ocrx_word' id='word_1_310' title='bbox 871 2177 888 2204; x_wconf 94' lang='lat'>7</span> <span class='ocrx_word' id='word_1_311' title='bbox 915 2176 954 2204; x_wconf 81' lang='lat' dir='ltr'><strong>De</strong></span> <span class='ocrx_word' id='word_1_312' title='bbox 976 2174 1180 2203; x_wconf 81' lang='lat' dir='ltr'><strong>instrumentis</strong></span> <span class='ocrx_word' id='word_1_313' title='bbox 1204 2173 1362 2201; x_wconf 74' lang='lat' dir='ltr'><strong>sabi-orum.</strong></span> 
     </span>
     <span class='ocr_line' id='line_1_94' title="bbox 870 2216 1277 2254; baseline -0.007 -8"><span class='ocrx_word' id='word_1_314' title='bbox 870 2218 888 2246; x_wconf 79' lang='lat'>8</span> <span class='ocrx_word' id='word_1_315' title='bbox 913 2218 953 2245; x_wconf 85' lang='lat' dir='ltr'><strong>De</strong></span> <span class='ocrx_word' id='word_1_316' title='bbox 979 2217 1097 2245; x_wconf 79' lang='lat' dir='ltr'><strong>fabricis</strong></span> <span class='ocrx_word' id='word_1_317' title='bbox 1121 2216 1277 2254; x_wconf 82' lang='lat' dir='ltr'><strong>parietum.</strong></span> 
     </span>
     <span class='ocr_line' id='line_1_95' title="bbox 871 2259 1179 2298; baseline -0.003 -10"><span class='ocrx_word' id='word_1_318' title='bbox 871 2260 889 2288; x_wconf 81' lang='lat'><strong>9</strong></span> <span class='ocrx_word' id='word_1_319' title='bbox 913 2260 953 2288; x_wconf 87' lang='lat' dir='ltr'><strong>De</strong></span> <span class='ocrx_word' id='word_1_320' title='bbox 976 2259 1179 2298; x_wconf 84' lang='lat' dir='ltr'><strong>dispositione.</strong></span> 
     </span>
    </p>
   </div>
   <div class='ocr_carea' id='block_1_18' title="bbox 1486 230 2108 1320">
    <p class='ocr_par' dir='ltr' id='par_1_73' title="bbox 1486 230 1843 262">
     <span class='ocr_line' id='line_1_96' title="bbox 1486 230 1843 262; baseline 0.006 -4"><span class='ocrx_word' id='word_1_321' title='bbox 1486 234 1524 262; x_wconf 91' lang='lat'><strong>10</strong></span> <span class='ocrx_word' id='word_1_322' title='bbox 1548 231 1589 259; x_wconf 87' lang='lat' dir='ltr'><strong>De</strong></span> <span class='ocrx_word' id='word_1_323' title='bbox 1615 230 1843 260; x_wconf 84' lang='lat' dir='ltr'><strong>constructione.</strong></span> 
     </span>
    </p>

    <p class='ocr_par' dir='ltr' id='par_1_74' title="bbox 1486 273 1772 304">
     <span class='ocr_line' id='line_1_97' title="bbox 1486 273 1772 304; baseline 0.003 -4"><span class='ocrx_word' id='word_1_324' title='bbox 1486 276 1523 304; x_wconf 86' lang='lat'><strong>11</strong></span> <span class='ocrx_word' id='word_1_325' title='bbox 1549 273 1589 301; x_wconf 84' lang='lat' dir='ltr'><strong>De</strong></span> <span class='ocrx_word' id='word_1_326' title='bbox 1612 277 1772 301; x_wconf 88' lang='lat' dir='ltr'><strong>venustate.</strong></span> 
     </span>
    </p>

    <p class='ocr_par' dir='ltr' id='par_1_75' title="bbox 1487 314 1782 352">
     <span class='ocr_line' id='line_1_98' title="bbox 1487 314 1782 352; baseline -0.007 -9"><span class='ocrx_word' id='word_1_327' title='bbox 1487 318 1527 347; x_wconf 89' lang='grc'>12</span> <span class='ocrx_word' id='word_1_328' title='bbox 1551 315 1591 343; x_wconf 87' lang='lat' dir='ltr'><strong>De</strong></span> <span class='ocrx_word' id='word_1_329' title='bbox 1613 314 1782 352; x_wconf 87' lang='lat' dir='ltr'><strong>laqueariis.</strong></span> 
     </span>
    </p>

    <p class='ocr_par' dir='ltr' id='par_1_76' title="bbox 1489 357 1734 388">
     <span class='ocr_line' id='line_1_99' title="bbox 1489 357 1734 388; baseline -0.024 0"><span class='ocrx_word' id='word_1_330' title='bbox 1489 359 1526 388; x_wconf 86' lang='lat'><strong>13</strong></span> <span class='ocrx_word' id='word_1_331' title='bbox 1552 357 1590 385; x_wconf 88' lang='lat' dir='ltr'><strong>De</strong></span> <span class='ocrx_word' id='word_1_332' title='bbox 1616 357 1734 384; x_wconf 88' lang='lat' dir='ltr'><strong>crustis.</strong></span> 
     </span>
    </p>

    <p class='ocr_par' dir='ltr' id='par_1_77' title="bbox 1490 397 1804 430">
     <span class='ocr_line' id='line_1_100' title="bbox 1490 397 1804 430; baseline -0.013 -1"><span class='ocrx_word' id='word_1_333' title='bbox 1490 399 1528 430; x_wconf 87' lang='grc'><strong>14</strong></span> <span class='ocrx_word' id='word_1_334' title='bbox 1552 400 1592 427; x_wconf 88' lang='lat' dir='ltr'><strong>De</strong></span> <span class='ocrx_word' id='word_1_335' title='bbox 1615 397 1804 426; x_wconf 81' lang='lat' dir='ltr'><strong>lithostratis.</strong></span> 
     </span>
    </p>

    <p class='ocr_par' dir='ltr' id='par_1_78' title="bbox 1491 440 1725 479">
     <span class='ocr_line' id='line_1_101' title="bbox 1491 440 1725 479; baseline -0.013 -9"><span class='ocrx_word' id='word_1_336' title='bbox 1491 441 1529 473; x_wconf 88' lang='lat'><strong>15</strong></span> <span class='ocrx_word' id='word_1_337' title='bbox 1550 441 1590 469; x_wconf 87' lang='lat' dir='ltr'><strong>De</strong></span> <span class='ocrx_word' id='word_1_338' title='bbox 1613 440 1725 479; x_wconf 86' lang='lat' dir='ltr'><strong>plastis.</strong></span> 
     </span>
    </p>

    <p class='ocr_par' dir='ltr' id='par_1_79' title="bbox 1492 483 1748 521">
     <span class='ocr_line' id='line_1_102' title="bbox 1492 483 1748 521; baseline -0.02 -7"><span class='ocrx_word' id='word_1_339' title='bbox 1492 485 1530 514; x_wconf 92' lang='lat'><strong>16</strong></span> <span class='ocrx_word' id='word_1_340' title='bbox 1554 484 1594 511; x_wconf 92' lang='lat' dir='ltr'><strong>De</strong></span> <span class='ocrx_word' id='word_1_341' title='bbox 1620 483 1748 521; x_wconf 86' lang='lat' dir='ltr'><strong>pictura.</strong></span> 
     </span>
    </p>

    <p class='ocr_par' dir='ltr' id='par_1_80' title="bbox 1492 523 1781 556">
     <span class='ocr_line' id='line_1_103' title="bbox 1492 523 1781 556; baseline -0.014 0"><span class='ocrx_word' id='word_1_342' title='bbox 1492 528 1530 556; x_wconf 75' lang='lat'><strong>17</strong></span> <span class='ocrx_word' id='word_1_343' title='bbox 1555 526 1594 553; x_wconf 89' lang='lat' dir='ltr'><strong>De</strong></span> <span class='ocrx_word' id='word_1_344' title='bbox 1621 523 1781 553; x_wconf 83' lang='lat' dir='ltr'><strong>coloribus.</strong></span> 
     </span>
    </p>

    <p class='ocr_par' dir='ltr' id='par_1_81' title="bbox 1493 565 2052 598">
     <span class='ocr_line' id='line_1_104' title="bbox 1493 565 2052 598; baseline -0.004 -3"><span class='ocrx_word' id='word_1_345' title='bbox 1493 569 1531 598; x_wconf 88' lang='grc'><strong>18</strong></span> <span class='ocrx_word' id='word_1_346' title='bbox 1555 568 1595 596; x_wconf 89' lang='lat' dir='ltr'><strong>De</strong></span> <span class='ocrx_word' id='word_1_347' title='bbox 1618 566 1820 595; x_wconf 86' lang='lat' dir='ltr'><strong>instrumentis</strong></span> <span class='ocrx_word' id='word_1_348' title='bbox 1843 565 2052 594; x_wconf 83' lang='lat' dir='ltr'><strong>aedificiorum.</strong></span> 
     </span>
    </p>

    <p class='ocr_par' dir='ltr' id='par_1_82' title="bbox 1494 609 1763 646">
     <span class='ocr_line' id='line_1_105' title="bbox 1494 609 1763 646; baseline -0.004 -9"><span class='ocrx_word' id='word_1_349' title='bbox 1494 611 1531 641; x_wconf 85' lang='lat'><strong>19</strong></span> <span class='ocrx_word' id='word_1_350' title='bbox 1557 610 1596 638; x_wconf 82' lang='lat' dir='ltr'><strong>De</strong></span> <span class='ocrx_word' id='word_1_351' title='bbox 1620 609 1763 646; x_wconf 82' lang='lat' dir='ltr'><strong>lignariis.</strong></span> 
     </span>
    </p>

    <p class='ocr_par' dir='ltr' id='par_1_83' title="bbox 1492 649 1934 682">
     <span class='ocr_line' id='line_1_106' title="bbox 1492 649 1934 682; baseline -0.011 0"><span class='ocrx_word' id='word_1_352' title='bbox 1492 654 1532 682; x_wconf 88' lang='grc'>20</span> <span class='ocrx_word' id='word_1_353' title='bbox 1556 652 1596 680; x_wconf 84' lang='lat' dir='ltr'><strong>De</strong></span> <span class='ocrx_word' id='word_1_354' title='bbox 1614 651 1785 680; x_wconf 84' lang='lat' dir='ltr'><strong>inventione</strong></span> <span class='ocrx_word' id='word_1_355' title='bbox 1806 649 1934 678; x_wconf 81' lang='lat' dir='ltr'><strong>lanificii.</strong></span> 
     </span>
    </p>

    <p class='ocr_par' dir='ltr' id='par_1_84' title="bbox 1493 692 1910 725">
     <span class='ocr_line' id='line_1_107' title="bbox 1493 692 1910 725; baseline -0.01 -1"><span class='ocrx_word' id='word_1_356' title='bbox 1493 696 1529 725; x_wconf 81' lang='lat'><strong>21</strong></span> <span class='ocrx_word' id='word_1_357' title='bbox 1558 695 1597 722; x_wconf 85' lang='lat' dir='ltr'><strong>De</strong></span> <span class='ocrx_word' id='word_1_358' title='bbox 1620 698 1702 721; x_wconf 79' lang='lat' dir='ltr'><strong>veste</strong></span> <span class='ocrx_word' id='word_1_359' title='bbox 1726 692 1910 721; x_wconf 78' lang='lat' dir='ltr'><strong>sacerdotali.</strong></span> 
     </span>
    </p>

    <p class='ocr_par' dir='ltr' id='par_1_85' title="bbox 1494 735 2106 807">
     <span class='ocr_line' id='line_1_108' title="bbox 1494 735 2106 767; baseline -0.007 -1"><span class='ocrx_word' id='word_1_360' title='bbox 1494 739 1535 767; x_wconf 87' lang='grc'><strong>22</strong></span> <span class='ocrx_word' id='word_1_361' title='bbox 1558 737 1598 765; x_wconf 87' lang='lat' dir='ltr'><strong>De</strong></span> <span class='ocrx_word' id='word_1_362' title='bbox 1628 735 1797 763; x_wconf 85' lang='lat' dir='ltr'><strong>nominibus</strong></span> <span class='ocrx_word' id='word_1_363' title='bbox 1825 735 1952 763; x_wconf 82' lang='lat' dir='ltr'><strong>vestium</strong></span> <span class='ocrx_word' id='word_1_364' title='bbox 1991 739 2106 763; x_wconf 78' lang='lat' dir='ltr'><strong>cetera-</strong></span> 
     </span>
     <span class='ocr_line' id='line_1_109' title="bbox 1580 788 1655 807; baseline -0.04 0"><span class='ocrx_word' id='word_1_365' title='bbox 1580 788 1655 807; x_wconf 85' lang='lat' dir='ltr'><strong>rum.</strong></span> 
     </span>
    </p>

    <p class='ocr_par' dir='ltr' id='par_1_86' title="bbox 1495 818 2105 857">
     <span class='ocr_line' id='line_1_110' title="bbox 1495 818 2105 857; baseline -0.002 -8"><span class='ocrx_word' id='word_1_366' title='bbox 1495 824 1534 853; x_wconf 88' lang='grc'><strong>23</strong></span> <span class='ocrx_word' id='word_1_367' title='bbox 1559 821 1600 849; x_wconf 87' lang='lat' dir='ltr'><strong>De</strong></span> <span class='ocrx_word' id='word_1_368' title='bbox 1618 819 1748 849; x_wconf 82' lang='lat' dir='ltr'><strong>vestibus</strong></span> <span class='ocrx_word' id='word_1_369' title='bbox 1764 818 1949 856; x_wconf 85' lang='lat' dir='ltr'><strong>quarundam</strong></span> <span class='ocrx_word' id='word_1_370' title='bbox 1967 819 2105 857; x_wconf 77' lang='lat' dir='ltr'><strong>gentium.</strong></span> 
     </span>
    </p>

    <p class='ocr_par' dir='ltr' id='par_1_87' title="bbox 1491 862 1880 901">
     <span class='ocr_line' id='line_1_111' title="bbox 1491 862 1880 901; baseline 0 -10"><span class='ocrx_word' id='word_1_371' title='bbox 1491 864 1532 894; x_wconf 83' lang='grc'>24</span> <span class='ocrx_word' id='word_1_372' title='bbox 1555 864 1595 891; x_wconf 89' lang='lat' dir='ltr'><strong>De</strong></span> <span class='ocrx_word' id='word_1_373' title='bbox 1618 862 1716 901; x_wconf 87' lang='lat' dir='ltr'><strong>palliis</strong></span> <span class='ocrx_word' id='word_1_374' title='bbox 1738 862 1880 891; x_wconf 86' lang='lat' dir='ltr'><strong>virorum.</strong></span> 
     </span>
    </p>

    <p class='ocr_par' dir='ltr' id='par_1_88' title="bbox 1493 903 1937 944">
     <span class='ocr_line' id='line_1_112' title="bbox 1493 903 1937 944; baseline -0.002 -10"><span class='ocrx_word' id='word_1_375' title='bbox 1493 907 1533 937; x_wconf 89' lang='grc'><strong>25</strong></span> <span class='ocrx_word' id='word_1_376' title='bbox 1556 906 1596 934; x_wconf 82' lang='lat' dir='ltr'><strong>Da</strong></span> <span class='ocrx_word' id='word_1_377' title='bbox 1618 904 1714 944; x_wconf 90' lang='lat' dir='ltr'><strong>palliis</strong></span> <span class='ocrx_word' id='word_1_378' title='bbox 1736 903 1937 933; x_wconf 77' lang='lat' dir='ltr'><strong>faeminarum.</strong></span> 
     </span>
    </p>

    <p class='ocr_par' dir='ltr' id='par_1_89' title="bbox 1494 944 2108 1028">
     <span class='ocr_line' id='line_1_113' title="bbox 1494 944 2108 984; baseline -0.007 -8"><span class='ocrx_word' id='word_1_379' title='bbox 1494 951 1534 981; x_wconf 89' lang='grc'>26</span> <span class='ocrx_word' id='word_1_380' title='bbox 1558 949 1599 976; x_wconf 83' lang='lat' dir='ltr'><strong>De</strong></span> <span class='ocrx_word' id='word_1_381' title='bbox 1629 951 1723 975; x_wconf 86' lang='lat' dir='ltr'><strong>stratu</strong></span> <span class='ocrx_word' id='word_1_382' title='bbox 1751 951 1779 975; x_wconf 84' lang='lat' dir='ltr'><strong>et</strong></span> <span class='ocrx_word' id='word_1_383' title='bbox 1811 946 1935 984; x_wconf 87' lang='lat' dir='ltr'><strong>reliquis</strong></span> <span class='ocrx_word' id='word_1_384' title='bbox 1968 944 2108 979; x_wconf 84' lang='lat' dir='ltr'><strong>vestibus,</strong></span> 
     </span>
     <span class='ocr_line' id='line_1_114' title="bbox 1579 988 1962 1028; baseline 0 -10"><span class='ocrx_word' id='word_1_385' title='bbox 1579 1000 1654 1028; x_wconf 86' lang='lat' dir='ltr'><strong>quae</strong></span> <span class='ocrx_word' id='word_1_386' title='bbox 1676 989 1705 1017; x_wconf 87' lang='lat' dir='ltr'><strong>in</strong></span> <span class='ocrx_word' id='word_1_387' title='bbox 1729 999 1784 1017; x_wconf 88' lang='lat' dir='ltr'><strong>usu</strong></span> <span class='ocrx_word' id='word_1_388' title='bbox 1806 988 1962 1018; x_wconf 85' lang='lat' dir='ltr'><strong>habentur.</strong></span> 
     </span>
    </p>

    <p class='ocr_par' dir='ltr' id='par_1_90' title="bbox 1497 1032 1709 1066">
     <span class='ocr_line' id='line_1_115' title="bbox 1497 1032 1709 1066; baseline -0.009 -5"><span class='ocrx_word' id='word_1_389' title='bbox 1497 1037 1537 1066; x_wconf 89' lang='grc'>27</span> <span class='ocrx_word' id='word_1_390' title='bbox 1561 1033 1602 1060; x_wconf 76' lang='lat' dir='ltr'><strong>De</strong></span> <span class='ocrx_word' id='word_1_391' title='bbox 1625 1032 1709 1060; x_wconf 86' lang='lat' dir='ltr'><strong>lanis.</strong></span> 
     </span>
    </p>

    <p class='ocr_par' dir='ltr' id='par_1_91' title="bbox 1499 1073 1931 1109">
     <span class='ocr_line' id='line_1_116' title="bbox 1499 1073 1931 1109; baseline -0.005 -5"><span class='ocrx_word' id='word_1_392' title='bbox 1499 1080 1538 1109; x_wconf 86' lang='grc'><strong>28</strong></span> <span class='ocrx_word' id='word_1_393' title='bbox 1562 1076 1602 1103; x_wconf 89' lang='lat' dir='ltr'><strong>De</strong></span> <span class='ocrx_word' id='word_1_394' title='bbox 1626 1073 1775 1103; x_wconf 86' lang='lat' dir='ltr'><strong>coloribus</strong></span> <span class='ocrx_word' id='word_1_395' title='bbox 1795 1073 1931 1102; x_wconf 71' lang='lat' dir='ltr'><strong>vestinm.</strong></span> 
     </span>
    </p>

    <p class='ocr_par' dir='ltr' id='par_1_92' title="bbox 1498 1115 1990 1151">
     <span class='ocr_line' id='line_1_117' title="bbox 1498 1115 1990 1151; baseline -0.008 -6"><span class='ocrx_word' id='word_1_396' title='bbox 1498 1122 1538 1151; x_wconf 82' lang='grc'>29</span> <span class='ocrx_word' id='word_1_397' title='bbox 1566 1119 1605 1146; x_wconf 81' lang='lat' dir='ltr'><strong>De</strong></span> <span class='ocrx_word' id='word_1_398' title='bbox 1627 1116 1830 1145; x_wconf 84' lang='lat' dir='ltr'><strong>instrumentis</strong></span> <span class='ocrx_word' id='word_1_399' title='bbox 1852 1115 1990 1144; x_wconf 83' lang='lat' dir='ltr'><strong>vestium.</strong></span> 
     </span>
    </p>

    <p class='ocr_par' dir='ltr' id='par_1_93' title="bbox 1498 1158 1814 1193">
     <span class='ocr_line' id='line_1_118' title="bbox 1498 1158 1814 1193; baseline -0.006 -4"><span class='ocrx_word' id='word_1_400' title='bbox 1498 1165 1538 1193; x_wconf 81' lang='lat'><strong>30</strong></span> <span class='ocrx_word' id='word_1_401' title='bbox 1562 1161 1603 1188; x_wconf 79' lang='lat' dir='ltr'><strong>De</strong></span> <span class='ocrx_word' id='word_1_402' title='bbox 1624 1158 1814 1188; x_wconf 84' lang='lat' dir='ltr'><strong>ornamentis.</strong></span> 
     </span>
    </p>

    <p class='ocr_par' dir='ltr' id='par_1_94' title="bbox 1498 1202 1733 1235">
     <span class='ocr_line' id='line_1_119' title="bbox 1498 1202 1733 1235; baseline 0 -5"><span class='ocrx_word' id='word_1_403' title='bbox 1498 1206 1535 1235; x_wconf 83' lang='lat'><strong>31</strong></span> <span class='ocrx_word' id='word_1_404' title='bbox 1564 1203 1602 1230; x_wconf 79' lang='lat' dir='ltr'><strong>De</strong></span> <span class='ocrx_word' id='word_1_405' title='bbox 1625 1202 1733 1230; x_wconf 89' lang='lat' dir='ltr'><strong>anulis.</strong></span> 
     </span>
    </p>

    <p class='ocr_par' dir='ltr' id='par_1_95' title="bbox 1498 1243 1760 1281">
     <span class='ocr_line' id='line_1_120' title="bbox 1498 1243 1760 1281; baseline -0.008 -7"><span class='ocrx_word' id='word_1_406' title='bbox 1498 1249 1539 1278; x_wconf 81' lang='grc'>32</span> <span class='ocrx_word' id='word_1_407' title='bbox 1562 1246 1602 1273; x_wconf 89' lang='lat' dir='ltr'><strong>De</strong></span> <span class='ocrx_word' id='word_1_408' title='bbox 1625 1243 1760 1281; x_wconf 70' lang='lat' dir='ltr'><strong>cingulis.</strong></span> 
     </span>
    </p>

    <p class='ocr_par' dir='ltr' id='par_1_96' title="bbox 1497 1284 1831 1320">
     <span class='ocr_line' id='line_1_121' title="bbox 1497 1284 1831 1320; baseline -0.015 -2"><span class='ocrx_word' id='word_1_409' title='bbox 1497 1290 1538 1320; x_wconf 83' lang='lat'><strong>33</strong></span> <span class='ocrx_word' id='word_1_410' title='bbox 1564 1288 1604 1316; x_wconf 87' lang='lat' dir='ltr'><strong>De</strong></span> <span class='ocrx_word' id='word_1_411' title='bbox 1627 1284 1831 1315; x_wconf 80' lang='lat' dir='ltr'><strong>calciamentis.</strong></span> 
     </span>
    </p>
   </div>
   <div class='ocr_carea' id='block_1_19' title="bbox 1543 1402 2073 1473">
    <p class='ocr_par' dir='ltr' id='par_1_97' title="bbox 1543 1402 2073 1473">
     <span class='ocr_line' id='line_1_122' title="bbox 1543 1402 2073 1433; baseline -0.008 0"><span class='ocrx_word' id='word_1_412' title='bbox 1543 1404 1678 1433; x_wconf 81' lang='lat' dir='ltr'>CAPITA</span> <span class='ocrx_word' id='word_1_413' title='bbox 1700 1403 1802 1431; x_wconf 82' lang='lat' dir='ltr'>LIBRI</span> <span class='ocrx_word' id='word_1_414' title='bbox 1831 1402 2000 1430; x_wconf 84' lang='lat' dir='ltr'>VIGESIMI</span> <span class='ocrx_word' id='word_1_415' title='bbox 2026 1402 2073 1430; x_wconf 89' lang='lat' dir='ltr'><strong>ET</strong></span> 
     </span>
     <span class='ocr_line' id='line_1_123' title="bbox 1736 1445 1875 1473; baseline 0 -1"><span class='ocrx_word' id='word_1_416' title='bbox 1736 1445 1875 1473; x_wconf 81' lang='lat' dir='ltr'><strong>ULTIMI.</strong></span> 
     </span>
    </p>
   </div>
   <div class='ocr_carea' id='block_1_20' title="bbox 1507 1515 2116 2226">
    <p class='ocr_par' dir='ltr' id='par_1_98' title="bbox 1524 1515 1746 1547">
     <span class='ocr_line' id='line_1_124' title="bbox 1524 1515 1746 1547; baseline 0.005 -4"><span class='ocrx_word' id='word_1_417' title='bbox 1524 1519 1539 1547; x_wconf 92' lang='lat'>1</span> <span class='ocrx_word' id='word_1_418' title='bbox 1566 1517 1606 1544; x_wconf 86' lang='lat' dir='ltr'><strong>De</strong></span> <span class='ocrx_word' id='word_1_419' title='bbox 1630 1515 1746 1544; x_wconf 82' lang='lat' dir='ltr'><strong>mensis.</strong></span> 
     </span>
    </p>

    <p class='ocr_par' dir='ltr' id='par_1_99' title="bbox 1521 1557 1714 1590">
     <span class='ocr_line' id='line_1_125' title="bbox 1521 1557 1714 1590; baseline 0 -5"><span class='ocrx_word' id='word_1_420' title='bbox 1521 1561 1541 1590; x_wconf 89' lang='grc'><strong>2</strong></span> <span class='ocrx_word' id='word_1_421' title='bbox 1566 1558 1605 1585; x_wconf 81' lang='lat' dir='ltr'><strong>De</strong></span> <span class='ocrx_word' id='word_1_422' title='bbox 1628 1557 1714 1586; x_wconf 87' lang='lat' dir='ltr'><strong>escis.</strong></span> 
     </span>
    </p>

    <p class='ocr_par' dir='ltr' id='par_1_100' title="bbox 1522 1600 1713 1638">
     <span class='ocr_line' id='line_1_126' title="bbox 1522 1600 1713 1638; baseline 0.005 -11"><span class='ocrx_word' id='word_1_423' title='bbox 1522 1603 1540 1631; x_wconf 83' lang='lat'><strong>3</strong></span> <span class='ocrx_word' id='word_1_424' title='bbox 1565 1600 1604 1627; x_wconf 82' lang='lat' dir='ltr'><strong>De</strong></span> <span class='ocrx_word' id='word_1_425' title='bbox 1626 1603 1713 1638; x_wconf 87' lang='lat' dir='ltr'><strong>potu.</strong></span> 
     </span>
    </p>

    <p class='ocr_par' dir='ltr' id='par_1_101' title="bbox 1522 1640 1861 1674">
     <span class='ocr_line' id='line_1_127' title="bbox 1522 1640 1861 1674; baseline -0.003 -4"><span class='ocrx_word' id='word_1_426' title='bbox 1522 1644 1541 1674; x_wconf 80' lang='lat'><strong>4</strong></span> <span class='ocrx_word' id='word_1_427' title='bbox 1564 1642 1605 1670; x_wconf 86' lang='lat' dir='ltr'><strong>De</strong></span> <span class='ocrx_word' id='word_1_428' title='bbox 1629 1641 1708 1669; x_wconf 88' lang='lat' dir='ltr'><strong>vasis</strong></span> <span class='ocrx_word' id='word_1_429' title='bbox 1730 1640 1861 1669; x_wconf 88' lang='lat' dir='ltr'><strong>escariis.</strong></span> 
     </span>
    </p>

    <p class='ocr_par' dir='ltr' id='par_1_102' title="bbox 1523 1683 1893 1721">
     <span class='ocr_line' id='line_1_128' title="bbox 1523 1683 1893 1721; baseline -0.005 -9"><span class='ocrx_word' id='word_1_430' title='bbox 1523 1685 1541 1715; x_wconf 81' lang='lat'>5</span> <span class='ocrx_word' id='word_1_431' title='bbox 1565 1685 1607 1712; x_wconf 90' lang='lat' dir='ltr'><strong>De</strong></span> <span class='ocrx_word' id='word_1_432' title='bbox 1630 1683 1707 1711; x_wconf 91' lang='lat' dir='ltr'><strong>vasis</strong></span> <span class='ocrx_word' id='word_1_433' title='bbox 1729 1683 1893 1721; x_wconf 87' lang='lat' dir='ltr'><strong>potatoriis.</strong></span> 
     </span>
    </p>

    <p class='ocr_par' dir='ltr' id='par_1_103' title="bbox 1524 1725 2061 1763">
     <span class='ocr_line' id='line_1_129' title="bbox 1524 1725 2061 1763; baseline -0.002 -9"><span class='ocrx_word' id='word_1_434' title='bbox 1524 1729 1543 1758; x_wconf 89' lang='lat'><strong>6</strong></span> <span class='ocrx_word' id='word_1_435' title='bbox 1569 1727 1608 1754; x_wconf 80' lang='lat' dir='ltr'><strong>De</strong></span> <span class='ocrx_word' id='word_1_436' title='bbox 1630 1726 1708 1753; x_wconf 85' lang='lat' dir='ltr'><strong>vasis</strong></span> <span class='ocrx_word' id='word_1_437' title='bbox 1731 1725 1852 1753; x_wconf 89' lang='lat' dir='ltr'><strong>vinariis</strong></span> <span class='ocrx_word' id='word_1_438' title='bbox 1875 1729 1903 1753; x_wconf 89' lang='lat' dir='ltr'><strong>et</strong></span> <span class='ocrx_word' id='word_1_439' title='bbox 1926 1727 2061 1763; x_wconf 81' lang='lat' dir='ltr'><strong>aquariis.</strong></span> 
     </span>
    </p>

    <p class='ocr_par' dir='ltr' id='par_1_104' title="bbox 1526 1767 1857 1799">
     <span class='ocr_line' id='line_1_130' title="bbox 1526 1767 1857 1799; baseline -0.003 -2"><span class='ocrx_word' id='word_1_440' title='bbox 1526 1772 1543 1799; x_wconf 91' lang='lat'><em>7</em></span> <span class='ocrx_word' id='word_1_441' title='bbox 1567 1769 1607 1797; x_wconf 85' lang='lat' dir='ltr'><strong>De</strong></span> <span class='ocrx_word' id='word_1_442' title='bbox 1627 1768 1706 1796; x_wconf 87' lang='lat' dir='ltr'><strong>vasis</strong></span> <span class='ocrx_word' id='word_1_443' title='bbox 1728 1767 1857 1796; x_wconf 84' lang='lat' dir='ltr'><strong>oleariis.</strong></span> 
     </span>
    </p>

    <p class='ocr_par' dir='ltr' id='par_1_105' title="bbox 1527 1810 1922 1847">
     <span class='ocr_line' id='line_1_131' title="bbox 1527 1810 1922 1847; baseline 0 -9"><span class='ocrx_word' id='word_1_444' title='bbox 1527 1814 1545 1842; x_wconf 85' lang='grc'>8</span> <span class='ocrx_word' id='word_1_445' title='bbox 1569 1811 1610 1838; x_wconf 84' lang='lat' dir='ltr'><strong>De</strong></span> <span class='ocrx_word' id='word_1_446' title='bbox 1631 1810 1710 1838; x_wconf 86' lang='lat' dir='ltr'><strong>vasis</strong></span> <span class='ocrx_word' id='word_1_447' title='bbox 1733 1810 1922 1847; x_wconf 85' lang='lat' dir='ltr'><strong>coquinariis.</strong></span> 
     </span>
    </p>

    <p class='ocr_par' dir='ltr' id='par_1_106' title="bbox 1524 1852 1919 1890">
     <span class='ocr_line' id='line_1_132' title="bbox 1524 1852 1919 1890; baseline 0.003 -10"><span class='ocrx_word' id='word_1_448' title='bbox 1524 1856 1542 1885; x_wconf 92' lang='lat'><strong>9</strong></span> <span class='ocrx_word' id='word_1_449' title='bbox 1568 1854 1607 1880; x_wconf 84' lang='lat' dir='ltr'><strong>De</strong></span> <span class='ocrx_word' id='word_1_450' title='bbox 1629 1852 1706 1880; x_wconf 88' lang='lat' dir='ltr'><strong>vasis</strong></span> <span class='ocrx_word' id='word_1_451' title='bbox 1728 1852 1919 1890; x_wconf 87' lang='lat' dir='ltr'><strong>repositoriis.</strong></span> 
     </span>
    </p>

    <p class='ocr_par' dir='ltr' id='par_1_107' title="bbox 1507 1894 1928 1925">
     <span class='ocr_line' id='line_1_133' title="bbox 1507 1894 1928 1925; baseline -0.002 -2"><span class='ocrx_word' id='word_1_452' title='bbox 1507 1898 1544 1925; x_wconf 86' lang='lat'><strong>10</strong></span> <span class='ocrx_word' id='word_1_453' title='bbox 1568 1895 1608 1923; x_wconf 89' lang='lat' dir='ltr'><strong>De</strong></span> <span class='ocrx_word' id='word_1_454' title='bbox 1630 1894 1707 1922; x_wconf 80' lang='lat' dir='ltr'><strong>vasis</strong></span> <span class='ocrx_word' id='word_1_455' title='bbox 1730 1894 1928 1922; x_wconf 88' lang='lat' dir='ltr'><strong>luminarium.</strong></span> 
     </span>
    </p>

    <p class='ocr_par' dir='ltr' id='par_1_108' title="bbox 1507 1937 1905 1968">
     <span class='ocr_line' id='line_1_134' title="bbox 1507 1937 1905 1968; baseline -0.003 -2"><span class='ocrx_word' id='word_1_456' title='bbox 1507 1940 1541 1968; x_wconf 86' lang='lat'><strong>11</strong></span> <span class='ocrx_word' id='word_1_457' title='bbox 1569 1937 1609 1965; x_wconf 78' lang='lat' dir='ltr'><strong>De</strong></span> <span class='ocrx_word' id='word_1_458' title='bbox 1632 1937 1744 1964; x_wconf 85' lang='lat' dir='ltr'><strong>lecticis</strong></span> <span class='ocrx_word' id='word_1_459' title='bbox 1770 1941 1797 1965; x_wconf 89' lang='lat' dir='ltr'><strong>et</strong></span> <span class='ocrx_word' id='word_1_460' title='bbox 1819 1937 1905 1965; x_wconf 83' lang='lat' dir='ltr'><strong>sellis.</strong></span> 
     </span>
    </p>

    <p class='ocr_par' dir='ltr' id='par_1_109' title="bbox 1507 1979 1787 2010">
     <span class='ocr_line' id='line_1_135' title="bbox 1507 1979 1787 2010; baseline 0.004 -4"><span class='ocrx_word' id='word_1_461' title='bbox 1507 1982 1545 2010; x_wconf 87' lang='grc'>12</span> <span class='ocrx_word' id='word_1_462' title='bbox 1571 1980 1609 2007; x_wconf 79' lang='lat' dir='ltr'><strong>De</strong></span> <span class='ocrx_word' id='word_1_463' title='bbox 1632 1979 1787 2008; x_wconf 86' lang='lat' dir='ltr'><strong>vehiculis.</strong></span> 
     </span>
    </p>

    <p class='ocr_par' dir='ltr' id='par_1_110' title="bbox 1507 2019 2116 2092">
     <span class='ocr_line' id='line_1_136' title="bbox 1507 2019 2116 2059; baseline -0.005 -8"><span class='ocrx_word' id='word_1_464' title='bbox 1507 2023 1544 2051; x_wconf 82' lang='lat'><strong>13</strong></span> <span class='ocrx_word' id='word_1_465' title='bbox 1569 2022 1608 2049; x_wconf 79' lang='lat' dir='ltr'><strong>De</strong></span> <span class='ocrx_word' id='word_1_466' title='bbox 1631 2021 1752 2058; x_wconf 88' lang='lat' dir='ltr'><strong>reliquis</strong></span> <span class='ocrx_word' id='word_1_467' title='bbox 1775 2030 1849 2059; x_wconf 86' lang='lat' dir='ltr'><strong>quae</strong></span> <span class='ocrx_word' id='word_1_468' title='bbox 1872 2022 1899 2048; x_wconf 87' lang='lat' dir='ltr'><strong>in</strong></span> <span class='ocrx_word' id='word_1_469' title='bbox 1931 2030 1983 2048; x_wconf 88' lang='lat' dir='ltr'><strong>usu</strong></span> <span class='ocrx_word' id='word_1_470' title='bbox 2006 2019 2116 2048; x_wconf 86' lang='lat' dir='ltr'><strong>haben-</strong></span> 
     </span>
     <span class='ocr_line' id='line_1_137' title="bbox 1590 2067 1650 2092; baseline 0.017 -1"><span class='ocrx_word' id='word_1_471' title='bbox 1590 2067 1650 2092; x_wconf 85' lang='lat' dir='ltr'><strong>tur.</strong></span> 
     </span>
    </p>

    <p class='ocr_par' dir='ltr' id='par_1_111' title="bbox 1508 2104 1981 2137">
     <span class='ocr_line' id='line_1_138' title="bbox 1508 2104 1981 2137; baseline -0.004 -4"><span class='ocrx_word' id='word_1_472' title='bbox 1508 2106 1545 2137; x_wconf 79' lang='lat'><strong>14</strong></span> <span class='ocrx_word' id='word_1_473' title='bbox 1571 2105 1610 2133; x_wconf 86' lang='lat' dir='ltr'><strong>De</strong></span> <span class='ocrx_word' id='word_1_474' title='bbox 1632 2105 1832 2133; x_wconf 86' lang='lat' dir='ltr'><strong>instrumentis</strong></span> <span class='ocrx_word' id='word_1_475' title='bbox 1855 2104 1981 2133; x_wconf 87' lang='lat' dir='ltr'><strong>rusticis.</strong></span> 
     </span>
    </p>

    <p class='ocr_par' dir='ltr' id='par_1_112' title="bbox 1508 2146 2017 2178">
     <span class='ocr_line' id='line_1_139' title="bbox 1508 2146 2017 2178; baseline -0.008 0"><span class='ocrx_word' id='word_1_476' title='bbox 1508 2147 1545 2178; x_wconf 87' lang='lat'><strong>15</strong></span> <span class='ocrx_word' id='word_1_477' title='bbox 1568 2148 1609 2176; x_wconf 88' lang='lat' dir='ltr'><strong>De</strong></span> <span class='ocrx_word' id='word_1_478' title='bbox 1631 2148 1831 2176; x_wconf 86' lang='lat' dir='ltr'><strong>instrumentis</strong></span> <span class='ocrx_word' id='word_1_479' title='bbox 1853 2146 2017 2175; x_wconf 85' lang='lat' dir='ltr'><strong>hortorum.</strong></span> 
     </span>
    </p>

    <p class='ocr_par' dir='ltr' id='par_1_113' title="bbox 1509 2190 2003 2226">
     <span class='ocr_line' id='line_1_140' title="bbox 1509 2190 2003 2226; baseline -0.008 -6"><span class='ocrx_word' id='word_1_480' title='bbox 1509 2191 1544 2220; x_wconf 86' lang='lat'><strong>16</strong></span> <span class='ocrx_word' id='word_1_481' title='bbox 1569 2190 1609 2218; x_wconf 85' lang='lat' dir='ltr'><strong>De</strong></span> <span class='ocrx_word' id='word_1_482' title='bbox 1631 2190 1831 2218; x_wconf 85' lang='lat' dir='ltr'><strong>instrumentis</strong></span> <span class='ocrx_word' id='word_1_483' title='bbox 1854 2198 2003 2226; x_wconf 89' lang='lat' dir='ltr'><strong>equorum.</strong></span> 
     </span>
    </p>
   </div>
  </div>
 </body>
</html>
