2255 2819
204 68 279 102 428

370 160 402 192 3.
458 159 559 192 Unda
587 170 664 192 vero
693 160 836 191 eminens
864 160 994 203 liquor,
1029 163 1084 205 qui
1111 174 1244 208 semper
1277 165 1308 196 in
1337 169 1429 196 motu
1456 169 1512 197 est.

440 211 565 244 Aerias
603 210 725 250 undas,

204 264 238 296 id
264 270 312 297 est
339 268 464 306 motus,
493 259 546 295 et2
579 272 700 304 corpus
727 261 829 301 illud,
857 263 949 305 quod
978 263 1160 297 refluctuat.

905 67 1077 102 lSIDORl
1105 69 1285 103 HlSPAL.
1313 69 1454 104 EPISC.

1568 164 1738 198 Lucretius
1752 162 1758 181 ¹
1771 177 1778 197 :

1214 266 1298 298 Nam
1333 276 1395 298 nec
1430 265 1516 298 unda
1542 278 1603 310 per
1634 278 1667 300 se
1703 279 1790 310 aqua
1817 273 1883 308 est,
1917 266 1975 299 sed
2002 277 2089 310 aqua
2116 268 2147 299 in

204 321 298 349 motu
326 315 472 358 quodam
502 317 533 344 et
560 312 741 355 agitatione
769 314 860 356 quasi
888 315 1044 348 abeundo
1073 321 1105 348 et
1132 316 1304 349 redeundo
1332 317 1419 349 unda
1446 322 1564 351 vocata
1592 324 1640 351 est
1651 315 1672 352 ³.

370 365 403 397 4.
456 365 560 395 Latex
587 364 725 408 proprie
753 365 865 408 liquor
892 372 939 398 est
967 364 1098 399 sontis-⁴.

369 415 382 423 n

366 426 398 447 o.
453 415 556 447 Gutta
588 421 651 457 est,

695 428 781 459 quae
811 422 892 458 stat,
933 418 1035 459 stilla,
1079 430 1164 461 quae
1192 420 1290 452 cadit.

1159 368 1203 400 Et
1230 369 1335 401 dictus·
1362 369 1468 410 latex,
1503 369 1594 412 quod
1622 371 1654 402 in
1682 369 1771 402 venis
1799 374 1905 401 terrae
1933 369 2042 401 lateat.

1356 416 1468 453 Hinc⁵
1501 421 1721 465 stillicidium,
1768 421 1860 464 quasi
1893 421 1979 452 stilla
2012 420 2143 454 cadens.

201 468 299 501 Stiria
327 467 413 499 enirn
438 467 606 498 Graecum
636 473 700 509 est,
729 468 763 500 id
787 474 833 500 est
860 474 971 513 gutta:
999 471 1076 502 inde
1100 471 1136 502 tit
1163 471 1411 512 diminutivum,
1440 476 1475 503 ut
1502 472 1671 505 dicamus-‘¹'
1694 473 1798 505 stilla:
1826 473 1907 505 dum
1936 476 2046 505 autem
2072 477 2145 514 stat,

202 521 251 552 vel
268 516 279 534 ⁷
302 518 429 563 pendet
458 518 502 550 de
530 519 641 559 tectis,
669 520 720 552 vel
743 518 807 552 dee
835 521 1026 563 arboribus,
1059 522 1150 565 quasi
1179 523 1345 566 glutinosa
1375 519 1492 568 guttaq
1520 529 1581 556 est:
1615 524 1695 557 dum
1718 524 1892 564 ceciderit,
1920 524 2007 556 stilla
2035 529 2092 558 est.

363 569 396 604 6.
449 570 578 614 Spuma
609 575 655 603 est
669 568 692 586 ¹⁰
719 571 807 604 dicta
836 568 913 605 ab¹¹
952 585 1009 611 e0.
1058 574 1149 616 quod

199 626 359 661 mustum,
389 626 421 654 et
449 634 508 665 ea,
538 633 624 665 quae
651 629 856 666 coquuntur,
884 635 1001 668 spuma
1017 622 1038 642 ¹³³
1062 631 1256 669 purgantur.

1122 685 1196 718 Dc
1238 685 1597 731 fluminibus.

366 733 395 767 1,
449 732 583 765 Flm‘ius
612 739 658 765 est
686 736 837 778 perennis
872 747 1032 778 aquarum
1061 736 1235 777 decursus,
1271 750 1290 769 a
1317 737 1451 770 fluendo
1483 738 1649 782 perpetim
1678 737 1792 771 (lictus.

747 683 775 716 C
803 685 834 716 A
861 684 898 717 P.
953 685 1041 720 ΧΧΙ.

1178 571 1367 618 ,ρυῐιῑυτ“ἳ;
1410 575 1523 606 sordes
1551 576 1638 607 enirn
1665 581 1738 609 sunt
1768 575 1948 609 undarum:

1996 575 2084 608 unde
2113 581 2144 608 et

1312 626 1399 659 Hinc
1427 631 1459 658 et
1485 631 1628 670 sputum.

1855 737 1997 780 Proprie
2032 741 2142 768 autem

197 785 319 817 flumen
347 786 421 828 ipsa
448 796 552 828 aqua,
582 785 698 817 fluvius
726 798 836 819 cursus
864 784 1018 830 aquaeu.
1072 785 1199 820 Prius-¹⁵
1227 795 1335 821 autem
1359 790 1498 829 flumen,
1526 801 1625 832 quam
1650 788 1776 831 fluvius,
1804 788 1839 821 id
1867 794 1913 820 est
1938 788 2030 832 prior
2045 800 2141 831 aqua,

196 848 297 879 quain
322 836 488 869 decursus.
518 836 594 868 Duo
612 843 722 870 autern
736 835 758 854 ¹⁶
774 844 847 872 sunt
864 839 1034 870 ssuininum
1053 851 1188 883 genera,
1204 852 1304 872 unum
1323 847 1459 883 torrens,
1476 841 1618 874 alterum
1634 841 1761 873 vivum:
1789 839 1832 872 de
1847 850 1914 883 quo
1932 839 2090 884 Virgilius
2103 836 2141 871 ¹⁷:

840 890 962 923 Donec
989 902 1042 923 mc
1056 890 1209 936 stamine
1239 892 1314 924 vivo

423 938 589 973 Abluero.

360 989 393 1021 2.
449 990 595 1023 Tou-em
630 996 676 1023 est
708 1003 795 1035 aqua
821 993 953 1025 veniens
982 1004 1057 1026 cuin
1092 994 1228 1037 inipetu.

1293 994 1406 1028 Dictus
1436 999 1546 1027 autem
1577 999 1724 1035 torrens,
1767 993 1844 1037 quia
1864 990 1986 1038 'pluvia
2013 992 2140 1033 crescit,

195 1041 339 1074 siccitate
371 1043 539 1082 torrescit,
571 1042 604 1074 id
634 1048 680 1074 est
710 1045 844 1076 arescit:
873 1044 915 1076 de
942 1056 1009 1087 quo
1038 1046 1215 1078 Pacuvius:

486 1092 670 1126 Flammea
697 1106 831 1138 vapore
857 1099 994 1128 torrens
1020 1094 1171 1129 torrctffl.

194 1143 254 1176 Cui
278 1143 400 1177 Graeci
428 1155 549 1177 nomen
578 1145 620 1177 ab
650 1142 795 1178 hiemem
831 1146 1012 1187 dederunt,
1041 1159 1100 1179 nos
1128 1148 1170 1180 ab
1199 1152 1337 1181 aestate:
1370 1148 1419 1180 illi
1443 1159 1462 1180 a
1488 1153 1661 1192 tempore,
1693 1158 1761 1191 quo
1789 1147 1951 1180 succresci

192 1207 209 1226 a
237 1200 408 1240 tempore,
437 1207 504 1238 quo
532 1197 682 1230 siccatur.

1955 1152 1965 1179 t
1976 1143 2011 1187 ²⁰,
2046 1157 2104 1178 nos
2116 1141 2139 1161 ²¹

355 1246 387 1279 3.
442 1247 557 1279 Aninis
586 1248 701 1280 fluvius
723 1254 772 1280 est
799 1261 933 1281 nemore
961 1260 1000 1282 ac
1023 1249 1195 1281 frondibus
1218 1249 1405 1289 redimitus,
1434 1254 1466 1281 et
1480 1260 1517 1281 ex
1534 1249 1605 1293 ipsa
1621 1249 1818 1281 amoenitate
1836 1248 1937 1280 amnis
1955 1252 2090 1281 vocatus
2103 1242 2136 1281 ²².

355 1297 387 1329 4.
442 1298 607 1332 Decursus
635 1300 771 1343 proprie
798 1301 869 1331 tinis
897 1312 1026 1339 cursus,
1063 1301 1130 1332 sive
1154 1312 1313 1343 aquarum
1342 1301 1398 1340 sit,
1433 1301 1499 1333 sive
1511 1297 1535 1316 ²³
1562 1300 1786 1343 quarumlibet
1812 1311 1932 1331 rerum.

291 1348 367 1380 Rivi
396 1349 494 1392 dicti,
519 1351 612 1394 quod
641 1352 830 1384 deriventur
851 1352 894 1384 ad
922 1352 1149 1397 irrigandum,
1178 1352 1210 1384 id
1235 1357 1283 1385 est
1310 1364 1340 1384 a(

190 1400 329 1444 irrigare
356 1400 514 1434 inducere
543 1408 598 1434 est.

293 1451 427 1496 Gurges
454 1454 590 1497 proprie
617 1454 709 1486 locus

720 1452 745 1471 ²⁴⁵
771 1456 855 1488 altus
886 1457 918 1488 in
946 1457 1089 1488 flumine.

1342 1348 1388 1384 1²¹
2053 1349 2138 1382 Nam

1415 1352 1640 1385 inducendum
1667 1364 1769 1395 aquas
1796 1351 1828 1383 in
1855 1361 1954 1395 agros
1966 1346 1999 1383 ²⁵.

353 1513 387 1535 ο.
442 1504 564 1537 l’uteus
593 1510 641 1538 est
669 1506 759 1538 locus
771 1503 795 1522 ²³
823 1507 991 1550 defossus„
1021 1519 1059 1539 ex
1088 1518 1155 1550 quo
1184 1507 1332 1538 hauritur
1360 1517 1466 1548 aqua,
1495 1517 1513 1537 a
1540 1507 1714 1549 potatione
1741 1506 1856 1539 dictus.

292 1553 381 1586 Fons
405 1561 506 1600 caput
531 1562 579 1588 est
605 1554 746 1599 aquae⁴AE
772 1559 948 1600 nascentis,
976 1560 1068 1602 quasi
1097 1570 1198 1602 aquas
1225 1558 1366 1590 fundens
1377 1555 1411 1588 ²²³.

355 1604 390 1640 6.
445 1607 592 1648 Quidam
621 1613 732 1640 autem
760 1609 935 1643 fluxiorum
965 1611 1109 1654 propriis
1138 1621 1177 1642 ex
1210 1610 1314 1642 causis
1346 1608 1479 1641 nomina
1514 1612 1735 1652 acceperunt,
1776 1618 1815 1639 ex
1839 1606 1959 1649 quibus
1987 1605 2135 1638 nonnulli

352 1707 384 1740 7.
440 1710 538 1742 Geon
566 1711 682 1744 fluvius
710 1712 753 1744 de
787 1713 944 1756 paradiso
972 1714 1081 1746 exiens
1113 1718 1212 1756 atque
1243 1712 1426 1744 universam
1454 1709 1671 1754 Aethiopiam
1707 1709 1860 1753 cingens,
1903 1712 2039 1741 vocatus
2067 1707 2135 1740 hoc

1186 1778 1276 1807 Goth.
1301 1781 1355 1807 Cu.
1376 1783 1399 1809 1.
1419 1780 1447 1808 2.
1471 1788 1516 1806 va.
1545 1794 1578 1799 —
1615 1778 1660 1813 HQ)
1691 1777 1739 1804 Sic
1763 1776 1818 1805 Gu.
1846 1780 1872 1806 1.
1894 1777 1922 1805 2.
1945 1791 1985 1796 —
2011 1781 2135 1804 vocatur

1186 1822 1265 1859 vulg.
1300 1840 1335 1843 -
1377 1820 1422 1859 ⁶23)
1446 1822 1507 1848 sit-e
1530 1831 1585 1859 pio
1609 1830 1661 1846 seu.
1691 1820 1745 1847 Gu.
1776 1823 1798 1850 1.
1822 1834 1862 1838 -
1885 1817 1931 1857 24)
1960 1817 2003 1846 ad
2030 1818 2134 1846 addidi

1186 1875 1201 1893 e
1225 1865 1281 1893 Gu.
1302 1867 1327 1894 1.
1351 1873 1394 1902 pr.
1418 1873 1464 1891 va.
1497 1878 1538 1884 —-
1566 1861 1613 1901 25)
1637 1872 1727 1899 agros
1749 1871 1806 1899 pro
1830 1861 1916 1897 agri-s·
1939 1861 1997 1888 Gu.
2025 1863 2051 1891 1.
2084 1860 2134 1890 Ar.

190 1653 363 1688 notandi³¹⁰
389 1664 478 1699 sunt,
507 1660 563 1701 qui
592 1660 622 1691 in
651 1659 794 1693 historiis
825 1663 973 1694 celebres
1000 1666 1234 1694 memorantur.

277 1773 304 1811 1)
328 1775 388 1804 Lib.
412 1777 450 1810 Il,
477 1780 546 1809 151.
575 1795 616 1799 -
656 1778 683 1817 Q)
711 1785 737 1806 et
760 1791 815 1807 orn.
841 1781 896 1808 Gu.
925 1784 947 1810 1.
978 1797 1018 1801 —-
1049 1782 1076 1817 3)
1101 1786 1141 1807 est

191 1814 291 1843 addidi
316 1827 329 1843 ⁰
354 1819 409 1847 Gu.
437 1823 460 1849 1.
485 1823 513 1851 2.
543 1837 583 1842 --
624 1820 652 1859 4)
684 1822 732 1849 Sic
758 1824 814 1852 (ἆυ.
842 1826 868 1852 1.
893 1840 934 1845 --
970 1824 1069 1859 smilis
1101 1829 1141 1849 est

190 1857 270 1894 vnlg·
292 1873 332 1878 -·
356 1859 384 1897 5)
408 1867 433 1888 et
457 1862 523 1892 add.
548 1864 645 1901 vulg„
669 1864 720 1892 sed
746 1875 802 1894 om.
829 1866 885 1893 Gu.
904 1868 930 1895 1.
962 1881 1001 1886 —
1039 1866 1069 1901 6)
1093 1865 1142 1893 Sic

191 1900 247 1928 Gu.
274 1902 297 1930 1.
323 1903 350 1931 2.
373 1912 417 1939 pr.
437 1913 482 1932 va.
508 1906 556 1935 Ar.
580 1922 621 1927 -—
645 1906 777 1934 dicimus
800 1908 878 1946 vulg.
901 1924 942 1929 ——
965 1909 995 1944 7)
1019 1909 1065 1935 vel
1085 1918 1141 1946 pro

191 1947 245 1969 aut
268 1942 323 1969 Gu.
345 1946 372 1972 1.
395 1961 433 1966 —
459 1948 489 1982 8)
512 1947 547 1974 (le
570 1948 670 1976 addidi
694 1960 709 1978 e
733 1950 788 1978 Gu.
808 1953 833 1981 1,
857 1967 898 1971 —
920 1949 948 1989 9)
972 1956 1066 1988 gutta
1090 1950 1142 1978 ad-

191 1983 253 2012 didi
277 1994 291 2012 e
315 1984 371 2012 Gu.
393 1989 419 2017 1.
435 1989 463 2017 2.
487 1999 521 2015 va
548 1990 596 2017 Ar.
619 2007 659 2012 —-
684 1992 729 2029 10)
751 1999 791 2020 est
815 1993 918 2021 addidi
941 2003 956 2021 e
979 1995 1034 2021 uu.
1054 1996 1081 2023 1.
1097 2009 1137 2014 —

192 2030 235 2064 11)
259 2026 297 2054 ab
324 2027 425 2056 addidi
450 2039 465 2057 e
493 2031 547 2060 Gu.
574 2036 599 2062 1.
625 2037 654 2064 2.
678 2044 722 2071 pr.
745 2045 790 2063 va.
819 2052 860 2056 —
899 2035 944 2075 12)
974 2041 1139 2074 spumalw·

191 2069 294 2098 Gli-1.
317 2085 358 2090 -—
384 2069 493 2109 13)1·el
514 2074 599 2101 stilla
623 2075 688 2103 add.
716 2077 770 2104 Gu.
791 2080 820 2107 2.
845 2088 891 2106 va.
916 2095 954 2099 --
981 2080 1026 2114 14)
1051 2080 1140 2105 cuius

191 2122 274 2149 aqua
297 2112 353 2139 Gu.
375 2115 403 2143 2.
433 2131 465 2134 —-
500 2114 542 2151 15)
568 2118 659 2143 Prior
683 2121 739 2146 Gn.
764 2122 792 2149 2,
815 2136 856 2141 -—-
890 2122 935 2157 16)
958 2127 1059 2148 mmm
1086 2120 1138 2147 ad—

191 2153 252 2182 didi
275 2163 290 2181 e
312 2154 368 2182 Gu.
397 2157 422 2184 1.
444 2172 485 2176 ——-
507 2158 580 2184 Duo
603 2165 673 2186 sunt
696 2166 794 2188 euclem
819 2163 875 2190 Gu.
891 2165 918 2192 Q.
939 2179 979 2184 -——
1003 2161 1048 2200 17)
1067 2162 1137 2190 Aen.

192 2196 228 2227 11,
251 2198 376 2227 719.-
399 2200 444 2233 18)
468 2197 619 2227 Flammea
643 2212 752 2238 vapore
771 2209 885 2231 {ornus
906 2211 1002 2232 [errae
1021 2206 1139 2239 sottum

192 2239 335 2265 exusserit
366 2239 454 2269 Arev.
487 2250 502 2268 e
532 2242 617 2270 Festo
647 2252 665 2269 x·
716 2245 851 2281 Ὶὶιιπιω,
887 2247 936 2284 qni
967 2246 1049 2274 hunc
1084 2248 1138 2275 Pa-

191 2279 271 2309 cuvii
294 2290 412 2310 versum
436 2293 471 2310 ex
494 2284 620 2322 Antiopa
644 2285 724 2313 citat.
748 2286 814 2315 Vid.
829 2288 873 2316 ed.
896 2289 1026 2318 Lindem.
1049 2290 1137 2328 Corp.

192 2324 320 2351 Gramm.
354 2323 476 2352 Vol.11.
504 2336 532 2364 p.
556 2329 626 2358 270.
657 2344 698 2348 —
746 2328 789 2366 19)
821 2330 868 2357 Sic
892 2333 946 2359 Gu.
972 2334 997 2361 1.
1032 2348 1066 2352 —
1099 2332 1137 2359 ab

192 2366 285 2394 hieme
306 2376 410 2395 nomen
431 2368 512 2407 vulg.
542 2385 580 2391 —
613 2369 659 2409 20)
683 2372 791 2398 arescit
814 2381 859 2409 pr.
884 2388 924 2393 —
946 2376 991 2407 21)
1011 2384 1068 2402 non
1092 2375 1136 2405 ed,

1188 1924 1223 1927 —
1256 1910 1300 1940 213)
1323 1906 1413 1933 lacus
1439 1906 1494 1933 Gu.
1523 1907 1549 1934 1.
1570 1907 1599 1935 2.
1624 1904 1659 1932 al.
1692 1921 1726 1926 -—
1770 1903 1815 1942 27)
1839 1904 1928 1930 lacus
1960 1903 2016 1932 Gu.
2043 1905 2069 1933 1.
2092 1918 2134 1925 —

1184 1948 1230 1987 98)
1255 1949 1302 1976 Sic
1326 1949 1382 1976 Gu.
1404 1951 1430 1978 1.
1453 1951 1480 1979 2.
1509 1962 1550 1968 —
1581 1958 1645 1984 cap.
1669 1958 1717 1986 aq.
1749 1951 1792 1973 est
1821 1946 1900 1983 vulg.
1937 1962 1978 1967 —·
2007 1948 2055 1980 99)
2085 1946 2133 1974 Sic

1183 1992 1239 2020 Gu.
1263 1995 1287 2021 1.
1304 1994 1332 2022 2.
1349 2001 1392 2029 pr.
1415 2000 1462 2018 va.
1489 2006 1524 2010 —
1541 1989 1639 2025 saml.
1664 2000 1762 2027 aquas
1785 1988 1865 2024 vulg.
1888 2004 1927 2010 —
1950 1988 2001 2023 30)
2012 1987 2061 2015 Sic
2076 1987 2132 2016 Gu.

1186 2039 1210 2064 1.
1235 2044 1281 2073 pr.
1307 2034 1354 2061 Ar.
1380 2049 1416 2054 -
1439 2031 1619 2059 Jzommmzciz?
1643 2033 1723 2070 vulg.
1756 2048 1790 2052 -
1823 2029 1873 2070 31)
1901 2030 1950 2058 Sic
1973 2031 2027 2057 Gu.
2054 2033 2080 2061 1.
2101 2032 2130 2060 2.

1184 2077 1220 2105 ul.
1253 2094 1285 2097 -
1311 2074 1524 2103 mumlatc'onis
1547 2075 1627 2111 vulg.
1651 2091 1693 2096 —
1720 2073 1766 2110 32)
1794 2079 1890 2101 terrae
1910 2072 2012 2101 addidi
2036 2082 2051 2101 e
2075 2072 2129 2103 Gu,

1187 2122 1213 2149 1.
1235 2136 1269 2140 —
1294 2117 1341 2156 33)
1364 2118 1412 2145 Sic
1429 2118 1476 2145 Ar.
1492 2133 1531 2138 —
1557 2117 1643 2153 Vulg.
1656 2116 1728 2146 νέαν
1743 2113 1840 2146 ἰλύὸα.
1864 2131 1904 2137 -
1928 2116 1984 2144 Gu.
2004 2118 2029 2146 1.
2053 2125 2131 2143 nean

1182 2162 1285 2188 limon.
1308 2176 1350 2180 —
1374 2161 1429 2188 Gu.
1448 2163 1475 2190 2.
1502 2172 1567 2189 rmv
1592 2163 1662 2189 ολον
1686 2175 1722 2180 -
1748 2161 1804 2186 Gu.
1826 2161 1854 2188 3.
1880 2168 1959 2186 Nialn
1985 2167 2061 2185 1313)v
2083 2167 2130 2185 su-

1184 2215 1236 2241 pra
1274 2203 1325 2230 lin.
1385 2202 1418 2229 ln
1449 2212 1539 2239 marg.
1581 2204 1771 2231 nilinualon.
1808 2201 1864 2229 Gu.
1888 2202 1915 2231 4.
1947 2209 2128 2228 NtaYnaYoN.

1183 2247 1248 2274 om.
1281 2246 1393 2273 Graeca
1426 2245 1469 2273 ed.
1504 2255 1547 2282 pr.
1579 2255 1624 2272 va.
1657 2244 1744 2283 (cum
1768 2254 1798 2272 v.
1831 2241 2046 2280 t1·al1e11s.)—
2082 2243 2127 2278 34)

1182 2288 1251 2316 Nili
1274 2288 1331 2316 Gu.
1361 2290 1386 2317 1.
1409 2304 1449 2308 -—
1472 2288 1546 2315 Nlo
1570 2288 1626 2316 Gu.
1651 2289 1679 2318 2.
1702 2303 1742 2308 —
1771 2284 1818 2324 35)
1841 2285 1890 2313 Sic
1919 2285 1975 2312 Gu.
1995 2286 2021 2314 1.
2042 2285 2070 2314 2.
2085 2299 2128 2305 —-

1181 2331 1333 2367 scriptura
1363 2340 1452 2357 sacra
1486 2330 1566 2366 vulg.
1592 2348 1629 2351 —
1661 2335 1767 2357 sancta
1797 2338 1854 2357 scr.
1884 2327 1920 2355 al.
1950 2335 1995 2363 pr.
2021 2335 2067 2354 va.
2088 2342 2124 2346 -—

1180 2378 1389 2400 commemorat
1412 2382 1467 2411 pro
1493 2373 1630 2400 nominat
1653 2372 1710 2401 Gu.
1727 2373 1809 2402 1.—-
1824 2369 2016 2407 cognominat
2039 2368 2126 2397 Δῖον.
