2264 2830
798 104 1045 139 ORIGINUM
1078 105 1222 138 LlBEn
1257 106 1280 138 1.

1964 112 2012 145 29

63 195 175 233 calis²li
203 208 266 242 pro
293 197 418 241 syllaba
430 194 454 214 ²⁷
481 198 634 238 abusive,
662 210 728 231 non
744 201 883 244 proprie
911 200 1048 241 (licitur,
1075 211 1162 244 quae
1189 211 1254 232 non
1282 205 1349 232 tam
1377 201 1506 244 syllaba
1533 202 1677 235 dicenda
1706 210 1771 244 est,
1799 216 1901 247 quam
1928 207 2011 239 ratio

62 256 261 295 temporum.

228 300 260 332 2.
313 300 436 334 Breves
465 306 620 341 vocatae,
648 302 726 344 quia
753 314 920 346 nunquam
932 300 956 319 ²⁰
984 303 1125 347 produci
1155 309 1300 348 possunt.

209 351 411 385 Communes
440 358 568 393 autem,
595 354 673 396 quia
701 365 764 398 pro
793 354 962 388 scribentis
986 355 1121 388 arbitrio
1149 367 1225 389 cum
1249 356 1424 388 necessitas
1447 358 1540 401 cogit
1567 363 1600 389 et
1627 357 1858 401 producuntur
1882 366 1914 391 et
1934 371 2008 394 cor-

641 405 723 437 ldeo
752 411 862 439 autem
890 406 1039 449 syllabae
1066 408 1183 440 breves
1210 408 1399 451 longaeque
1411 405 1433 424 ³¹
1463 409 1635 449 dicuntur,
1676 410 1754 452 quia
1782 411 1886 442 varias
1913 409 2009 454 pern

61 358 113 386 tur
123 350 157 384 ³⁰.

60 405 234 448 ripiuntur.
283 403 379 448 Lege
403 403 584 436 Donatum.

60 466 180 488 vocum
208 465 317 487 moras
350 460 406 488 aut
438 455 542 499 dupla
570 461 626 488 aut
653 457 773 501 simpla
802 457 927 491 habere
958 458 1111 491 videntur
1145 460 1257 502 spacia
1293 457 1495 503 temporis³³.

315 248 475 291 Syllabae
503 255 613 282 autem
642 255 698 282 aut
724 251 841 283 breves
868 257 959 290 sunt,
987 257 1043 284 aut
1070 253 1212 297 longae,
1242 257 1298 284 aut
1325 263 1516 286 communes
1527 250 1561 287 ²⁸.

1360 304 1520 349 Longae,
1547 306 1626 348 quia
1654 317 1786 349 semper
1815 308 2009 350 producun-

1565 460 1825 505 Diphlltonguc
1861 462 2008 505 syllabae

59 506 194 540 Graeco
221 506 352 539 nomine
380 506 508 547 dictae,
536 507 627 550 quod
656 509 687 540 in
716 509 760 541 eis
788 510 885 543 binae
912 509 1045 542 vocales
1059 507 1083 526 ³*
1109 507 1333 555 iungunturffi.

223 557 256 590 3.
310 558 362 590 Ex
389 558 441 590 his
469 559 560 603 apud
589 570 648 591 nos
677 571 769 592 veras
793 557 898 594 esse³⁶
925 567 1068 604 quatuor
1096 573 1150 602 ae,
1178 574 1235 601 oe,
1263 573 1329 602 (m,
1359 572 1410 594 cu.

511 611 650 654 Syllaba
682 617 792 645 autem
821 613 912 656 apud
949 614 1104 646 metricos
1138 613 1215 646 ideo
1251 614 1391 657 semipes
1428 613 1632 654 nominatur,
1667 615 1759 658 quod
1790 616 1829 648 sit
1853 615 2007 648 dimidius

924 664 1010 697 Cum
1037 676 1120 710 crgo
1149 677 1212 698 una
1243 665 1371 708 syllaba
1398 677 1431 696 cs

59 615 128 642 tum
139 605 164 625 ³⁷
190 609 358 642 celebrata
385 611 457 643 suit.

56 672 126 706 pes.
180 661 264 693 Nam
293 673 352 705 pes
380 662 510 694 duabus
533 660 706 706 ,κ’,γΙΙεὺὶε38
732 670 869 697 constat.

1466 560 1513 594 Ei
1540 574 1618 594 vero
1647 563 1737 607 apud
1766 564 1906 596 maiores
1935 571 2007 596 tan-

1435 661 1534 696 tan(
1601 665 1798 698 .·l-·1·.
1881 664 1922 683 ,io
1978 681 1980 683 ,

1488 689 1496 704 ,
1535 677 1615 708 luant
1644 677 1799 699 (nnnlun
1827 679 1886 711 pe:
1950 674 2004 700 est.

57 711 233 755 Blonysius
263 712 401 746 Lindius
414 710 436 730 ¹¹
466 714 668 758 syllabarum
704 716 850 748 omnium
886 716 1031 761 singulas
1061 717 1186 749 formas
1220 716 1402 761 aptissimas*
1430 716 1523 757 fecit,
1556 722 1589 750 et
1616 718 1659 749 ob
1694 718 1728 750 id
1764 724 1867 751 statua
1894 718 2005 751 hono-

56 770 144 797 ratus
166 768 223 796 est.

644 877 673 912 C
700 879 730 911 A
758 878 795 914 P.
850 879 938 914 XVl.

1019 879 1093 913 De
1145 878 1402 913 Pedibus.

222 959 252 992 1.
307 959 424 994 Pedes
451 967 541 1003 sunt,
575 963 632 1006 qui
660 964 757 997 certis
791 965 998 1009 temporibus
1032 965 1234 1009 syllabarum
1248 962 1273 982 ⁴²
1307 960 1538 1004 consistunt⁴³‚
1577 975 1639 997 nec
1666 976 1684 997 a
1712 965 1864 1008 legitimo
1888 966 2002 1009 spacio

54 1023 198 1055 unquam
227 1011 395 1045 recedunt.

52 1063 149 1096 dibus
175 1063 374 1105 incedimus,
402 1064 446 1097 ita
474 1070 578 1099 metra
606 1067 697 1110 quasi
725 1067 869 1112 pedibus
895 1069 1103 1113 gradiuntur.

52 1115 119 1147 labi
142 1114 228 1155 llll,
255 1115 419 1159 trisyllabi
446 1117 542 1159 Vlll,
571 1119 774 1162 tetrasyllabi
802 1120 907 1159 XVI,
945 1120 1166 1164 pentasyllabi
1194 1120 1346 1159 xxxn,
1387 1119 1592 1164 hexasyllabi
1619 1119 1758 1153 Lxllll.

449 1013 558 1046 Pedes
583 1014 662 1048 dicti
691 1013 800 1048 sunt⁴⁸
826 1028 886 1057 eo,
913 1016 1005 1060 quod
1034 1028 1095 1061 per
1117 1017 1206 1062 ipsos
1234 1022 1338 1049 metra
1366 1013 1577 1049 ambulant&

1631 1017 1718 1049 Nam
1746 1017 1830 1049 sicut.
1856 1028 1914 1049 nos
1940 1028 2002 1061 pe-

1158 1068 1266 1101 Pedes
1294 1073 1403 1100 autem
1429 1079 1544 1101 omnes
1572 1067 1733 1101 CXXllll
1770 1074 1859 1101 sunt:
1896 1068 2000 1112 disyl-

1815 1119 1929 1163 Usque
1957 1120 1999 1152 ad

51 1166 116 1200 llll
142 1163 288 1200 autem⁴⁵
314 1167 457 1210 syllabas
479 1169 585 1213 pedes
612 1170 783 1210 dicuntur,
817 1171 937 1214 reliqui
950 1169 973 1188 ⁴⁷
1000 1172 1179 1217 synzugiae
1189 1168 1213 1188 ⁴³
1241 1177 1409 1205 vocantur.

214 1217 246 1250 2.
301 1218 369 1263 Ipsi
395 1225 504 1253 autem
525 1221 630 1265 pedes
651 1221 778 1255 habent
803 1223 964 1266 speciales
992 1234 1106 1257 causas
1134 1224 1322 1262 nominum,
1357 1234 1459 1265 quare
1486 1222 1530 1253 ita
1558 1217 1761 1254 vocentur⁴⁰.

212 1269 423 1313 Pyrrichius
455 1272 562 1305 dictus
595 1278 660 1314 est,
693 1274 772 1317 quia
806 1273 863 1307 hic
889 1271 1054 1307 assiduam
1088 1275 1142 1306 vel
1168 1275 1201 1306 in
1229 1274 1429 1313 certamine,
1469 1273 1521 1304 vel
1553 1273 1586 1304 in
1612 1272 1693 1305 ludo
1720 1272 1840 1315 puerili
1867 1272 1996 1316 saepius

47 1319 320 1363 frequentabatur
328 1318 363 1353 ⁵¹.

211 1371 398 1416 Spondeus
424 1372 531 1406 (lictus
558 1378 607 1405 est
617 1370 658 1414 5²,
696 1374 773 1417 quia
807 1373 936 1407 tractim
963 1379 1065 1408 sonat.

45 1425 94 1454 oet
120 1432 234 1464 sonus,
261 1423 318 1466 qui
344 1423 546 1456 fundebatur
570 1426 659 1458 circa
686 1434 781 1458 aures
809 1425 1074 1459 sacrificantium.

44 1473 109 1506 cris
135 1474 330 1518 gentilium,
364 1475 586 1510 σπονδαῦλαι
596 1472 621 1493 ⁵⁶
647 1476 913 1509 nominabantur.

42 1565 98 1592 bae
119 1570 219 1593 autem
244 1571 300 1594 aut
324 1565 426 1593 breves
441 1572 497 1594 aut
520 1567 630 1605 longae
650 1573 706 1596 aut
729 1578 899 1596 commune-s·
921 1575 994 1596 sunt

40 1607 121 1645 vulg.
144 1623 186 1629 —
207 1606 254 1649 29)
269 1619 328 1636 non
355 1609 411 1636 Gu.
434 1612 462 1640 2.
486 1619 530 1638 va.
559 1625 593 1632 -
619 1608 668 1650 30)
684 1610 732 1639 Sic
755 1611 812 1640 Gu.
831 1614 858 1643 1.
883 1611 994 1649 Vulgo:

39 1647 183 1688 Longae,
213 1651 290 1689 quia
314 1662 428 1690 semper
446 1651 663 1690 producuntur
688 1658 714 1681 et
741 1664 902 1692 nunquam
931 1665 994 1682 cor-

38 1693 100 1731 ripi
114 1699 256 1731 possunt.
279 1710 319 1716 —
341 1695 485 1733 Longae,
509 1697 585 1734 quia
601 1706 762 1734 nunquam
783 1698 897 1735 corripi
921 1707 993 1735 pos-

37 1740 109 1763 cunt
130 1736 160 1764 Z.
185 1736 241 1764 Gu.
261 1738 290 1768 2.
312 1747 359 1765 va.
378 1736 425 1766 Ar.
449 1737 547 1766 Locus
572 1738 678 1766 Donati
697 1743 739 1767 est
762 1739 813 1769 lib.
832 1739 853 1768 I.
878 1750 941 1778 cap.
960 1741 987 1771 3.

37 1776 225 1807 ed.Lindem.
249 1779 336 1818 Curp.
353 1779 481 1808 Gramm.
499 1781 542 1820 (p.
554 1783 643 1812 1738.
655 1781 750 1817 P.)-—
763 1780 810 1822 31)
826 1782 875 1810 Sic
893 1783 949 1811 Gu.
961 1785 987 1813 1.

36 1835 78 1841 -
102 1820 212 1859 longae
226 1821 384 1860 brevesque
399 1823 479 1860 vulg.
494 1839 536 1845 —-
552 1830 652 1851 aulem
669 1834 728 1853 om.
744 1834 789 1853 va.
814 1842 851 1846 —
876 1825 922 1864 32)
939 1824 987 1853 Sic

36 1862 68 1891 Z.
87 1861 144 1892 Gu.
161 1866 186 1895 1.
203 1866 232 1895 2.
244 1874 289 1903 pr.
307 1874 354 1894 va.
369 1865 418 1893 Ar.
432 1882 473 1888 —
485 1877 541 1904 per
555 1877 611 1895 om.
628 1867 707 1904 vulg.
733 1882 769 1888 —-
795 1867 842 1904 33)
861 1866 909 1895 Sic
928 1867 985 1896 Gu.

37 1906 64 1936 1.
85 1920 127 1926 —-
147 1907 250 1943 ,spatia
269 1909 412 1946 temporis
436 1908 544 1936 habere
564 1908 628 1937 vid.
652 1910 731 1947 vulg.
756 1926 791 1931 —
828 1909 876 1949 34)
896 1910 987 1938 binae

35 1956 119 1974 uoce-5·
152 1948 188 1977 al.
219 1964 252 1970 -—
286 1948 334 1990 35)
359 1950 409 1979 sic
441 1951 500 1980 Gu.
527 1955 552 1982 1.
578 1969 617 1974 --
640 1953 812 1991 iungantur
839 1952 917 1989 vulg.
943 1968 983 1975 —

33 1989 82 2027 36)
97 1991 213 2018 scimus
235 1996 304 2030 post
326 2003 386 2020 esce
407 1994 492 2022 omisi
514 1994 690 2023 auctoritate
714 1995 770 2023 Gu.
788 1998 814 2026 1.
831 1997 858 2027 2.
883 1993 982 2032 gothi-

34 2041 146 2060 corum.
169 2049 211 2054 —
234 2033 282 2071 37)
299 2034 347 2062 Sic
365 2036 395 2066 Z.
418 2036 472 2064 Gu.
494 2039 520 2068 1.
538 2040 564 2068 2.
583 2048 628 2076 pr.
647 2048 692 2066 va.
712 2036 979 2066 —tantummodo

33 2074 113 2112 vulg.
142 2090 185 2097 —-
210 2075 256 2114 38)
278 2076 326 2104 Sic
348 2077 403 2106 Gu.
420 2080 446 2110 1.
473 2095 514 2101 —
544 2086 663 2108 constat
687 2080 813 2118 svi’llabis
835 2080 915 2116 vulg.
939 2097 978 2102 --

32 2117 79 2156 39)
94 2116 144 2146 Sic
165 2117 223 2147 Gu.
244 2122 288 2155 1.,
310 2118 363 2147 sed
381 2121 464 2149 omisi
487 2123 533 2158 in,
559 2123 642 2160 qnod
664 2122 741 2152 idem
767 2123 832 2152 cod.
856 2122 980 2151 exhibet

33 2165 99 2188 ante
118 2170 181 2188 una
204 2177 243 2182 —
270 2171 334 2189 una
358 2163 478 2199 suullaba
499 2171 541 2192 est
562 2165 595 2196 Z.
627 2181 668 2187 —
699 2166 821 2203 syllaba
849 2176 912 2193 urm
935 2171 978 2193 est

30 2202 108 2240 vulg.
129 2218 170 2226 -—
192 2201 239 2244 40)
250 2214 306 2242 pes
327 2214 383 2233 om.
401 2206 430 2232 Z.
457 2224 494 2229 ——
517 2209 565 2245 41)
581 2207 719 2236 Lindius
735 2208 841 2248 scripsi
858 2218 976 2243 nomen,

30 2244 110 2282 quod
131 2246 257 2282 Λίνδιος
274 2251 318 2275 est
344 2247 426 2286 apud
442 2248 580 2279 strabon.
607 2256 635 2279 et
656 2251 741 2280 Suid.
765 2266 802 2272 --
827 2251 977 2279 Lintltt'us

31 2286 89 2316 Gu.
106 2290 132 2319 1.
149 2305 189 2310 --
209 2290 340 2318 Lincius
360 2290 416 2318 Gu.
434 2293 461 2322 2.
482 2301 527 2320 va.
548 2309 590 2315 —
613 2293 742 2321 Limia-5
759 2293 838 2331 vulg.
861 2309 903 2315 —
926 2291 975 2333 (ἃ)

30 2328 76 2356 Sic
97 2329 153 2359 Gu.
172 2333 198 2361 1.
219 2349 252 2352 —
278 2333 346 2370 Syll.
369 2338 456 2371 temp.
476 2334 555 2372 vulg.
579 2351 619 2358 —
642 2336 686 2374 43)
704 2338 851 2364 insistunt
868 2337 898 2364 Z.
920 2336 976 2364 Gu.

1120 1375 1206 1407 Nam
1235 1374 1403 1418 spondeus
1439 1378 1560 1406 tractus
1587 1372 1723 1415 quidem
1734 1369 1759 1389 ⁵³
1792 1373 1930 1414 dicitur,
1959 1374 1993 1406 id

1129 1425 1232 1459 Unde
1266 1430 1299 1458 et
1325 1421 1416 1467 him,
1452 1424 1508 1467 qui
1535 1424 1616 1456 tuba
1629 1420 1654 1441 ⁵⁵
1689 1424 1853 1458 canebant
1880 1425 1911 1457 in
1939 1436 1993 1457 sa-

1036 1571 1065 1600 2.
1084 1578 1130 1597 va.
1152 1567 1204 1597 Ar.
1229 1583 1270 1589 --
1293 1567 1342 1605 44)
1363 1567 1412 1595 Sic
1436 1566 1492 1595 Gn.
1509 1568 1536 1597 1.
1552 1584 1589 1589 --
1613 1572 1685 1595 sunt
1703 1576 1759 1596 om.
1778 1567 1856 1604 vulg.
1880 1583 1920 1589 —
1943 1568 1991 1609 45)

1037 1611 1086 1639 Sic
1108 1611 1164 1639 Gu.
1187 1614 1212 1643 1.
1228 1626 1270 1632 —-·
1294 1610 1449 1638 ambulent
1468 1609 1546 1647 vulg.
1583 1626 1617 1630 —
1655 1608 1700 1647 46)
1720 1608 1765 1637 ad
1785 1615 1919 1648 qualuor
1941 1621 1990 1638 ιω·-

1037 1665 1095 1693 qae
1109 1653 1246 1692 {illalum
1262 1654 1293 1681 Z.
1317 1670 1358 1676 —
1380 1650 1428 1692 47)
1446 1652 1494 1680 Sic
1515 1652 1571 1680 Gu.
1591 1655 1615 1683 1.
1636 1652 1671 1680 al.
1695 1667 1735 1674 —
1759 1653 1892 1690 reliquae
1910 1653 1987 1691 vulg.

1035 1713 1077 1718 —
1099 1698 1147 1728 48)
1165 1697 1214 1725 Sic
1232 1696 1259 1723 Z¹
1280 1707 1325 1735 pr.
1343 1706 1389 1724 va.
1407 1711 1444 1716 —
1467 1695 1611 1733 -virzzigiae
1634 1695 1688 1724 Gu.
1707 1698 1734 1725 1.
1750 1698 1778 1726 2.
1798 1712 1835 1716 —-
1854 1696 1986 1733 συζυγίαι

1031 1740 1112 1777 vulg.
1158 1740 1197 1768 At
1221 1748 1330 1777 quum,
1354 1743 1386 1766 ut
1409 1737 1458 1766 hic
1483 1737 1608 1776 scripsi,
1637 1737 1679 1765 sic
1694 1738 1774 1776 apud
1799 1738 1900 1767 Donat.
1920 1737 1941 1773 I,
1958 1741 1986 1775 4,

1031 1782 1059 1813 4.
1084 1782 1182 1819 (1740
1209 1783 1253 1817 P.)
1278 1780 1548 1820 praestantissimus
1578 1780 1642 1808 cod.
1678 1780 1870 1809 Santenianus
1898 1779 1985 1808 exhi-

1030 1824 1107 1860 beat,
1133 1835 1221 1863 quem
1237 1823 1277 1852 ibi
1300 1828 1420 1853 secutus
1443 1828 1487 1852 est
1516 1823 1735 1851 Lindemannus
1757 1822 1840 1862 (vide
1856 1822 1983 1862 notam),

1030 1866 1088 1895 hoc
1105 1877 1227 1906 quoque
1244 1867 1310 1895 loco
1332 1866 1418 1895 codd.
1443 1866 1573 1904 vestigiis
1596 1866 1696 1894 institi.
1720 1883 1759 1888 -
1792 1864 1839 1906 49)
1860 1866 1908 1894 Sic
1926 1866 1981 1895 Gu.

1032 1913 1057 1940 1.
1074 1913 1103 1941 2.
1118 1920 1164 1948 pr.
1184 1920 1230 1938 va.
1241 1910 1291 1939 Ar.
1309 1926 1349 1930 —
1366 1914 1515 1936 vocantur
1530 1909 1611 1945 vulg.
1627 1925 1669 1930 -—
1683 1906 1732 1948 50)
1741 1908 1891 1936 assiduus
1901 1909 1982 1937 Z.-—-

1029 1952 1073 1991 51)
1092 1953 1186 1990 Vulgo
1203 1957 1368 1991 sequuntur
1385 1952 1474 1980 baec:
1495 1953 1557 1979 sive
1570 1951 1608 1979 ab
1621 1953 1690 1989 igne
1712 1952 1902 1990 appellatur,
1928 1954 1981 1990 qui

1029 1996 1141 2024 Graece
1163 1997 1224 2034 πῦρ
1247 1995 1378 2030 dicitur,
1401 1996 1456 2034 qui
1477 1995 1571 2022 veluti
1593 1995 1676 2032 igni-5
1699 1995 1829 2022 celeriter
1852 1994 1978 2030 labitur,

1027 2048 1102 2077 quae
1132 2048 1224 2076 quum
1248 2038 1344 2066 absint
1371 2048 1386 2066 ε
1411 2036 1497 2067 codd.
1523 2037 1555 2066 Z.
1584 2037 1639 2065 Gu.
1669 2039 1694 2068 1.
1720 2039 1749 2069 2.
1775 2047 1821 2075 pr.
1842 2047 1888 2065 va.
1916 2037 1976 2073 Ar„

1024 2081 1185 2109 omittenda
1210 2081 1321 2109 censui.
1344 2096 1386 2101 -
1415 2079 1461 2119 52)
1477 2080 1525 2108 Sic
1547 2080 1602 2108 Gu.
1622 2082 1647 2110 1.
1671 2095 1711 2101 -
1744 2079 1861 2108 dicitur
1886 2079 1975 2118 vulg,

1023 2123 1105 2162 quod
1123 2134 1179 2152 om.
1199 2124 1230 2151 Z.
1255 2140 1292 2144 —
1317 2123 1365 2159 53)
1381 2123 1430 2151 Sic
1447 2123 1504 2151 Gu.
1523 2124 1548 2153 1.
1564 2132 1611 2150 va.
1630 2139 1667 2143 --
1692 2121 1820 2160 quidam
1837 2122 1917 2160 vulg.
1934 2137 1974 2144 —

1021 2166 1070 2204 54)
1095 2166 1144 2194 Sic
1166 2166 1198 2195 Z.
1222 2166 1276 2194 Gu⁴
1296 2169 1321 2198 1.
1339 2167 1369 2196 2.
1391 2175 1436 2205 pr.
1461 2166 1510 2194 Ar.
1534 2163 1604 2205 (ii).
1628 2181 1670 2186 —
1696 2164 1780 2193 Unde
1797 2165 1831 2192 Ιιί
1852 2171 1877 2192 et
1894 2165 1972 2202 vulg.

1023 2224 1059 2230 —
1084 2211 1128 2245 55)
1147 2209 1196 2236 Sic
1213 2208 1269 2236 Gu.
1288 2211 1312 2239 1.
1333 2224 1370 2229 —
1395 2208 1476 2236 tubi-5
1496 2207 1532 2236 al.
1546 2223 1588 2230 —
1606 2207 1692 2235 tibiis
1715 2208 1794 2246 vulg.
1817 2224 1858 2229 —
1880 2207 1970 2234 tibias

1020 2251 1140 2288 golhici.
1166 2255 1197 2280 et
1218 2261 1264 2279 va.
1291 2267 1333 2273 —
1357 2253 1405 2283 56)
1429 2251 1478 2279 Sic
1503 2249 1638 2290 scripsie
1661 2250 1850 2287 coniectura,
1879 2259 1966 2287 quum

1020 2294 1049 2322 in
1073 2295 1128 2322 Gu.
1142 2297 1166 2325 1.
1192 2298 1269 2323 esset
1283 2292 1482 2332 spondieales.
1497 2309 1541 2316 —-
1556 2292 1734 2331 spondeales
1754 2302 1799 2321 va.
1818 2308 1856 2314 —
1879 2301 1963 2329 Spem

1020 2335 1117 2365 diales
1139 2336 1220 2375 vulg.
