2203 2829
153 140 228 175 214

852 134 1032 170 lSlDORI
1058 136 1240 170 HISPAL.
1268 137 1413 172 EPISC.

154 247 219 282 pro
247 246 288 268 eo
316 234 413 279 quod
440 232 534 267 nulla
561 229 682 264 laetitia
710 229 777 261 sive
805 227 951 263 tristitia¹
982 230 1160 264 obveniens
1188 233 1301 265 castris
1328 231 1502 265 stationem
1531 231 1677 264 militum
1696 231 1854 266 rescindit
1865 228 1887 268 ².
1942 235 2027 268 Nam
2044 236 2114 269 lae-

155 290 228 322 titia
255 288 432 325 libentius,
471 284 596 317 tristitia
624 281 796 314 sollicitius
823 279 1054 315 administrat³
1089 283 1320 328 disciplinam,
1364 283 1452 316 unde
1490 288 1523 316 et
1549 283 1670 316 milites
1705 295 1874 327 nunquam
1903 285 2115 321 immemores

157 339 355 374 sacramenti
381 337 486 381 magis
508 334 701 368 stationibus
728 339 856 377 parent.

323 390 382 423 67.

437 389 635 421 Discernunt
662 390 773 418 autem
800 384 939 428 quidam
972 385 1057 418 inter
1090 386 1248 419 ieiunium
1283 390 1316 418 et
1345 386 1531 418 stationem.

1592 386 1679 418 Nam
1715 386 1870 420 ieiunium
1907 394 1956 421 est
1981 389 2116 423 indiffe-

157 449 268 479 renter
295 441 467 475 cuiuslibet
494 438 561 470 diei
588 437 794 477 abstinentia,
810 448 877 469 non
903 437 1087 470 secundum
1115 438 1240 482 legem,
1268 437 1326 470 sed
1355 437 1538 471 secundum
1566 438 1741 483 propriam
1768 439 1993 480 voluntatem3
2020 442 2116 475 statio

158 501 270 530 autem
298 499 346 527 est
373 490 561 524 observatio
590 494 787 522 statutorum
815 485 968 522 dierum⁴
995 489 1048 522 vel
1082 494 1285 534 temporum.

324 552 385 585 6³3.
440 551 599 591 Diei-um,
625 555 661 582 ut
683 555 821 592 quartae
849 554 881 582 et
908 554 1018 582 sextae
1044 547 1171 582 feriae5
1198 549 1355 582 ieiunium
1384 560 1424 581 ex
1449 549 1553 581 veteri
1582 549 1662 594 lege
1689 548 1953 594 praeceptum⁶:
1981 552 2024 585 de
2050 562 2117 596 qua

160 608 300 642 statione
322 605 354 637 in
376 603 564 648 Evangelio
592 601 673 633 dixit
700 602 775 634 ille:
803 602 915 635 ieiuno
943 601 995 634 bis
1021 601 1055 633 ἱη
1083 601 1249 641 subbato,
1275 600 1310 632 id
1338 605 1385 632 est
1412 597 1468 633 ἱιι7
1496 605 1614 644 quarta
1642 605 1676 633 et
1702 606 1791 634 sexta
1815 603 1952 635 sabbati.

326 655 386 689 (59.

438 655 651 698 Temporum
679 659 809 693 autem,
848 665 934 696 quae
961 654 1125 697 legalibus
1153 652 1207 685 et*⁵
1241 652 1451 697 propheticis
1485 652 1741 686 institutionibus
1774 654 1955 687 terminatis
1982 660 2117 699 tempo—

161 713 250 745 ribus
277 714 395 741 statuta
419 712 510 747 sunt,
538 712 573 738 ut
595 705 751 738 ieiunium
771 707 898 748 quarti,
926 705 1047 748 quinti,
1076 705 1226 748 septimi,
1255 702 1317 738 ac⁹
1345 704 1467 737 decimi
1496 705 1634 742 mensis,
1657 705 1710 737 vel
1726 701 1766 745 ¹⁰,
1793 707 1875 739 sicut
1898 707 1931 739 in
1958 707 2117 751 Evange-

162 766 229 804 lio,
258 761 328 794 dies
355 760 422 799 illi,
449 760 482 791 in
502 758 623 802 quibus
651 757 782 790 ablatus
809 762 858 789 est
884 768 1039 801 sponsus,
1067 757 1119 788 vel
1148 757 1230 788 sicut
1258 757 1446 788 observatio
1470 756 1767 800 quadragesimae,
1794 769 1881 800 quae
1907 758 1939 790 in
1967 758 2118 791 universo

162 817 245 850 orbe
272 812 473 846 institutione
500 809 687 854 apostolica
715 810 910 841 observatur
938 809 1026 842 circa
1054 809 1234 842 confinium
1259 808 1457 841 Dominicae
1484 807 1652 852 passionis

165 929 294 963 scilicet
311 925 464 959 ciborum
480 920 687 954 humentium

165 1027 286 1069 niatu,
314 1026 407 1071 quod
436 1026 524 1059 male
551 1024 668 1057 admisi

164 1083 253 1117 male
280 1081 448 1118 fecerunt,
483 1076 682 1121 impunitum
707 1087 776 1108 esse
803 1088 870 1108 non
898 1076 1011 1110 sinant.

702 918 723 937 1³

672 1028 683 1055 t
700 1022 731 1058 18·

441 871 502 903 His
529 870 661 902 tertium
690 881 794 913 genus
835 869 970 911 quidam
1008 865 1220 909 adiiciunt¹¹,
1254 865 1383 912 qu0d¹²
1418 868 1675 913 xerophagiam
1713 867 1845 907 dicunt,
1888 868 2118 901 abstinentiam

725 948 733 956 .
771 920 871 953 Unde
888 927 919 953 et
937 932 1058 954 nomen
1086 921 1155 953 hoc
1180 920 1308 965 datum,
1334 932 1374 953 eo
1402 920 1495 963 quod
1523 920 1660 963 quidam
1679 916 1809 953 siccis¹⁴

444 972 650 1007 Poenitentia
679 973 872 1017 appellata,
897 974 989 1016 quasi
1018 974 1201 1017 punitentia
1215 969 1258 1014 ¹⁶,
1287 983 1328 1005 eo
1356 973 1448 1015 quod
1476 974 1548 1016 ipse
1570 972 1676 1004 homo
1706 972 1737 1003 in
1763 983 1798 1003 se
1825 972 2031 1016 poenitendo
2053 983 2120 1016 pu-

786 1025 873 1057 Nam
902 1024 985 1056 nihil
1013 1025 1102 1057 aliud
1132 1030 1252 1069 agunt,
1280 1036 1364 1068 quos
1393 1024 1551 1057 veraciter
1579 1024 1746 1068 poenitet,
1783 1024 1841 1056 nisi
1870 1030 1905 1056 ut
1940 1024 1993 1065 id,
2028 1023 2120 1066 quod

1066 1077 1118 1109 Eo
1153 1077 1281 1120 quippe
1308 1076 1412 1109 modo
1447 1076 1508 1108 sibi
1542 1086 1607 1107 non
1641 1075 1854 1119 parcentibus
1881 1077 1937 1109 ille
1969 1071 2121 1120 parcit¹⁹‚

1837 921 1916 953 escis
1943 926 2083 953 utantur.
2097 916 2120 937 ¹⁵

165 1136 257 1169 cuius
284 1132 387 1165 altum
410 1129 570 1162 iudicium
597 1128 784 1170 iustumque
795 1124 820 1144 ²⁰
848 1128 955 1159 nullus
982 1133 1195 1172 contemptor
1223 1127 1343 1160 evadet
1354 1124 1391 1163 ²¹.

332 1190 391 1222 72.

446 1189 601 1222 Perfecta
615 1185 640 1204 ²²
667 1193 777 1220 autem
808 1188 1029 1231 poenitentia,
1058 1188 1236 1231 praeterita
1264 1187 1390 1220 deflere
1418 1193 1450 1222 et
1476 1189 1584 1221 futura
1614 1200 1679 1220 non
1707 1187 1892 1220 admittere.

1947 1188 2043 1220 Haec
2069 1198 2121 1219 se-

166 1244 277 1280 cunda
303 1243 335 1274 in
362 1240 609 1273 similitudinem
622 1234 647 1255 ²³
674 1239 773 1270 sontis
801 1235 900 1278 est²⁸,
929 1244 964 1271 ut
995 1239 1020 1271 si
1045 1239 1133 1272 forte
1160 1239 1380 1284 impugnante
1403 1239 1539 1272 diabolo
1559 1240 1694 1283 aliquod
1720 1244 1898 1283 peceatum
1918 1234 2122 1283 erepseritffi,

165 1297 263 1330 huius
291 1293 514 1328 satisfactione
542 1294 714 1335 purgetur.

334 1344 393 1377 73.
447 1343 638 1377 Satis-factio
667 1347 777 1375 autem
807 1347 853 1374 est
880 1352 993 1375 causas
1021 1346 1241 1387 peccatorum
1270 1345 1302 1374 et
1328 1341 1560 1387 suggestiones
1582 1340 1760 1375 excludere
1788 1347 1819 1373 et
1835 1342 1919 1374 ultra
1946 1347 2122 1385 peccatum

168 1411 234 1433 non
261 1400 389 1432 iterare.

336 1447 394 1480 7⁴.
447 1445 690 1479 Reconciliatio
726 1455 806 1476 vero
821 1440 846 1461 ²⁰

170 1559 247 1599 post
273 1556 451 1597 peccatum
480 1548 684 1592 poenitendo
712 1546 932 1591 regredimur.

336 1601 395 1633 Ἡ).

171 1655 312 1690 nominis
340 1653 464 1696 duplex
493 1651 691 1696 significatio
721 1656 777 1683 est.

172 1709 285 1742 Pater
312 1704 462 1738 Domine
473 1700 498 1720 2⁴³

171 1760 251 1793 tiam
263 1754 304 1798 ³²,
333 1757 424 1790 cuius
450 1755 642 1787 indeficiens
669 1758 717 1786 est
739 1749 1005 1787 misericordia&

882 1450 946 1483 est,
992 1456 1079 1487 quae
1112 1449 1189 1488 post
1223 1444 1509 1488 complementum
1546 1444 1768 1488 poenitentiae
1797 1443 1983 1476 adhibetur.

169 1503 252 1535 sicut
280 1494 528 1532 conciliamur²⁷
565 1497 658 1537 Deo,
702 1495 837 1540 quando
864 1496 1011 1539 primum
1045 1508 1064 1528 a
1092 1496 1278 1541 gentilitate
1315 1497 1555 1537 convertimur,
1591 1496 1633 1528 ita
1665 1495 1937 1537 reconciliamur,

2038 1444 2124 1476 Nam

1989 1495 2125 1540 quando

450 1600 709 1644 Exomologesis
738 1600 872 1631 Graeco
901 1598 1069 1630 vocabulo
1097 1598 1231 1634 dicitur,
1261 1597 1355 1640 quod
1382 1598 1501 1630 Latine
1529 1597 1695 1630 consessio
1723 1598 1958 1641 interpretatur
1970 1595 2012 1639 ²⁸,
2036 1599 2126 1631 cuius

829 1651 896 1683 Aut
925 1650 1011 1682 enim
1039 1651 1070 1682 in
1100 1649 1197 1682 laude
1224 1650 1422 1694 intelligitur
1441 1649 1625 1687 confessio,
1653 1649 1735 1681 sicut
1763 1655 1827 1681 est:
1861 1648 2038 1696 ΘονψἾρον
2065 1649 2126 1682 ribi

529 1703 617 1735 coeli
652 1706 683 1734 et
708 1706 845 1735 terrae.-
886 1707 942 1734 aut
966 1702 1047 1734 dum
1074 1702 1214 1746 quisque
1243 1702 1420 1735 confitetur
1447 1713 1504 1733 sua
1532 1697 1709 1745 peccata3⁰
1731 1699 1879 1745 petendo
1893 1697 1916 1717 ³¹
1945 1701 2125 1747 indulgen-

340 1806 397 1840 76.
451 1807 502 1839 Ex
529 1806 598 1839 hoc
626 1806 727 1850 igitur
741 1802 764 1822 ³⁴
801 1805 936 1838 Graeco
968 1805 1136 1838 vocabulo
1172 1804 1366 1849 exprimitur
1394 1808 1427 1837 et
1461 1803 1690 1847 frequentatur
1718 1803 1982 1848 exomologesis,
2024 1800 2127 1848 qua³⁵

261 1921 287 1954 1)
312 1919 373 1945 sive
396 1918 527 1944 tristitia
544 1915 611 1945 add.
630 1915 678 1943 Ar.
694 1925 709 1944 e
725 1914 850 1944 Tertull.
866 1915 895 1943 in
918 1914 985 1943 libr.
1002 1914 1039 1942 de
1057 1918 1129 1942 orat.

173 1963 205 1991 in
220 1960 288 1997 sim,
310 1960 390 1988 unde
414 1964 494 1988 totus
515 1964 558 1988 est
580 1959 671 1987 locus.
695 1974 734 1981 -
760 1956 792 1997 Q)
817 1957 865 1985 Sic
891 1958 945 1986 Gu.
960 1959 1023 1988 1.2.
1039 1957 1076 1985 al.
1093 1974 1127 1978 -—

176 2002 328 2033 rescindat
359 2003 438 2040 vulg.
464 2018 501 2025 «-
531 2001 560 2039 3)
584 2002 792 2029 amministrat
823 2000 879 2029 Gu.
907 2003 935 2031 2.
966 2016 1002 2021 -
1033 1998 1064 2038 4)
1088 2000 1133 2027 rel

177 2047 293 2076 dierum
319 2046 374 2074 Gu.
391 2047 419 2075 2.
442 2060 484 2066 --
505 2044 534 2083 5)
550 2044 599 2072 Sic
617 2045 673 2072 Gu.
694 2047 719 2075 1.
736 2060 769 2064 -
786 2043 872 2080 Vulg.
889 2048 1017 2081 quartae
1028 2043 1131 2079 seriae

178 2097 203 2119 el
227 2095 338 2119 sextae.
361 2103 402 2109 -—·
433 2088 488 2115 Gu.
509 2090 538 2118 2.
573 2092 702 2125 quarlae
728 2087 828 2123 feriae
850 2091 875 2113 ct
899 2092 996 2114 sextae
1015 2087 1128 2121 seriae¹

178 2134 274 2162 Locus
297 2131 375 2160 Novi
396 2131 474 2158 Test.
499 2134 543 2158 est
566 2130 636 2157 Luc.
664 2131 718 2165 18,
744 2131 792 2160 12.
815 2144 857 2151 -—
880 2128 909 2168 6)
928 2134 968 2156 est
986 2127 1053 2156 add.
1073 2129 1127 2156 Gu.

179 2179 208 2207 2.
229 2191 270 2197 —
298 2172 329 2213 7)
353 2175 384 2200 in
408 2171 510 2201 addidi
535 2182 549 2200 e
575 2172 630 2200 Gu.
656 2174 683 2202 1.
705 2187 746 2193 -—
777 2173 806 2208 ὅ)
830 2170 878 2200 Sic
901 2173 955 2199 Gu.
975 2174 1000 2200 1.
1027 2186 1070 2191 —
1094 2182 1131 2198 ac

180 2218 260 2256 vulg.
283 2233 324 2238 -
347 2215 378 2255 9)
403 2216 452 2244 Sic
474 2215 531 2243 Gu.
550 2218 577 2245 1.
602 2232 639 2236 —
663 2219 688 2241 et
711 2213 790 2251 vulg.
808 2231 845 2236 --
869 2215 978 2241 mmm
1000 2223 1057 2241 oni.
1076 2215 1129 2241 (iu.

181 2264 209 2292 2.
234 2263 282 2288 Ar.
301 2274 340 2281 -—
365 2256 409 2296 10)
427 2258 472 2286 vel
495 2267 551 2285 om.
573 2266 618 2296 pr.
634 2265 681 2285 va.
699 2273 739 2277 -—
764 2254 809 2294 11)
825 2254 963 2284 adiciunt
983 2257 1038 2282 Gu.
1059 2259 1083 2285 1.
1101 2259 1130 2287 2,

181 2319 223 2324 -—
245 2300 290 2341 11³)
307 2301 354 2328 Sic
379 2301 436 2330 Gu.
455 2303 480 2331 1.
500 2303 527 2332 2.
545 2315 587 2323 --
605 2309 699 2337 quam
721 2298 801 2334 vulg.
827 2314 866 2320 -
898 2297 945 2338 13)
966 2298 1013 2325 Sic
1029 2300 1084 2325 Gu.
1103 2302 1130 2328 1.

182 2347 211 2375 2.
229 2361 268 2366 —
287 2344 420 2371 hument.
444 2342 535 2370 cibor.
554 2341 636 2379 vulg.
664 2356 707 2362 -
731 2340 774 2372 14)
794 2340 842 2369 Sic
863 2342 919 2369 Gu.
941 2343 964 2369 1.
981 2356 1020 2362 —
1043 2342 1132 2368 sicci-s·

185 2386 313 2425 quidam
334 2386 415 2423 vulg.
438 2401 480 2407 —-
505 2384 547 2423 15)
565 2390 750 2412 utuntur-va.
773 2398 814 2405 --
840 2386 884 2419 16)
902 2383 952 2410 Sic
974 2383 1029 2410 Gu.
1049 2387 1130 2414 1.va.

187 2432 234 2457 Ar.
251 2446 288 2451 -
302 2430 464 2467 punientia
480 2428 559 2466 vulg.
585 2445 621 2449 —-
648 2426 694 2464 17)
715 2426 763 2453 Sic
794 2425 849 2453 Gu.
870 2428 896 2456 1.
917 2428 947 2457 2.
968 2426 1076 2464 (punit
1102 2431 1131 2453 ut

1174 1915 1223 1950 al.)
1251 1914 1336 1951 Vulg.
1356 1915 1471 1951 puniat
1491 1914 1603 1952 poenit.
1628 1929 1669 1934 —-
1700 1911 1745 1952 18)
1771 1915 1907 1941 ammisit
1929 1914 1986 1943 Gu.
2007 1916 2034 1944 2.
2077 1914 2125 1942 Sic

1175 1967 1245 1986 mox
1268 1958 1435 1984 ammittere
1457 1967 1512 1995 pro
1535 1956 1699 1985 admittere.
1719 1973 1749 1976 —-
1784 1954 1945 1996 19)J)a1-cet
1970 1957 2124 1996 Gu.1.pr.

1178 2017 1212 2022 --
1239 1999 1285 2035 20)
1303 1999 1351 2027 Sic
1376 2000 1431 2030 Gu.
1449 2002 1475 2030 1.
1490 2015 1531 2021 -—
1554 2000 1653 2026 altum
1677 2001 1851 2037 iustumque
1873 1999 1966 2027 indic.
1989 1998 2069 2035 vulg.
2085 2015 2126 2020 —

1175 2045 1222 2079 2³1)
1246 2041 1347 2070 evadit
1372 2044 1430 2072 (ἆυ.
1447 2045 1475 2073 2.
1501 2043 1552 2071 Ar.
1572 2058 1606 2062 ——
1633 2042 1678 2080 233)
1702 2048 1743 2069 est
1766 2042 1834 2070 add.
1850 2041 1944 2079 vulg,
1969 2041 2050 2079 quod
2068 2051 2124 2070 om.

1175 2087 1232 2115 (iu.
1253 2089 1275 2112 1.
1293 2101 1325 2106 --
1353 2087 1398 2120 23)
1419 2086 1448 2112 in
1471 2084 1677 2112 similitudine
1694 2087 1750 2113 Gn.
1769 2088 1793 2116 1.
1808 2084 1845 2112 al.
1864 2095 1906 2122 pr.
1931 2101 1972 2104 —
1994 2085 2125 2121 24)]οη-

1174 2130 1214 2155 tis
1234 2128 1396 2165 purgatio,
1421 2133 1453 2155 at
1477 2132 1532 2156 ete.
1558 2128 1607 2157 Ar.
1631 2144 1671 2149 —
1695 2128 1740 2165 23)
1757 2127 1805 2156 Sic
1830 2127 1886 2155 Gu.
1901 2129 1926 2158 1.
1945 2125 2126 2166 (errepserit)

1178 2188 1212 2191 —
1237 2171 1390 2208 irrepserit
1413 2170 1492 2207 vulg.
1511 2186 1553 2191 --
1575 2169 1622 2209 26)
1644 2176 1746 2198 antem
1769 2170 1824 2199 Gu.
1846 2172 1874 2200 2.
1900 2186 1938 2190 -
1961 2171 2009 2206 27)
2029 2171 2126 2197 cunci-

1174 2214 1290 2240 limma·
1314 2221 1407 2250 usque
1438 2213 1475 2241 ad
1504 2215 1549 2240 ila
1573 2224 1629 2241 oui.
1662 2214 1718 2243 Gu.
1740 2215 1768 2244 2.
1789 2228 1832 2233 -
1859 2213 1940 2241 Nam
1971 2222 2065 2251 usque
2088 2212 2125 2241 ad

1175 2265 1251 2293 regr.
1278 2265 1335 2283 om.
1359 2255 1396 2283 al.
1421 2271 1462 2277 —
1485 2255 1529 2294 25)
1552 2257 1767 2294 iulet-pretatur
1789 2254 1824 2282 al.
1847 2265 1902 2283 om.
1928 2271 1967 2276 --
1990 2254 2037 2294 ⁶29)
2055 2256 2125 2283 Do-

1176 2299 1254 2325 mine
1277 2299 1369 2325 stater
1393 2298 1449 2326 Gu.
1475 2301 1505 2329 2.
1527 2314 1569 2320 —-
1590 2302 1635 2333 30)
1655 2303 1781 2337 peccata
1805 2307 1860 2325 0111.
1886 2298 1942 2326 Gu.
1963 2301 1991 2329 2.
2014 2314 2056 2319 —
2079 2298 2125 2335 31)

1175 2341 1224 2367 Sic
1248 2340 1304 2367 Gu.
1323 2344 1348 2371 1.
1368 2358 1398 2360 —
1420 2340 1506 2378 Vulg.
1528 2352 1583 2379 pro
1601 2340 1658 2369 hoc
1671 2341 1709 2369 ab
1725 2351 1764 2368 eo.
1782 2357 1818 2362 —
1835 2340 1872 2367 ab
1891 2351 1921 2368 eo
1946 2339 2040 2368 datar
2057 2339 2124 2369 ind.

1175 2392 1220 2421 pr.
1247 2398 1288 2404 —
1311 2381 1359 2421 39)
1375 2383 1422 2410 Sic
1444 2384 1499 2412 Gu.
1524 2388 1548 2414 1.
1564 2400 1600 2404 —
1619 2383 1809 2421 indulgenda
1834 2383 1919 2420 Vulg.
1938 2400 1977 2403 —
2000 2382 2047 2416 33)
2065 2384 2125 2410 mi-

1175 2426 1255 2452 seria
1281 2425 1336 2455 Gu.
1358 2429 1384 2456 l.
1400 2442 1439 2446 —
1463 2425 1511 2465 54)
1528 2427 1575 2454 Sic
1600 2427 1656 2455 Gu.
1678 2430 1703 2457 1.
1717 2429 1745 2458 2.
1768 2427 1815 2454 ΑΓ.
1833 2441 1870 2445 -—
1894 2436 1964 2463 ergo
1990 2425 2068 2463 vulg.
2084 2441 2125 2447 —
