2264 2830
803 104 1052 140 ORlGlNUM
1079 105 1224 138 LIBER
1246 105 1302 138 vl.
1958 106 2007 140 21
2015 107 2031 139 1

78 201 158 235 licet
183 199 393 244 quarundam
422 211 571 234 escarum
599 199 780 234 secundum
809 206 955 234 veterem
966 196 991 217 ³⁰
1018 201 1151 245 legem,
1179 211 1220 233 eo
1238 200 1333 243 quod
1361 200 1574 234 observantes
1601 204 1737 234 careant
1751 198 1803 234 his
1830 200 1939 242 rebus,
1958 203 2033 245 qui-

78 253 139 286 bus
166 264 200 286 se
229 249 494 285 abstinueruntffl.

248 305 306 336 313.
361 304 569 338 Sacrificium
598 302 742 343 dictum,
770 305 863 347 quasi
893 315 1023 336 sacrum
1052 303 1196 341 sactum,
1224 303 1300 345 quia
1329 314 1430 346 prece
1447 304 1586 346 mystica
1608 308 1822 337 consecratur
1848 303 1881 335 in
1904 313 2035 336 memo—

79 357 161 388 riam
183 366 245 400 pro
275 356 368 388 nobis
395 355 591 388 Dominicae
613 356 791 399 passionis,
836 355 926 388 unde
958 355 1026 389 boc
1055 367 1095 387 eo
1123 355 1258 387 iubente
1286 365 1408 398 corpus
1437 355 1561 387 Christi
1595 360 1627 388 et
1654 355 1847 400 sanguinem
1886 356 2036 396 dicimus,

80 408 174 451 quod
201 408 281 440 dum
311 408 350 440 sit
377 419 416 440 ex
445 407 605 441 fructibus
633 413 757 447 terrae,
785 408 1010 441 sanctificatur
1021 403 1062 449 ³²,
1091 412 1124 439 et
1151 407 1188 439 iit
1211 411 1474 447 sacramentum,
1502 404 1699 450 operante³³
1726 407 1929 440 invisibiliter
1956 408 2037 451 Spi—

80 461 145 492 ritu
173 460 256 499 Dei,
284 459 374 491 cuius
401 459 495 503 panis
522 464 555 492 et
575 459 686 493 calicis
714 466 957 493 sacramentum
986 459 1109 492 Graeci
1137 455 1406 491 Eucharistianffl
1434 459 1566 499 dicunt,
1593 459 1686 502 quod
1704 460 1824 493 Latine
1846 459 1935 492 bona
1955 471 2034 504 gra-

81 512 126 544 tia
154 512 397 555 interpretatur.
450 512 496 543 Et
522 511 602 553 quid
630 512 746 544 melius
774 523 920 555 corpore
945 517 978 544 et
1004 511 1165 555 sanguine
1193 510 1342 543 Christi?

248 563 306 594 32).
361 564 615 595 Sacramentum
645 570 693 596 est
721 565 753 595 in
782 564 895 606 aliqua
924 563 1152 597 celebratione
1165 559 1206 603 ³⁵,
1235 573 1311 595 cum
1340 574 1390 594 res
1417 566 1512 606 gesta
1538 561 1582 593 ita
1611 562 1665 601 fit,
1694 567 1728 593 ut
1755 562 1879 605 aliquid
1908 563 2036 606 signifi-

83 625 160 648 care
185 614 410 659 intelligatur,
437 614 530 658 quod
558 621 670 649 sancte
698 615 936 660 accipiendum
965 621 1023 649 est.
1075 615 1160 648 Sunt
1195 619 1306 647 autem
1335 618 1559 656 sacramenta,
1594 612 1757 658 baptisma
1785 619 1817 646 et
1844 613 1989 647 chrisma
2002 611 2037 657 ³⁰,

82 676 204 710 corpus
232 672 263 698 et
288 667 420 711 sanguis
435 663 469 702 ³⁷.

245 717 305 753 40.
361 719 457 759 Quae
485 718 529 750 ob
557 717 591 749 id
620 723 824 752 sacramenta
853 719 1028 760 dicuntur,
1068 717 1146 760 quia
1181 717 1245 750 sub
1279 720 1475 761 tegumento
1488 712 1513 731 ³⁸
1541 716 1766 760 corporalium
1794 727 1904 749 rerum
1937 717 2039 749 virtus

82 768 197 802 divina
225 770 380 803 secretius
410 770 551 803 salutem
581 771 763 803 eorundem
791 777 1075 803 sacramentorum
1104 774 1281 814 operatur,
1318 769 1407 801 unde
1433 773 1465 801 et
1493 780 1512 800 a
1540 769 1673 802 secretis
1700 768 1876 802 virtutibus
1903 769 1957 802 vel
1984 765 2039 801 a³⁹

81 821 179 854 sacris
201 828 406 855 sacramenta
433 822 596 856 dicuntur.

248 872 310 909 41.
365 875 462 915 Quae
496 874 573 906 ideo
602 873 770 907 fructuose
798 885 900 917 penes
928 873 1116 906 Ecclesiam
1150 873 1251 914 fiunt,
1295 872 1374 916 quia
1408 876 1538 905 sanctus
1572 872 1605 905 in
1642 867 1702 905 ea⁴

84 925 228 959 eundem
256 932 539 959 sacramentorum
567 925 706 958 latenter
718 922 741 942 ⁴¹
769 930 929 970 operatur
957 924 1125 959 effectum.

249 977 308 1010 ⁴2.
364 978 484 1018 Unde,
513 989 570 1009 seu
599 989 660 1022 per
687 978 812 1017 bonos,
848 988 903 1009 seu
933 988 993 1020 per
1021 977 1127 1009 malos
1155 975 1319 1008 ministros
1346 975 1430 1008 intra
1460 975 1524 1007 Dei
1559 974 1734 1008 ecclesiam
1763 974 1993 1018 dispensentur
2006 967 2042 1012 ⁴²,

83 1033 195 1061 tamen
222 1030 300 1071 quia
327 1030 470 1074 Spiritus
507 1034 635 1062 sanctus
649 1026 673 1046 ⁴³
701 1030 841 1073 mystice
868 1029 925 1061 illa
952 1028 1114 1068 vivificat,
1147 1039 1235 1071 quae
1246 1024 1270 1044 ⁴⁴
1296 1027 1468 1070 quondam
1497 1027 1695 1071 Apostolico
1723 1027 1754 1058 in
1782 1032 1935 1070 tempore
1966 1024 2042 1056 visi-

82 1080 206 1113 bilibus
218 1077 242 1096 ⁴⁵
270 1082 456 1126 apparebat
484 1081 659 1125 operibus,
698 1093 760 1114 nec
787 1081 954 1114 bonorum
982 1081 1104 1113 meritis
1140 1080 1404 1124 dispensatorum
1439 1079 1686 1123 amplificantur
1716 1078 1801 1111 baec
1835 1077 1943 1117 dona,
1981 1086 2043 1109 nec

85 1131 253 1166 malorum
282 1139 509 1174 attenuantur,
541 1134 619 1176 quia
646 1145 757 1176 neque
784 1134 842 1176 qui
869 1133 999 1176 plantat.
1026 1136 1075 1165 est
1102 1131 1228 1175 aliquid
1244 1128 1284 1172 ³¹⁵,
1320 1143 1428 1174 neque
1456 1131 1511 1174 qui
1540 1131 1644 1175 rigat,
1684 1130 1742 1163 sed
1772 1130 1828 1172 qui
1854 1130 2041 1162 incremen-

84 1188 157 1216 tum
185 1184 263 1228 dat,
293 1185 383 1219 Deus
395 1182 436 1226 ⁴⁷,
465 1185 555 1218 unde
571 1190 601 1218 et
620 1185 753 1219 Graece
779 1185 971 1229 mysterium
990 1184 1128 1224 dicitur,
1155 1183 1248 1226 quod
1276 1189 1438 1216 secretam
1458 1189 1489 1215 et
1512 1182 1719 1215 reconditam
1744 1178 1880 1214 babetst'
1904 1179 2042 1223 dispen-

82 1235 255 1271 sationem.

255 1287 316 1321 ⁴3.
370 1288 580 1331 Baptismum
615 1287 768 1327 Graece,
813 1287 933 1319 Latine
967 1286 1204 1329 interpretatur
1235 1284 1351 1317 tinctio
1363 1280 1404 1323 ⁴⁹,
1445 1280 1568 1327 quae⁵⁰
1601 1283 1728 1317 idcirco
1761 1283 1877 1316 tinctio
1912 1280 2043 1322 dicitur,

85 1340 164 1384 quia
191 1340 236 1372 ibi
263 1339 369 1372 homo
396 1339 512 1383 spiritu
539 1339 667 1384 gratiae
694 1339 726 1370 in
755 1338 872 1371 melius
883 1335 905 1354 ⁵¹
934 1338 1145 1378 immutatur,
1178 1341 1210 1369 et
1234 1337 1338 1380 longe
1365 1336 1454 1368 aliud
1468 1333 1511 1377 ⁵²,
1542 1347 1643 1378 quam
1672 1340 1758 1375 erat,
1788 1333 1939 1367 eflicitur.

255 1391 315 1423 44.
369 1391 464 1423 Prius
490 1391 576 1423 enim
604 1389 697 1423 foedi
725 1402 856 1423 eramus
884 1389 1097 1422 deformitate
1119 1384 1394 1432 peccatorum⁵³‚
1422 1388 1453 1420 in
1469 1388 1541 1431 ipsa
1556 1383 1746 1420 tinctionem
1774 1385 1948 1418 reddimur
1965 1383 2044 1428 pul—

87 1442 161 1477 chri
189 1442 401 1475 dealbatione
434 1443 608 1484 virtutum,
649 1441 739 1474 unde
767 1446 798 1474 et
812 1438 837 1458 ⁵5
870 1441 903 1473 in
931 1441 1076 1475 Canticis
1107 1440 1263 1474 scribitur
1297 1435 1552 1473 canticorum⁵⁶z
1610 1437 1713 1484 Quae
1739 1442 1791 1470 est
1826 1437 1912 1479 ista,
1956 1446 2045 1480 quae

85 1495 246 1528 ascendit
273 1492 479 1527 dealbata?

252 1544 312 1578 45.
366 1545 468 1579 Cuius
495 1544 687 1588 mysterium
716 1554 784 1576 non
813 1543 924 1585 aliter,
950 1543 1007 1576 nisi
1035 1543 1095 1575 sub
1123 1541 1292 1574 Trinitatis
1316 1541 1562 1585 designatione,
1590 1540 1624 1572 id
1654 1544 1702 1572 est
1729 1539 1835 1572 Patris
1860 1542 1892 1571 et
1914 1537 1993 1570 Filii
2013 1542 2046 1570 et

85 1597 229 1642 Spiritus
255 1598 359 1631 sancti
387 1596 682 1642 cognominatione
709 1594 918 1639 completur,
946 1595 1078 1628 dicente
1105 1594 1253 1627 Domino
1278 1593 1320 1625 ad
1350 1593 1521 1636 apostolos
1535 1588 1576 1625 ⁵⁷:
1604 1591 1660 1624 Ite
1683 1592 1806 1624 docete
1821 1601 1939 1624 omnes
1954 1601 2043 1635 gen-

86 1654 157 1693 tes,
199 1649 421 1695 baptizantes
447 1660 506 1681 eos
532 1649 567 1681 in
593 1647 731 1681 nominc
759 1647 882 1680 Putris
917 1651 949 1680 et
978 1647 1061 1680 Filii
1089 1650 1120 1679 et
1150 1645 1306 1690 Spiritus
1331 1645 1454 1678 sancti.

253 1701 313 1733 46.
367 1701 461 1734 Sicut
489 1701 576 1732 enim
603 1700 634 1732 in
661 1699 764 1732 tribus
786 1699 921 1732 testibus
948 1704 1011 1732 stat
1038 1709 1137 1732 omne
1164 1698 1323 1739 verbum,
1348 1697 1394 1730 ita
1414 1696 1483 1729 hoc
1509 1698 1751 1728 sacramentum
1779 1693 1955 1727 confirmat
1977 1696 2044 1724 ter-

87 1753 197 1786 narius
225 1764 382 1786 numerus
408 1752 580 1785 nominum
607 1751 806 1785 divinorum.

1704 866 1716 887 ⁰
1749 881 1883 904 maneus
1911 870 2041 915 spiritus

91 1863 192 1890 ctibus
215 1867 312 1889 terrae
328 1864 367 1889 sit
383 1862 611 1900 sanctificatum
636 1860 692 1889 Gu.
710 1862 740 1891 2.
762 1876 803 1881 -
819 1859 861 1898 fit
879 1870 934 1898 pro
951 1860 990 1886 sit
1007 1859 1045 1887 al.
1091 1857 1178 1896 Vulg.
1191 1857 1352 1886 eorundem
1369 1857 1495 1884 latenter
1512 1858 1779 1882 sacramentorum.
1794 1869 1830 1875 —
1856 1850 1903 1891 42)
1921 1849 2044 1890 dispen-

89 1921 131 1927 -—
153 1905 348 1942 sacrificatur
378 1915 433 1944 pro
464 1904 677 1942 sanctificatur
700 1903 734 1931 al.
764 1919 806 1924 —
843 1906 888 1937 33)
922 1902 955 1930 In
987 1902 1047 1930 Pal.
1090 1906 1197 1929 santur
1222 1902 1278 1929 Gu.
1294 1902 1324 1931 2.
1341 1915 1382 1921 -—
1400 1898 1611 1937 dispensentur
1631 1898 1687 1925 Gu.
1701 1900 1726 1928 1.
1744 1897 1794 1925 Ar.
1809 1905 1853 1935 pr.
1872 1894 1942 1923 edit.
1954 1893 2044 1923 Goth.

89 1949 161 1978 281.
194 1957 284 1986 supra
312 1953 357 1975 est
388 1948 638 1985 cognominatizse.
672 1962 713 1967 -
752 1944 797 1984 34)
827 1944 1047 1972 cucharistiam
1089 1943 1332 1982 ——di'.spen.5etm·
1347 1942 1426 1979 vulg.
1452 1957 1491 1962 —
1514 1940 1563 1976 43)
1576 1946 1703 1967 sanctas
1727 1941 1805 1978 Spir.
1822 1939 1916 1968 Gu.2.
1933 1952 1974 1958 ——
1998 1935 2044 1974 44)

91 1990 149 2019 Gu.
168 1993 195 2021 2.
218 2006 259 2011 -
290 1989 339 2029 35)
363 1991 446 2017 Suc-r.
477 1996 518 2017 cst
542 1990 651 2028 aliqua
675 1988 834 2016 celebratio
871 1988 927 2015 Gu.
953 1989 980 2018 2.
1006 2003 1045 2008 —
1090 1988 1145 2026 qui
1168 1986 1223 2017 Gu,
1245 1987 1273 2017 2.
1299 1996 1345 2014 va.
1380 2001 1414 2005 —-
1446 1981 1494 2021 45)
1518 1983 1680 2011 visibiliter
1709 1982 1744 2011 al.
1771 1999 1811 2003 ——
1845 1982 1894 2015 46)
1917 1977 2047 2018 aliquod

88 2032 136 2071 36)
161 2033 209 2061 Sic
234 2034 290 2060 Gu.
306 2036 331 2064 2.
354 2048 395 2053 -
418 2031 570 2070 baptisma
593 2032 727 2059 chrisma
759 2031 816 2059 Gu.
837 2033 863 2061 1.
885 2047 927 2051 -
958 2029 1043 2067 Vulg.
1088 2030 1144 2058 Gu.
1159 2031 1187 2060 2.
1206 2046 1248 2051 -
1273 2029 1321 2066 47)
1346 2029 1433 2056 Deus
1455 2025 1509 2053 dat
1535 2026 1589 2055 GU.
1607 2028 1636 2056 2.
1658 2041 1700 2047 —-
1731 2026 1779 2063 48)
1805 2024 1853 2052 Sic
1877 2022 1934 2050 Gn.
1954 2024 1979 2052 1-
1997 2023 2043 2049 Ar-

90 2075 277 2114 baptismum
293 2091 334 2096 —
357 2075 444 2103 Arev.
464 2075 642 2113 bapti-smus.
674 2073 746 2103 Cod.
767 2074 832 2102 Vat.
853 2074 922 2104 623.
946 2072 1043 2101 inter-
1087 2089 1127 2094 —
1148 2072 1259 2100 haheat
1284 2070 1366 2108 vulg,
1386 2088 1424 2092 —-
1447 2067 1676 2107 dispositionem
1699 2077 1754 2106 pro
1786 2065 2042 2104 dispensationem

91 2119 229 2158 polatus:
253 2119 437 2153 communio,
462 2118 643 2156 bapti-smus,
667 2117 801 2144 chrisma
825 2126 936 2154 corpu-5*
957 2121 982 2142 et
1001 2126 1042 2142 ce-
1087 2114 1137 2144 Ar.
1159 2131 1200 2137 ·-
1227 2113 1273 2152 49)
1297 2112 1346 2141 Sic
1370 2113 1424 2143 Gu.
1444 2114 1470 2143 1.
1489 2127 1530 2132 —
1545 2111 1631 2149 Vulg.
1649 2111 1754 2138 tinctio
1778 2112 1898 2147 interpr.
1914 2124 1955 2129 —
1971 2109 2041 2135 ,Βα-

91 2167 171 2197 tera,
196 2172 274 2199 quae
297 2161 331 2188 ol)
355 2159 390 2187 id
411 2165 602 2187 suc-ramenta
623 2158 778 2187 (licuntur.
809 2175 850 2181 —
886 2157 931 2197 57)
956 2158 1041 2196 Vulg.
1081 2159 1219 2196 pli-smus
1240 2156 1289 2186 ΑΓ,
1313 2172 1352 2177 —-
1375 2153 1424 2194 50)
1441 2153 1523 2193 quod
1545 2154 1600 2182 Gu.
1625 2155 1651 2184 2.
1681 2170 1715 2174 -
1751 2155 1797 2189 51)
1820 2154 1851 2180 in
1874 2150 1984 2179 melias
2004 2147 2038 2176 al.

92 2203 161 2233 add.
189 2203 321 2239 Clu-isti,
346 2203 426 2242 quod
452 2213 509 2230 om.
538 2202 594 2229 Gu.
615 2204 641 2232 1.
657 2204 686 2232 2.
712 2204 759 2230 Ar.
783 2218 824 2224 —
848 2198 898 2240 38)
922 2201 978 2228 sul)
1003 2206 1039 2228 te.
1086 2210 1142 2228 om.
1167 2218 1204 2222 —
1230 2198 1275 2237 52)
1293 2199 1382 2226 aliter
1404 2197 1440 2227 al.
1463 2214 1504 2218 --
1527 2198 1572 2234 53)
1590 2196 1638 2224 Sic
1656 2196 1757 2227 Gu.1,
1774 2198 1859 2227 2.-
1883 2190 2039 2238 V013·.d‘³‘

88 2252 270 2286 gumentum
293 2246 328 2274 al.
360 2262 390 2267 -
418 2249 462 2278 39)
489 2256 507 2272 α
531 2244 632 2272 addidi
655 2254 670 2272 e
695 2245 839 2275 Gu.1.2.
861 2253 908 2273 va.
932 2260 972 2265 —
995 2242 1041 2283 40)
1076 2243 1241 2280 formitate
1263 2247 1414 2281 peccator.
1433 2238 1527 2277 foedi
1554 2248 1683 2266 eramus.
1713 2254 1755 2260 —-
1792 2238 1836 2271 54)
1863 2236 2038 2263 intinctione

93 2291 126 2317 in
150 2300 181 2317 eo
205 2289 260 2317 Gu.
285 2292 311 2319 1.
326 2306 359 2309 —
379 2294 506 2315 salic-lus
528 2288 657 2326 spiritus
681 2288 711 2314 in
734 2297 768 2314 ea
790 2297 915 2314 manens
939 2286 994 2314 Gu.
1012 2289 1041 2317 2.
1087 2285 1125 2314 al.
1152 2296 1196 2324 pr.
1219 2295 1267 2314 va.
1300 2286 1415 2317 —-55)
1447 2287 1473 2310 et
1503 2281 1604 2310 addidi
1630 2292 1644 2310 e
1664 2282 1720 2309 Gn.
1747 2282 1772 2311 1.
1794 2282 1823 2310 2.
1847 2287 1893 2306 va.
1917 2291 1956 2297 —
1989 2272 2037 2312 56)

93 2349 130 2353 —
167 2330 214 2371 41)
238 2331 286 2360 Sic
316 2332 372 2360 Gu.
397 2335 422 2362 1.
438 2334 465 2362 2.
488 2331 534 2360 Ar.
562 2346 596 2350 —-
623 2328 747 2357 ezmdem
775 2329 902 2357 latenter
932 2339 979 2357 va.
1003 2345 1042 2350 —
1087 2327 1156 2366 Cap.
1170 2330 1199 2364 8,
1222 2329 1250 2360 5.
1274 2344 1308 2348 —
1337 2325 1382 2364 57)
1398 2326 1494 2354 Locus
1518 2327 1562 2353 est
1585 2323 1687 2354 Matth.
1714 2325 1763 2357 28,
1788 2324 1834 2353 19-

1512 2368 1630 2401 1)(1*
