2264 2830
728 104 975 142 omGlNUM
1011 107 1155 142 LIBER
1183 109 1223 142 V.

72 209 116 240 vit
126 203 150 223 ³²
160 233 168 248 ,

72 263 206 292 suerunt
216 254 250 290 ³⁵.

237 307 269 340 ⁴.
325 306 472 339 Fuerunt
507 310 617 337 autem
652 304 703 337 hi:
744 305 876 349 Appius
913 300 1097 338 Claudius³

71 360 249 405 Sulpitius‚
289 357 437 401 Sextius,
482 355 664 397 Curiatius,
711 356 903 397 Romelius,
945 357 1141 390 Postumius.

73 412 170 448 electi
197 415 278 445 sunt.

237 461 253 479 r

72 514 313 560 perseveravit,
337 513 599 544 obtrectatorum
628 517 729 543 metu.

236 565 271 597 6.
325 564 489 596 Paulatim
518 568 628 595 autem
656 563 809 606 antiquae
831 564 924 607 leges
950 568 1112 595 vetustate
1139 569 1240 606 atque
1267 562 1392 596 incuria
1420 563 1617 595 exoleverun

73 618 179 650 nullus
190 613 211 633 ⁴¹
241 628 315 649 usus
343 621 406 654 est,
435 616 549 647 notitia
577 620 686 646 tamen
714 615 843 646 videtur
869 615 1061 648 necessaria.

1949 109 2017 142 151

220 206 277 248 qui
317 206 410 249 leges
451 216 489 236 vx
535 198 662 235 libris³²
703 198 873 235 Solonis³¹
922 203 955 234 in
992 202 1147 235 Latinum
1196 214 1383 236 sermonem
1430 202 1602 235 translatas
1646 201 1709 234 Xll
1756 202 1876 234 tabulis
1913 214 2017 247 expo—

1099 302 1127 347 a,
1179 301 1392 347 Genutius³,
1438 299 1645 344 Veturius³⁸‚
1689 304 1808 346 lulius,
1853 304 2019 345 Manilius,

1227 357 1273 389 Hi
1311 356 1498 390 Decemviri
1540 356 1655 401 legum
1704 355 2020 390 conscribendarum

1366 301 1376 320 Ἰ

236 473 272 497 .).
325 461 437 504 Leges
464 465 574 492 autem
602 459 757 503 redigere
783 459 816 491 in
847 458 938 491 libris
967 459 1092 503 primus
1119 459 1232 492 consu!
1261 458 1445 503 Pompeius
1473 455 1674 491 instituere3⁹
1708 458 1829 499 voluit,
1863 457 1923 490 sed
1953 467 2020 490 non

784 511 915 544 Deinde
943 510 1066 544 Caesar
1094 512 1207 555 coepit
1234 511 1268 542 id
1300 511 1426 551 facere,
1454 510 1513 542 sed
1541 516 1616 542 ante
1641 511 1832 544 interfectus
1860 515 1916 543 est.

1620 559 1675 602 tm,
1702 573 1841 606 quarum
1869 561 1928 594 etsi
1955 561 2021 593 iarn

236 667 269 700 7.
323 664 475 699 Νονειες42
503 679 521 699 a
550 666 764 699 Constantino
794 666 935 699 Caesare
959 670 1159 710 coeperunt,
1187 670 1218 697 et
1244 665 1378 708 reliquis
1409 664 1680 703 succedentibus,
1714 669 1870 706 erantque
1883 660 1904 679 ²³
1940 674 2020 707 per—

71 719 192 752 mixtae
220 726 252 752 et
279 719 495 753 inordinatae.

551 718 672 750 Postea
700 717 915 750 Theodosius
943 718 1050 750 minor
1086 719 1255 761 Augustus
1282 717 1325 748 ad
1354 715 1601 749 similitudinem
1629 715 1829 759 Gregoriani
1868 718 1900 747 et
1930 715 2020 747 Her-

71 770 262 815 mogeniani
289 770 443 804 codicem
473 770 596 803 factum
631 769 900 802 constitutionum
935 780 954 802 a
981 769 1185 803 Constantini
1217 768 1441 812 temporibus,
1489 768 1550 800 sub
1587 767 1727 812 proprio
1760 768 1919 809 cuiusque
1951 766 2019 798 lm-

72 823 234 867 peratoris
260 822 356 855 titulo
382 822 558 866 disposuit,
586 832 685 865 quem
714 833 733 852 a
761 833 820 854 suo
851 822 985 854 nomine
1011 821 1289 854 Theodosianum
1316 819 1455 854 vocavit.

487 931 515 966 C
542 932 573 965 A
602 932 638 965 P.
692 931 736 966 11.

238 1009 270 1042 l.
321 1007 448 1042 Omnes
476 1014 585 1041 autem
613 1009 708 1054 leges
736 1013 791 1041 aut
814 1008 945 1041 divinae
972 1013 1055 1049 sunt,
1083 1012 1138 1041 aut
1164 1007 1342 1041 humanae.

810 929 875 965 De
902 930 1087 976 legibus
1117 930 1288 964 divinis
1322 934 1360 964 et
1393 928 1603 963 humanis.

1395 1005 1534 1039 Divinae
1556 1010 1689 1038 natura:
1715 1003 1882 1036 humanae
1893 1001 1916 1021 ⁴⁴
1944 1014 2019 1036 mo—

72 1062 161 1096 ribus
187 1066 355 1101 constant,
383 1060 526 1104 ideoque
554 1057 655 1093 hae⁴⁵
682 1060 888 1105 discrepant,
915 1060 1072 1104 quoniam
1100 1059 1185 1092 aliae
1214 1059 1283 1091 aliis
1309 1059 1463 1104 gentibus
1490 1057 1635 1102 placent.

236 1112 269 1146 2.
324 1112 390 1144 Fas
414 1113 466 1145 lex
495 1111 622 1154 divina,
650 1113 699 1145 ius
727 1112 780 1146 lex
808 1112 954 1146 humana
982 1109 1073 1145 estffi.

285 1222 314 1256 C
341 1224 371 1256 A
399 1223 435 1255 P.
491 1222 550 1256 111.

238 1307 270 1343 l.
323 1308 377 1340 lus
405 1307 565 1352 generale
588 1319 709 1340 nomen
737 1311 785 1340 est
798 1304 841 1348 ⁴⁸,
878 1307 931 1339 lex
960 1312 1070 1339 autem
1098 1306 1176 1339 iuris
1203 1311 1250 1338 est
1277 1301 1449 1350 speciesw.

290 1357 401 1392 Omne
429 1364 539 1391 autem
567 1359 616 1391 ius
643 1359 776 1403 legibus
804 1364 836 1391 et
866 1359 1013 1391 moribus
1040 1361 1176 1392 constat.

957 1409 1036 1443 Mos
1070 1415 1117 1442 est
1143 1412 1304 1441 vetustate
1333 1406 1476 1452 probata
1504 1403 1728 1443 consuetudo,
1773 1403 1842 1435 sive
1873 1402 1925 1434 lex
1952 1410 2018 1433 non

293 1462 380 1494 Nam
407 1462 461 1494 lex
487 1473 506 1493 a
534 1462 680 1506 legendo
704 1467 822 1495 vocata
836 1458 878 1501 ⁵³,
902 1461 980 1504 quia
1008 1461 1131 1504 scripta
1159 1465 1216 1492 est.

71 1361 193 1393 iustum
203 1355 238 1392 ⁵⁰.

238 1409 272 1443 2.
325 1410 395 1442 Lex
423 1406 506 1443 est⁵¹
542 1410 729 1443 constitutio
757 1410 888 1454 scripta.

73 1462 195 1506 scripta
206 1456 240 1493 ⁵².

1125 1111 1282 1144 Transire
1303 1122 1365 1155 per
1391 1111 1536 1143 alienum
1548 1106 1571 1126 ⁴⁷
1599 1108 1648 1140 fas
1675 1112 1740 1147 est,
1767 1106 1815 1139 ius
1843 1117 1908 1139 non
1936 1109 1992 1139 est.

626 1221 744 1269 Quid
777 1220 1014 1268 disserunt
1047 1223 1166 1254 inter
1203 1232 1249 1254 se
1283 1221 1368 1261 ins,
1414 1221 1542 1264 leges
1577 1221 1616 1250 et
1648 1227 1800 1249 mores.

1512 1304 1564 1336 lus
1599 1304 1710 1334 autem
1738 1301 1883 1342 dictum,
1926 1299 2019 1343 quod

237 1512 270 1544 3.
325 1512 403 1545 Mos
430 1517 540 1545 autem
565 1511 670 1557 longa
697 1509 942 1546 consuetudo54
969 1517 1017 1544 est
1044 1512 1088 1544 de
1115 1510 1264 1543 moribus
1291 1513 1396 1542 tracta
1422 1502 1662 1541 tantundemffi.
1715 1503 1931 1538 Consuetudo
1960 1514 2020 1536 au-

73 1570 139 1597 tem
168 1568 215 1597 est
240 1564 289 1596 ius
316 1563 490 1607 quoddam
522 1565 671 1598 moribus
693 1565 891 1604 institutum,
919 1563 1010 1607 quod
1039 1574 1103 1607 pro
1132 1563 1210 1607 lege
1238 1561 1429 1604 suscipitur,
1454 1571 1531 1593 cum
1559 1557 1674 1591 deficit
1699 1557 1771 1590 lex:
1802 1566 1865 1589 nec
1892 1554 2018 1597 differt,

71 1615 248 1659 scriptura,
275 1627 316 1647 an
343 1616 471 1648 ratione
497 1616 667 1657 consistat,
694 1616 830 1659 quando
858 1621 891 1648 et
917 1616 1030 1660 legem
1041 1612 1066 1632 5⁶
1093 1615 1176 1647 ratio
1205 1612 1419 1647 commendet
1431 1608 1464 1642 ⁵⁷.

234 1665 269 1701 4.
323 1668 429 1700 Porro
460 1667 485 1699 si
512 1668 639 1700 ratione
666 1668 719 1700 lex
755 1672 900 1709 constat,
934 1667 987 1699 lex
1016 1666 1077 1699 erit
1111 1675 1210 1698 omne
1243 1665 1328 1705 iam,
1366 1658 1498 1706 qu0d⁵⁸
1524 1659 1652 1693 ratione
1687 1658 1890 1697 constiterit,
1932 1657 2017 1690 dun-

70 1722 176 1759 taxat,
210 1718 303 1760 quod
314 1714 338 1735 ⁵⁹
364 1719 519 1763 religioni
546 1725 729 1764 congruat,
761 1718 855 1762 quod
883 1718 1077 1763 disciplinae
1105 1717 1296 1758 conveniat,
1337 1715 1430 1759 quod
1461 1713 1556 1747 saluti
1582 1711 1747 1757 proficiat.

69 1774 137 1802 tem
161 1769 385 1811 consuetudo,
412 1771 490 1813 quia
515 1769 547 1803 in
574 1771 742 1804 communi
770 1775 818 1804 est
844 1781 913 1803 usu.

70 1880 118 1914 30)
141 1879 172 1905 in
190 1888 315 1917 regnum
333 1877 382 1907 Ar.
406 1895 445 1899 —
466 1878 513 1917 31)
538 1877 621 1908 dedit
637 1879 668 1907 Z.
687 1880 784 1911 Gu.2.
809 1894 848 1900 -—
877 1877 924 1917 32)
948 1888 1020 1906 con-

70 1922 172 1948 stituit
187 1921 243 1949 Gu.
260 1923 289 1952 2,
312 1937 351 1943 -
380 1922 489 1949 eremit
515 1922 563 1949 rel
580 1923 739 1950 constituit
760 1931 808 1950 va.
827 1938 869 1944 —
893 1920 1022 1949 decrevit

70 1963 106 1993 al.
134 1979 176 1985 —
205 1964 253 2000 33)
277 1962 355 1991 libro
376 1963 431 1994 Gu.
447 1966 478 1995 2.
509 1981 548 1987 —
585 1965 631 2004 34)
663 1964 835 1993 Salomonis
859 1964 890 1994 Z.
915 1964 973 1993 Gu.
991 1967 1019 1995 2.

70 2005 191 2044 gothici.
209 2022 251 2027 —
273 2006 321 2046 35)
344 2003 502 2034 ediderunt
516 2006 553 2036 al.
579 2023 616 2029 —-
640 2005 805 2035 seditiosus
822 2007 856 2037 Z.
871 2017 928 2046 pro
944 2004 1020 2034 sedi-

70 2050 172 2079 tiosus.
198 2066 236 2070 -—
259 2047 305 2086 36)
328 2048 408 2087 App.
433 2054 459 2076 et
487 2047 595 2079 Claud.
620 2050 677 2079 Gu.
695 2052 722 2081 2.
746 2050 794 2081 Al.
812 2060 870 2081 om.
895 2059 1022 2089 praeno-

70 2091 210 2120 mina.—
232 2090 281 2128 37)
310 2091 478 2119 Venantius
493 2092 522 2120 Z.
546 2108 585 2114 —
612 2091 764 2121 Venutius
780 2103 825 2122 va.
848 2110 889 2114 —
919 2093 946 2122 T.
965 2092 1019 2120 Ge-

71 2136 181 2162 nutius
195 2136 282 2163 Arev.
308 2152 345 2156 —
376 2134 424 2170 33)
453 2131 594 2163 Veterms
611 2145 668 2165 om.
685 2145 730 2166 va.
757 2152 799 2157 —
830 2134 864 2165 P.
892 2135 1018 2164 Sextius.

72 2176 161 2214 Spar.
183 2173 343 2213 Veturius,
363 2175 394 2204 C.
411 2176 520 2211 Iulius,
536 2178 577 2207 A.
594 2177 756 2215 Alanilim,
779 2180 838 2206 Ser.
856 2178 1019 2216 Sulpilius,

71 2219 107 2246 P.
131 2218 301 2257 Curiatius,
331 2219 359 2247 T.
376 2219 541 2255 Romilius,
565 2220 614 2258 Sp.
636 2222 817 2248 Postumia-s·
834 2223 883 2252 Ar.
899 2237 939 2241 —
958 2219 1018 2248 γε·

72 2263 173 2289 tarius
189 2266 218 2290 et
236 2259 396 2290 Curiatius
415 2272 471 2300 pro
491 2259 631 2290 Veterius
652 2266 681 2291 et
699 2262 844 2292 Curatius
863 2262 963 2302 recepi
980 2273 1017 2291 ex

72 2304 160 2332 Arev.
187 2321 225 2326 —
249 2306 295 2342 39)
318 2309 448 2332 statuere
462 2304 501 2333 al.
527 2321 561 2326 —
587 2303 635 2344 40)
656 2306 830 2334 exoluerunt
854 2306 886 2335 Z.
912 2324 950 2328 —-
973 2306 1019 2339 41)

71 2347 120 2375 Sic
135 2347 166 2376 Z.
186 2347 242 2375 Gu.
260 2349 287 2378 1.
310 2364 349 2368 ——
373 2347 480 2375 nullus
500 2347 563 2375 iam
586 2347 666 2385 vulg.
687 2364 729 2369 —
752 2347 802 2390 42)
825 2349 911 2386 Vulg.
924 2357 1019 2387 prae-

72 2389 155 2427 ponit
172 2390 277 2428 Leges,
296 2389 376 2429 quod
391 2400 447 2419 om.
463 2390 518 2419 Gu.
531 2392 556 2421 1.
567 2392 595 2421 2.
611 2390 658 2419 Ar.
681 2406 721 2412 —
745 2391 792 2429 43)
809 2397 892 2420 erant
907 2392 1018 2430 quippe

1801 1710 1931 1743 vocata
1958 1720 2018 1742 au-

1064 1878 1100 1907 al.
1117 1895 1157 1899 —
1179 1876 1225 1916 44)
1241 1876 1377 1904 humana
1389 1875 1420 1903 Z.
1437 1875 1495 1903 Gu.
1515 1876 1542 1905 1.
1560 1889 1602 1895 —
1623 1872 1670 1909 45)
1691 1869 1741 1899 Sic
1756 1879 1804 1899 va.
1821 1870 1870 1898 Ar.
1887 1883 1928 1891 —
1941 1868 2015 1896 haec

1063 1921 1145 1959 vulg.
1172 1937 1209 1942 --
1234 1916 1283 1958 46)
1305 1919 1354 1947 Sic
1374 1919 1429 1946 Gu.
1447 1920 1472 1948 1.
1499 1933 1535 1937 -
1560 1916 1606 1943 lex
1629 1912 1689 1945 div.
1715 1920 1770 1950 est,
1794 1914 1843 1940 ius
1863 1913 1909 1940 lex
1930 1911 2013 1940 lium.

1062 1964 1144 2001 vulg.
1165 1978 1207 1986 —-
1228 1960 1277 2002 47)
1301 1961 1384 1999 Vulg.
1409 1958 1567 1998 praeponit
1590 1967 1716 1996 agrum,
1739 1955 1821 1994 quod
1837 1965 1893 1984 om.
1909 1955 1940 1983 Ζ.
1958 1955 2013 1984 Ga.

1065 2009 1128 2038 1.2.
1138 2016 1184 2034 va.
1200 2006 1363 2042 Ain—per
1380 2004 1482 2031 aliena
1501 2002 1536 2030 al.
1556 2017 1598 2022 --
1622 2001 1669 2037 48)
1687 2005 1728 2027 est
1743 2009 1846 2027 nomen
1863 1998 1944 2026 Z.—
1966 1995 2013 2034 49)

1062 2050 1172 2087 species
1194 2054 1235 2076 est
1250 2048 1306 2075 Gu.
1325 2049 1353 2077 2.
1380 2062 1420 2068 —-
1456 2046 1504 2081 50)
1527 2044 1575 2072 Sic
1596 2044 1652 2072 Gu.
1670 2046 1696 2075 1.
1727 2058 1766 2063 —
1799 2043 1873 2079 quia
1897 2041 2013 2067 ill-stum

1063 2097 1105 2118 est
1119 2092 1199 2129 vulg.
1220 2107 1262 2112 —
1284 2095 1309 2117 et
1325 2088 1390 2116 idco
1406 2090 1457 2117 ius
1476 2087 1592 2115 dictum
1607 2091 1666 2121 est,
1692 2084 1808 2113 omissis
1823 2082 1922 2112 verbis
1937 2083 2012 2120 quia

1062 2135 1177 2162 iustum
1192 2139 1232 2161 est
1247 2133 1306 2162 Gu.
1325 2135 1354 2164 2.
1369 2146 1411 2153 —
1432 2129 1480 2169 51)
1504 2131 1568 2158 Lex
1582 2134 1683 2157 autem
1699 2133 1740 2155 est
1758 2136 1804 2155 va.
1819 2141 1861 2147 ——
1881 2124 1927 2162 52)
1943 2133 2010 2152 eon-

1061 2179 1176 2215 scripla
1197 2186 1253 2215 pro
1278 2185 1339 2202 non
1362 2175 1477 2212 scripta
1502 2174 1558 2201 Gu.
1579 2175 1605 2202 1.
1629 2187 1665 2192 —-
1691 2180 1750 2198 non
1771 2180 1828 2196 scr.
1844 2173 1886 2195 est
1901 2176 1945 2205 pr.
1967 2181 2009 2187 —-

1062 2217 1109 2258 53)
1132 2219 1218 2256 Vulg.
1235 2217 1300 2246 add.
1318 2221 1376 2253 est,
1400 2216 1482 2255 quod
1497 2225 1554 2243 om.
1571 2215 1601 2243 Z.
1616 2213 1672 2242 Gu.
1693 2216 1719 2245 1.
1737 2215 1767 2244 2.
1784 2221 1829 2250 pr.
1847 2219 1892 2239 va.
1909 2209 2007 2255 tin—'-

1061 2261 1108 2301 54)
1130 2259 1328 2292 consuetudo.
1353 2261 1415 2287 sive
1435 2259 1481 2286 lex
1502 2267 1563 2286 non
1581 2256 1696 2295 scripta
1719 2260 1761 2283 est
1775 2255 1806 2282 Z.
1827 2267 1870 2274 —·-
1891 2255 1936 2281 55)
1957 2251 2005 2277 Sic

1061 2304 1091 2331 Z·
1111 2304 1241 2335 Gu.1.2.
1256 2313 1301 2342 pr.
1319 2311 1364 2331 va.
1378 2305 1425 2332 Ar.
1438 2316 1480 2324 ·—
1503 2305 1622 2328 tantum
1636 2299 1716 2336 vulg.
1741 2314 1779 2319 —
1798 2290 2004 2340 tantum-modo

1059 2352 1161 2375 tracta
1175 2347 1212 2377 al.
1222 2362 1257 2367 —
1278 2343 1325 2384 56)
1341 2343 1464 2383 quando
1479 2344 1628 2372 ueletiam
1643 2342 1705 2379 lege
1717 2338 1754 2367 al.
1768 2354 1809 2359 —
1824 2338 1871 2373 57)
1888 2336 1935 2363 Sic
1948 2334 2002 2361 Gu.

1061 2392 1089 2422 1.
1111 2404 1154 2412 —
1173 2386 1363 2419 commendat
1378 2387 1458 2427 vulg.
1473 2404 1508 2409 —-
1533 2387 1581 2423 58)
1605 2392 1688 2413 omne
1707 2380 1743 2410 id
1756 2377 1839 2419 quod
1852 2377 1887 2407 al.
1900 2391 1940 2398 --
1954 2373 2004 2415 59)
