2264 2830
806 101 1051 136 ORlGlNUM
1084 104 1227 138 LIBER
1255 107 1313 141 ΙΧ.
1956 109 2029 143 301

253 198 314 234 51,
367 199 494 231 Turma
522 193 688 242 triginta²²
715 197 840 240 equites
867 202 949 231 sunt.
995 199 1136 231 Romani
1166 201 1250 232 enini
1275 202 1401 245 equites
1428 201 1459 234 in
1489 213 1551 234 una
1575 202 1661 234 tribu
1689 199 1863 235 trecenti&
1890 203 2027 236 suerunt.

89 254 140 287 De
166 252 301 296 singulis
328 251 413 283 enim
438 250 589 283 centuriis
616 249 734 282 deceni
763 249 946 289 dabantur,
975 254 1006 283 et
1033 249 1169 283 liebat²²¹
1196 257 1312 287 turma.

192 304 326 337 Cohors
353 303 550 346 quingentos
578 301 696 332 milites
724 300 837 333 hahet.

253 363 312 396 52.

253 422 312 456 53.
367 423 640 460 Sacramentum,
677 421 709 452 iu
737 432 803 463 quo
832 426 907 465 post
936 422 1131 455 electionem
1159 425 1244 455 iurat
1274 423 1496 465 unusquisque
1524 423 1635 464 miles,
1685 433 1750 454 non
1778 423 1937 456 recedere
1964 421 2033 456 se³⁰

89 492 108 511 a
136 477 267 517 militia,
295 474 353 507 nisi
380 478 455 517 post
482 472 652 516 completa
679 473 861 516 stipendia,
889 472 921 504 id
951 479 1015 513 est,
1044 475 1181 507 militiae
1208 480 1378 519 tempora,
1415 478 1446 505 et
1473 473 1508 505 hi
1535 480 1626 514 sunt,
1659 475 1716 517 qui
1746 473 1872 507 habent
1897 475 2033 519 plenam

89 530 249 564 militiam.
302 526 387 558 Nam
416 524 531 569 viginti
560 520 624 556 et³¹
653 526 798 568 quinque
826 525 914 557 annis·
938 529 1099 558 tenentur.

366 362 447 395 Tria
470 365 543 393 sunt
570 360 703 393 militiae
731 372 857 405 genera
884 367 1145 404 sacramentum,
1174 363 1344 403 evocatio,
1373 363 1565 395 coniuratio.

252 585 311 619 54.
365 585 546 623 Ewmatio,
582 584 661 616 dum
699 585 740 616 ad
775 585 919 617 subitum
951 586 1076 618 bellum
1110 597 1175 618 non
1207 586 1313 618 solum
1347 580 1491 625 miles³²‚
1531 583 1589 615 sed
1625 589 1656 616 et
1689 585 1808 618 caeteri
1844 590 2032 618 evocantur.

90 641 190 676 Unde
217 639 314 672 etiam
343 636 457 671 consul
485 636 613 668 solebat
635 635 763 669 dicere:
810 636 879 682 ῼιιὶ
907 637 1162 682 rempublicam
1188 638 1327 670 salvam
1355 647 1429 669 css-c
1454 635 1544 678 vult,
1572 646 1627 668 mc
1658 640 1836 680 sequatur.

252 696 312 730 55.
365 696 577 736 coniuratio,
605 707 690 739 quae
719 697 755 728 lit
782 697 923 729 tumultu
935 693 978 737 ³³³,
1013 698 1150 740 quando
1177 698 1321 731 vicinum
1350 696 1438 729 urbis
1462 695 1649 740 periculum
1660 692 1684 712 ³⁴
1711 695 1819 728 iurare
1854 706 1919 728 non
1947 695 2034 740 pati-

89 760 140 786 tur
165 744 363 795 singulos³⁵,
398 748 454 781 sed
486 753 622 792 repente
650 748 821 793 colligitur
848 748 1026 781 multitudo
1055 755 1087 782 et
1113 750 1315 783 tumultuosa
1340 749 1371 781 in
1399 744 1482 781 ira³⁶
1509 747 1679 781 conflatur.
1732 747 1829 780 Haec
1855 753 1887 780 et
1910 747 2036 780 tumul-

88 805 189 839 tuatio
217 802 345 835 dicitur.

252 861 312 894 56.
366 860 404 892 ln
438 860 510 893 acie
544 865 654 893 autem
689 860 770 892 istae
804 860 874 893 fere
907 861 1038 895 formae
1063 866 1151 895 sunt:
1187 860 1378 899 Exercitus,
1412 859 1540 899 classis,
1578 869 1718 899 cuneus,
1753 857 1861 891 nodus
1874 854 1917 897 ³²,
1953 857 2037 896 alae,

88 927 230 957 cornua,
258 924 399 958 agmen,
427 923 513 955 quae
540 912 668 945 formae
696 911 927 945 denominatae
954 914 996 946 ab
1024 914 1100 958 ipsis
1127 914 1242 955 rebus,
1272 913 1315 945 de
1342 912 1462 956 quibus
1489 911 1664 944 translatae
1690 915 1764 944 sunt
1776 906 1811 944 ³⁸.

251 973 311 1006 57.
365 972 463 1006 Acies
489 972 593 1015 dicta,
621 971 714 1014 quod
743 972 832 1005 ferro
859 978 985 1005 armata
1008 973 1047 1006 sit
1074 978 1106 1007 et
1132 975 1283 1007 acumine
1310 972 1513 1018 gladiorum.

253 1032 313 1067 58.
367 1033 539 1066 Exercitus
566 1032 743 1064 multitudo
773 1043 811 1064 ex
838 1044 904 1065 uno
932 1044 1074 1077 genere,
1101 1035 1145 1067 ab
1173 1034 1404 1068 exercitatione
1430 1032 1511 1066 belli
1539 1036 1656 1065 vocata
1668 1026 1702 1062 ³⁹.

253 1092 313 1126 59.
366 1089 528 1126 Classes⁴¹⁰
553 1092 662 1126 dictae
689 1096 830 1136 propter
857 1092 1049 1127 divisionem
1073 1095 1244 1135 exercitus,
1271 1106 1357 1138 quae
1384 1098 1502 1138 postea
1530 1091 1691 1136 manipuli
1715 1090 1795 1124 dicti
1822 1094 1904 1123 sunt.
1939 1086 2039 1121 Unde

89 1152 121 1179 et
146 1145 305 1190 Virgilius
316 1141 358 1177 ⁴¹:

320 1195 501 1230 Classibus
523 1195 589 1228 'hic
616 1191 761 1235 loeus⁴²‚
790 1195 847 1228 hic
874 1197 970 1229 acies
995 1201 1137 1230 certare
1161 1196 1320 1230 solebant
1332 1193 1365 1230 ⁴³.

89 1249 175 1280 Nam
189 1243 213 1264 ⁴⁴
237 1252 354 1291 postea
384 1253 416 1281 et
443 1248 553 1281 classis
581 1243 661 1278 ests*
689 1247 819 1278 navium
848 1247 946 1280 dicta.

251 1306 311 1339 60.
366 1307 482 1340 Nodus
510 1306 648 1350 proprie
676 1311 724 1337 est
751 1305 852 1337 densa
878 1307 1030 1350 peditum
1059 1306 1252 1347 multitudo,
1288 1306 1370 1339 sicut
1403 1311 1511 1338 turma
1540 1305 1696 1347 equitum.
1752 1299 1903 1335 Nodusffi
1929 1306 2039 1334 autem

91 1359 197 1392 dictus
225 1369 289 1402 pro
318 1358 531 1399 difficultate,
559 1356 651 1399 quod
679 1357 733 1388 vix
759 1357 863 1400 possit
889 1358 1020 1390 resolvi.

254 1417 313 1450 61.
369 1418 501 1451 Cuneus
536 1421 583 1449 est
617 1416 759 1449 collecta
793 1417 825 1448 in
860 1428 960 1449 unum
996 1417 1137 1449 militum
1171 1417 1361 1449 multitudo.
1427 1411 1563 1449 Unde⁴⁷
1591 1418 1731 1460 propter
1758 1413 1851 1456 quod
1879 1414 1913 1444 in
1939 1421 2041 1444 unum

91 1470 173 1509 coit,
201 1475 233 1501 et
246 1466 270 1485 *ᾖ
297 1469 368 1513 ipsa
394 1469 493 1502 coitio
521 1469 553 1500 in
580 1479 680 1500 unum
709 1479 830 1501 cuneus
854 1469 1039 1501 nominatus
1067 1473 1115 1500 est
1126 1464 1168 1508 ⁴⁹,
1195 1468 1288 1511 quasi
1315 1479 1460 1501 couneus
1471 1464 1512 1508 ⁵⁰,
1547 1477 1588 1500 eo
1615 1465 1710 1509 quod
1737 1465 1770 1497 in
1796 1475 1898 1497 unum
1927 1473 2041 1495 omnes

91 1524 343 1566 congregentur
355 1517 389 1553 ⁵¹.

254 1571 313 1605 62.
366 1571 452 1605 Alae
487 1570 519 1602 in
553 1569 697 1602 exercitu
730 1568 865 1614 triginta
899 1570 1024 1613 equites
1058 1582 1126 1603 esse
1153 1569 1317 1603 dicuntur.

91 1623 167 1666 quia
191 1628 308 1668 tegunt
328 1623 457 1668 pedites
483 1622 611 1654 alarum
637 1620 719 1654 vice.

250 1682 310 1715 63.

254 1742 313 1775 64.
367 1742 502 1787 Agmen
537 1742 672 1783 dicitur,
707 1752 783 1774 curn
817 1741 977 1773 exercitus
1011 1742 1073 1774 iter
1107 1741 1206 1781 facit,
1248 1741 1290 1773 ab
1318 1740 1453 1786 agendo
1490 1743 1665 1779 vocatum,
1700 1737 1734 1769 id
1769 1741 1816 1770 est
1849 1736 1892 1769 ab
1920 1735 2040 1768 eundo.

91 1789 276 1826 Plautus⁵³:
308 1792 385 1839 Quo
412 1797 446 1826 te
469 1792 578 1838 agis?
630 1793 708 1837 lpse
735 1798 783 1825 est
810 1793 896 1825 enim
919 1793 1079 1825 exercitus
1105 1788 1323 1825 ambulans-⁵⁴.
1368 1793 1454 1825 Nam
1482 1802 1604 1836 agmen
1628 1789 1758 1829 dicitur,
1786 1787 1879 1833 quod
1906 1787 1940 1819 in
1965 1787 2038 1819 lon—

89 1841 277 1888 gitudine⁵⁵
305 1845 466 1878 directum
495 1851 557 1888 est,
584 1845 685 1889 quale
712 1845 796 1878 solet
824 1856 894 1878 esse
905 1841 940 1885 ⁵⁰,
968 1856 1045 1878 cuin
1073 1844 1234 1878 exercitus
1260 1844 1365 1888 portis
1393 1843 1557 1889 procedit.
1611 1840 1782 1885 Quicquid
1810 1840 1910 1873 fuerit
1937 1838 2038 1877 aliud,

92 1895 226 1929 abusive
252 1895 380 1929 dicitur.

1370 1570 1457 1602 Alae
1492 1573 1603 1602 autem
1631 1566 1757 1610 equites
1783 1566 1828 1598 ob
1855 1564 1924 1598 hoc
1951 1564 2040 1599 dicti.

364 1681 499 1715 Cornua
525 1686 685 1715 vocantur
696 1677 721 1698 ⁵²
749 1680 936 1714 extremitas
966 1682 1143 1721 exereitus,
1171 1680 1265 1725 quod
1290 1681 1412 1714 intorta
1439 1681 1490 1715 sit.

91 2007 136 2038 35)
164 2004 210 2032 Sic
228 2004 283 2033 Gu.
298 2008 322 2035 1.
349 2020 382 2024 —
411 2004 494 2042 Vulg.
516 2006 654 2043 singulos
676 2008 735 2036 tur,
759 2016 819 2033 non
837 2011 903 2044 pat.
926 2021 966 2027 —
990 2003 1038 2044 36)
1083 2004 1157 2033 dum
1181 2028 1186 2033 .
1213 2027 1219 2033 .
1245 2026 1252 2034 .
1276 2003 1394 2032 dictum
1419 2004 1475 2033 Gu.
1492 2005 1521 2034 2.
1547 2019 1582 2024 --
1608 2001 1655 2043 47)
1686 2000 1770 2030 Unde
1794 2010 1850 2031 om.
1874 2001 1932 2030 Gu.
1950 2002 1979 2031 2.
1998 2015 2037 2020 --

93 2047 284 2074 tumultuas-a
308 2047 423 2074 militia
446 2047 528 2075 al.—
549 2050 596 2085 37)
620 2048 670 2076 Sic
693 2049 747 2077 Gu.
762 2051 787 2080 1.
807 2049 854 2077 Ar.
875 2065 907 2068 —
929 2046 1039 2085 nodus,
1083 2048 1129 2087 48)
1152 2054 1178 2076 et
1201 2047 1304 2076 addidi
1328 2058 1343 2076 e
1367 2048 1424 2077 Gn.
1444 2050 1471 2078 1.
1486 2049 1514 2077 2.
1538 2056 1584 2074 va.
1607 2061 1642 2066 —
1673 2045 1722 2082 49)
1747 2045 1910 2072 nominata
1932 2043 1988 2071 Gu.
2010 2044 2037 2073 2·

93 2100 204 2117 cuneus
225 2090 306 2127 vulg.
330 2107 363 2110 —
386 2089 435 2127 38)
459 2089 507 2117 Sic
525 2089 580 2118 Gu.
601 2092 626 2120 1.
651 2092 706 2119 nisi
731 2091 812 2129 quod
836 2091 866 2119 in
891 2090 948 2118 fine
973 2090 1040 2118 add.
1081 2107 1124 2111 —
1146 2092 1189 2128 50)
1214 2100 1347 2118 couneus
1367 2090 1448 2127 vulg.
1480 2099 1597 2123 errore,
1628 2094 1659 2117 ut
1689 2087 1819 2116 videtur.
1849 2101 1891 2108 -—
1922 2089 1965 2120 51)
1988 2084 2037 2112 5ῑο

92 2137 282 2161 mutuantur.
302 2148 338 2153 —
364 2131 448 2169 Vulg.
473 2142 548 2169 quae
561 2133 687 2168 formas
709 2140 735 2161 et
758 2136 882 2161 nomina
905 2133 942 2160 al)
966 2134 1041 2171 ipsi-5
1086 2134 1141 2162 Gu.
1162 2136 1187 2163 1.
1212 2148 1254 2154 —
1281 2138 1436 2171 coguntur
1460 2132 1539 2169 vulg.
1563 2147 1606 2153 —
1629 2131 1819 2169 colliguntur
1842 2139 1891 2157 va.
1922 2144 1958 2149 —
1990 2127 2037 2161 52)

92 2174 190 2211 rebus,
215 2174 251 2202 ‹le
276 2174 388 2213 quibus
411 2175 563 2201 translata
586 2181 666 2212 sunt,
690 2177 861 2205 imitantur.
893 2177 1041 2204 Mutuum·
1084 2182 1211 2203 vocatur
1238 2176 1294 2204 Gu.
1319 2179 1347 2206 2,
1382 2192 1417 2196 ——
1453 2174 1500 2214 53)
1524 2174 1665 2202 Formula
1689 2173 1840 2212 reperitur
1863 2170 2033 2204 Poen.1,2‚

93 2223 144 2245 tur
166 2217 307 2246 exhibent
329 2217 415 2245 eiiam
445 2218 499 2244 Gu.
515 2218 542 2246 2.
567 2227 615 2247 va.
638 2218 687 2248 Ar.
716 2236 757 2239 —
785 2223 833 2255 39)
858 2224 985 2246 vocatur
1007 2218 1043 2248 al.
1089 2221 1156 2250 120.
1183 2218 1310 2254 Mi1.111‚
1326 2220 1356 2254 2,
1374 2218 1424 2250 49.
1449 2222 1517 2246 ante
1541 2216 1638 2245 eundo
1657 2215 1758 2244 addidi
1783 2215 1821 2243 ab
1847 2224 1861 2242 e
1879 2213 1975 2241 Gu.1.
1994 2224 2031 2256 -j-

93 2276 131 2281 —
162 2259 208 2297 40)
238 2259 392 2288 Praecedit
427 2260 455 2287 in
491 2260 547 2286 Gu.
567 2261 592 2290 1.
623 2262 708 2287 cunei
739 2262 901 2300 explicatio
926 2279 966 2282 —
996 2260 1041 2299 41)
1086 2259 1131 2299 54)
1152 2261 1316 2289 ambulans
1338 2282 1346 2290 .
1362 2283 1386 2291 .,
1411 2271 1478 2288 cum
1501 2261 1648 2288 exercitus
1673 2269 1729 2287 om.
1752 2258 1807 2286 Gu.
1823 2259 1851 2288 2.
1876 2271 1912 2276 -
1935 2251 1983 2288 55)
2001 2261 2033 2277 ¹⁷⁷³

94 2303 164 2330 Aen.
188 2302 224 2338 Il,
247 2304 295 2334 30.
326 2318 367 2323 —
398 2304 446 2338 42)
470 2307 511 2329 est
534 2301 602 2330 add.
628 2303 681 2330 Gn.
703 2305 727 2332 1.
746 2305 774 2334 2.
798 2321 834 2325 —
859 2304 907 2340 43)
930 2304 1042 2331 solebat
1085 2303 1307 2341 longitudinem
1337 2304 1373 2331 al.
1421 2320 1462 2326 —
1506 2302 1555 2342 56)
1594 2302 1728 2340 qualiter
1762 2306 1835 2328 tunc
1867 2295 1939 2322 wlff
1973 2303 2033 2321 ‘’S-⁹⁶

95 2344 151 2372 Gu.
170 2347 194 2375 1.
210 2361 251 2366 —
268 2343 315 2384 44)
340 2345 405 2373 Iam
429 2345 476 2373 Ar.
494 2363 530 2366 —
553 2345 601 2381 45)
619 2345 666 2373 Sic
690 2344 726 2372 de
744 2346 911 2375 coniectura
927 2346 1042 2384 scripsi.
1085 2355 1129 2384 pr.
1149 2356 1193 2374 va.

97 2403 134 2407 —-
159 2387 267 2414 classis
290 2387 374 2415 dicta
401 2387 449 2417 Ar.
476 2403 514 2408 —
540 2387 670 2415 classica
692 2388 775 2426 vulg.
818 2405 858 2409 -—
903 2389 950 2426 46)
976 2390 1040 2417 No-
