2203 2829
195 139 244 172 56
875 122 1053 160 ISIDORI
1087 119 1266 154 HISPAL.
1303 118 1447 154 EPISC.

198 233 252 267 Ab
278 226 443 263 inanimali
469 224 512 257 ad
544 221 701 261 animale,
738 223 774 253 ut
795 218 939 265 florida
965 219 1139 252 iuventus:
1165 214 1295 249 miscuit
1321 213 1420 247 flores
1446 211 1636 246 inanimales
1662 209 1839 249 iuventuti,
1878 218 1964 252 quae
1991 206 2134 238 animam

198 284 311 317 habet.
362 279 416 313 Ab
440 275 572 309 animali
602 273 645 305 ad
677 271 868 312 inanimale,
896 267 969 304 ut¹:

409 328 460 362 Tu
489 326 649 370 Neptune
673 328 798 369 pater,
825 323 881 356 cni
906 326 1066 365 tempora
1094 330 1186 352 cana
1214 313 1397 361 crepanti²

410 374 555 414 Cinctc1³
580 376 657 409 salo
683 378 862 415 resonant,
889 383 1045 418 magnus
1070 367 1148 403 cui*
1170 364 1341 414 perpete⁵
1368 370 1482 400 mento

406 429 552 476 Prqfluit
585 426 765 469 Oceanus,
794 430 825 459 et
839 424 999 471 flumina
1026 421 1175 455 crinibus
1197 423 1326 453 errant.

205 498 357 532 Mentum
381 493 482 531 enim,
513 484 691 533 tempora⁰
719 491 752 518 et
780 486 883 519 crines
909 495 975 517 non
1003 479 1069 515 ad'
1097 481 1291 522 Oceanum,
1318 478 1376 511 sed
1393 475 1436 509 ad
1456 475 1607 509 homines
1627 473 1824 519 pertinentss.

367 543 402 578 5.
455 542 512 575 Sic
538 545 570 573 et
597 539 661 572 alia
686 548 796 570 rerum
824 537 957 569 nomina
980 531 1041 567 ex⁹
1068 533 1133 566 alio
1160 543 1283 577 genere
1310 530 1342 562 in
1370 527 1458 562 aliud
1487 538 1591 573 genus
1618 524 1845 560 decentissime
1874 520 2005 555 decoris
2031 517 2140 563 gratia

204 599 459 635 transferuntur,
486 597 522 625 ut
549 590 655 624 oratio
682 593 888 633 perornetur.
941 584 1146 629 Metaphora
1175 588 1284 616 autern
1310 585 1365 614 aut
1392 580 1491 624 partis
1513 578 1606 611 unius
1634 582 1697 618 est,
1730 581 1766 609 ut
1780 574 1965 621 fluctuare
1991 573 2139 615 segetes,

206 655 289 697 (non
310 654 405 695 potes
429 645 540 678 dicere
557 646 722 687 segetare
736 638 888 685 flnctus)
917 642 973 670 aut
999 635 1207 680 antistropha
1234 639 1296 675 est,
1324 632 1358 665 id
1386 636 1451 672 est,
1482 631 1668 674 reciproca,
1695 633 1731 661 ut
1745 626 1933 671 remigium
1958 617 2140 657 alarumffl.

206 706 292 738 Nam
320 707 352 735 et
378 699 449 732 alae
477 695 606 728 navium
638 698 670 726 et
697 692 823 724 alarum
850 690 988 734 remigia
1015 688 1175 721 dicuntur.

370 750 404 783 6.
463 745 685 781 catachresis
721 748 769 775 est
806 742 932 774 alienae
959 740 1005 773 rei
1032 750 1152 772 nomen
1179 736 1378 782 appositum.
1432 733 1528 766 Haec
1562 736 1594 764 et
1621 742 1662 763 eo
1672 726 1696 746 ¹¹
1724 741 1743 761 a
1771 726 1969 772 metaphora
1996 724 2078 757 dista

209 805 302 850 quod
328 803 386 835 illa
407 798 606 832 vocabulum
634 794 768 828 habenti
789 793 929 838 largitur
941 789 980 832 ¹³,
1008 790 1110 832 haec,
1138 790 1216 833 quia
1243 799 1308 821 non
1335 786 1439 819 habet
1465 783 1656 830 proprium,
1682 781 1790 814 alieno
1818 780 1935 819 utitur,
1963 782 2015 811 ut:

417 844 659 894 Fctciemque¹⁴
684 845 863 879 simillima
890 845 1010 882 lauro,-

2080 727 2093 755 ι
2105 717 2141 764 12,

210 913 260 941 et:

416 972 465 978 ——
489 946 625 984 Ναηο15
650 960 720 982 una
748 947 876 980 ambae
901 946 1091 989 iunctisque
1114 943 1288 989 seruntur

421 1001 621 1042 Frontibus,
648 1004 680 1034 et
707 1001 816 1044 longa
842 999 978 1032 sulcant
1006 996 1103 1029 vada
1128 995 1225 1028 salsa
1253 992 1396 1030 carina,-

211 1071 292 1104 dum
319 1066 421 1100 facies
449 1069 481 1095 et
508 1062 599 1094 frons
625 1065 750 1093 tantum
767 1056 788 1075 ¹⁶
816 1056 1003 1091 animalium
1032 1061 1064 1088 et
1080 1055 1252 1088 hominum
1281 1053 1320 1085 sit
1333 1048 1366 1083 ¹⁷.
1420 1048 1522 1091 Quod
1549 1058 1670 1080 nomen
1698 1046 1723 1078 si
1735 1043 1758 1062 ¹²⁴
1785 1048 1887 1088 poeta
1914 1040 2068 1074 navinon
2083 1048 2146 1082 ap-

211 1112 422 1166 posuissetffi,
443 1113 535 1157 quod
549 1110 574 1130 ²⁰
599 1112 772 1156 proprium
800 1109 908 1142 eidem
937 1107 1021 1152 parti
1049 1107 1191 1146 diceret,
1219 1116 1285 1138 non
1311 1103 1458 1135 haberet.

378 1167 410 1199 7.
464 1164 671 1207 Illetalepsis
698 1166 745 1194 est
770 1166 886 1204 tropus
896 1156 918 1175 ²¹
948 1170 967 1190 a
992 1156 1250 1202 praecedente²²
1277 1154 1369 1198 quod
1396 1152 1556 1196 sequitur,
1593 1145 1682 1183 ut²³t

419 1216 529 1259 Inque
555 1224 680 1245 manus
706 1216 828 1246 cartae
856 1209 1054 1253 nodosaque
1080 1209 1169 1242 venit
1198 1207 1336 1240 arundo
1346 1201 1380 1238 ²⁴.

213 1273 298 1306 Nam
321 1280 382 1314 per
408 1261 557 1298 manus²5
584 1264 704 1303 verba,
731 1274 792 1306 per
819 1259 1014 1293 arundinem
1043 1260 1155 1292 literae
1182 1258 1386 1301 significatae
1409 1258 1490 1286 sunt.

378 1317 411 1350 S.
466 1314 679 1347 Melonomia
707 1319 753 1345 est
765 1309 790 1329 ²⁶
817 1310 1086 1344 transnominatio
1114 1310 1155 1341 ab
1183 1309 1249 1340 alia
1276 1305 1516 1351 significatione
1541 1301 1584 1334 ad
1612 1301 1710 1333 aliam
1738 1291 2018 1345 proximitatem²⁷
2044 1299 2148 1326 trans-

215 1376 290 1408 lata,
343 1370 399 1403 Fit
422 1372 530 1400 autem
558 1365 668 1398 multis
695 1363 812 1397 modis.
865 1364 933 1395 Aut
959 1362 1044 1393 enim
1072 1373 1133 1406 per
1160 1359 1211 1399 id,
1244 1358 1335 1401 qnod
1365 1356 1526 1393 continet,
1554 1353 1607 1389 id,
1642 1351 1734 1395 quod
1764 1350 1965 1389 continetur,
1999 1345 2151 1384 ostendit,

216 1432 252 1460 ut
277 1424 418 1457 theatra
440 1417 636 1463 plaudunt,
674 1419 785 1460 prata
811 1414 990 1457 mugiunt,
1025 1413 1104 1445 dum
1137 1411 1206 1443 illic
1239 1409 1390 1443 homines
1428 1400 1643 1453 plaudunt²⁸‚
1679 1403 1736 1437 hic
1762 1403 1865 1435 boves
1895 1399 2064 1444 mugiunt,
2098 1400 2152 1428 ant

218 1482 332 1512 contra
359 1483 420 1517 per
446 1470 500 1509 id,
528 1468 619 1512 quod
647 1467 850 1505 continetur,
878 1464 930 1504 id,
957 1464 1049 1506 quod
1078 1463 1232 1501 continet,
1259 1466 1309 1493 ut:

421 1540 471 1546 —
499 1520 580 1553 Iam
610 1518 794 1563 proximus
821 1516 925 1549 ardet

427 1573 612 1616 Ucalegon
623 1567 660 1610 ²⁹,

221 1631 300 1663 ‹lmn
329 1638 393 1660 non
419 1625 491 1664 ille,
519 1623 576 1656 sed
605 1622 724 1654 domus
752 1620 819 1653 eius
843 1618 983 1651 arderet.

384 1676 416 1709 9.
470 1676 553 1708 ltern
581 1685 642 1718 per
653 1670 678 1690 ³⁰
704 1673 907 1705 inventorem
934 1668 989 1708 id,
1016 1666 1110 1710 quod
1136 1665 1301 1698 inventum
1330 1668 1395 1704 est,
1423 1667 1474 1695 ut:

429 1726 511 1761 Sine
542 1726 671 1759 Cerere
697 1728 728 1757 ct
756 1722 882 1756 Libero
907 1719 1030 1766 friget
1062 1718 1173 1751 l'emts
1182 1713 1226 1759 ³¹,-

226 1787 271 1815 et:

317 1890 341 1924 1)
365 1888 472 1916 Incerti
500 1891 606 1926 poetae
631 1884 730 1914 verba.
753 1899 794 1905 --
826 1882 856 1921 2)
885 1881 1034 1920 crispanti
1059 1879 1116 1907 Gu.
1142 1880 1169 1909 1.
1215 1872 1393 1903 tantundem
1411 1872 1466 1900 Gu.
1484 1874 1513 1903 2.
1529 1871 1567 1899 al.
1589 1887 1621 1890 —
1650 1868 1697 1907 17)
1717 1869 1759 1896 sic
1776 1868 1831 1894 Gu.
1852 1868 1877 1897 1.
1895 1868 1924 1897 2.
1941 1882 1981 1887 -
2003 1867 2065 1893 sint
2081 1864 2160 1901 vulg.

231 1948 271 1955 —
295 1932 452 1969 crepitanti
479 1931 535 1957 Gu.
548 1930 575 1960 4.
602 1945 638 1950 -
663 1926 691 1965 3)
715 1931 823 1954 cuncta
848 1926 903 1952 Gu.
919 1924 947 1955 4.
978 1941 1009 1944 —
1037 1922 1064 1959 4)
1087 1921 1173 1948 enims
1217 1917 1262 1959 1³)
1288 1922 1313 1945 et
1341 1917 1368 1943 si
1393 1915 1448 1945 Gu.
1466 1917 1494 1946 2.
1513 1924 1558 1942 va.
1582 1928 1620 1933 ——-
1660 1910 1707 1945 ¹19)
1730 1911 1778 1938 Sic
1799 1910 1853 1937 Gu.
1875 1912 1900 1939 1.
1917 1912 1944 1941 2.
1968 1918 2013 1937 va.
2042 1923 2074 1928 —
2102 1916 2161 1934 non

232 1976 286 2003 Gu.
305 1977 330 2005 1.
350 1989 389 1994 —
410 1974 439 2008 5)
453 1978 575 2010 propter
593 1977 619 1998 le
638 1971 694 1999 Gu.
713 1972 738 2000 1.
756 1984 797 1990 ·—·
814 1968 931 2006 perpeti
946 1967 1003 1994 Gu.
1022 1966 1050 1995 3.
1077 1964 1174 1991 Citan-
1218 1960 1405 1999 app‹›sui.sset
1422 1958 1493 1984 navi
1513 1956 1594 1993 vulg.
1617 1971 1657 1976 —
1681 1952 1726 1991 io)
1743 1953 1790 1980 Sic
1807 1953 1860 1979 (ἆυ.
1881 1954 1906 1981 1.
1922 1966 1962 1972 —-
1985 1949 2064 1989 quid
2081 1949 2161 1986 vulg.

232 2023 282 2046 tur
298 2026 399 2045 versus
414 2020 446 2043 ut
455 2014 608 2042 Claudiani
622 2013 657 2041 ab
671 2011 824 2049 Augustin.
844 2011 862 2038 l.
879 2009 929 2038 [Il.
948 2008 984 2037 de
998 2007 1092 2036 doctr.
1107 2005 1173 2033 Chr.
1219 2020 1260 2024 —
1282 2006 1326 2036 ζ’1)
1343 2001 1390 2028 Sic
1409 2000 1464 2027 Gu.
1485 2001 1510 2030 1.
1526 2001 1553 2029 2.
1574 2014 1610 2019 —
1635 1996 1737 2024 Mstal.
1765 2000 1871 2032 tropus
1892 1993 1972 2030 vulg.
1995 2009 2035 2014 —
2055 1991 2160 2020 ,Πηρώ

237 2077 271 2081 —
296 2057 325 2098 6)
347 2058 424 2095 vulg.
450 2063 473 2084 et
495 2064 636 2095 tempora,
656 2054 707 2084 sed
723 2060 749 2082 et
765 2064 820 2082 0111.
837 2054 893 2081 Gu.
914 2054 940 2081 1.
958 2061 1002 2079 va.
1021 2066 1062 2071 —
1083 2048 1113 2086 7)
1135 2046 1178 2074 ‹ul
1224 2052 1330 2083 tropus
1354 2048 1395 2071 est
1419 2052 1466 2069 va.
1493 2057 1534 2062 —
1570 2043 1617 2076 22)
1639 2038 1718 2073 vulg.
1747 2048 1766 2064 ιι
1790 2035 1983 2075 praecedente
2010 2033 2161 2069 indicans,

235 2112 292 2130 orn.
306 2103 361 2128 Gn.
380 2103 405 2130 1.
423 2115 463 2120 —
487 2099 513 2137 8)
538 2100 584 2126 Sic
601 2099 655 2126 Gn.
679 2101 704 2129 1.
730 2114 761 2118 —
785 2097 952 2135 pertine-nc.
973 2090 1080 2120 sedad
1098 2090 1176 2127 iulg.
1221 2089 1273 2117 sed
1287 2085 1427 2114 indicans
1443 2094 1499 2112 om.
1519 2083 1575 2112 Gu.
1591 2085 1615 2113 1.
1633 2084 1660 2112 2.
1672 2081 1708 2108 al.
1731 2096 1772 2101 —-
1794 2078 1840 2116 25)
1864 2084 1898 2105 ut
1915 2077 2018 2106 addidi
2038 2087 2053 2105 e
2071 2077 2162 2106 Gu.1.

234 2159 277 2166 ·—
298 2141 328 2182 9)
353 2142 399 2169 Sic
417 2143 472 2172 (ἆυ.
494 2144 516 2171 l.
539 2158 579 2162 —-
603 2140 637 2168 dc
659 2140 786 2176 vulg.—
812 2138 856 2175 10)
880 2137 957 2173 Virg.
983 2135 1053 2163 Aen.
1066 2134 1090 2166 Ι,
1107 2134 1177 2163 301.
1222 2130 1260 2159 al.
1283 2145 1324 2151 —
1349 2134 1441 2165 utque
1457 2126 1513 2155 Gn.
1528 2128 1555 2155 2.
1580 2142 1617 2146 —
1643 2130 1805 2160 utrumque
1819 2131 1862 2159 pr.
1879 2135 1919 2141 ——
1941 2125 1974 2147 ut
1992 2129 2103 2158 quaet-e
2118 2127 2163 2147 va.

236 2186 293 2219 vl,
319 2187 362 2216 19.
391 2183 462 2211 haee
488 2184 600 2211 locutio
626 2184 782 2221 reperitur.
804 2196 844 2201 ——
870 2179 913 2218 11)
929 2178 976 2207 Sic
1002 2178 1057 2205 Gu.
1080 2179 1104 2206 1.
1139 2191 1178 2196 -
1221 2188 1262 2194 —-
1285 2170 1331 2211 24)
1353 2171 1432 2198 Pers.
1449 2169 1507 2198 Sat.
1529 2167 1579 2203 ΙΙΙ,
1602 2169 1649 2197 11.
1668 2183 1708 2187 —
1730 2168 1777 2202 25)
1800 2164 1847 2191 Sic
1862 2163 1916 2191 Gu.
1936 2165 1961 2193 1.
1976 2178 2017 2183 —
2039 2169 2164 2189 manum

239 2230 369 2257 Haecw
386 2227 435 2253 Ar.
459 2243 494 2246 ›—
523 2227 595 2253 ltaec-
611 2232 635 2253 εἰ
655 2236 673 2253 α
696 2224 733 2254 al,
759 2240 793 2244 —
821 2228 845 2250 ct
863 2233 893 2249 co
907 2221 1035 2257 vulg.—
1063 2220 1106 2255 1⁶2)
1130 2217 1178 2244 Sic
1222 2214 1301 2252 vulg.
1327 2230 1365 2235 -—·
1389 2210 1435 2250 26)
1459 2216 1501 2238 est
1517 2221 1573 2240 0111,
1592 2220 1637 2237 va.
1659 2226 1692 2230 —
1716 2207 1753 2235 ab
1769 2208 1878 2244 altqua
1892 2214 1937 2232 va.
1963 2220 2003 2225 —
2029 2201 2075 2242 27)
2096 2213 2164 2241 pro-

240 2271 294 2299 Gu.
314 2273 339 2299 1.
356 2285 396 2291 —
420 2266 518 2306 dissert
535 2269 614 2305 vulg.
631 2285 667 2289 --
692 2264 736 2305 13)
760 2265 840 2302 vulg.
857 2265 991 2302 largitur
1008 2260 1106 2295 aliud,
1127 2259 1178 2287 sed
1222 2258 1358 2285 ximitate
1375 2254 1412 2283 al.
1435 2269 1476 2274 —
1506 2255 1553 2287 28)
1578 2253 1625 2280 Sic
1648 2253 1703 2279 (ἆυ.
1725 2254 1749 2281 1.
1773 2265 1813 2270 —-
1830 2246 1989 2285 plaudant
2012 2246 2094 2283 vulg.
2118 2244 2164 2272 Sic

240 2324 295 2341 om.
313 2321 448 2351 pronorn.
466 2311 521 2340 Gu.
534 2313 560 2341 1.
579 2311 626 2338 Ar.
641 2327 674 2331 -
699 2308 741 2347 14)
762 2309 918 2344 fan-iensque
940 2306 994 2333 Gn.
1013 2307 1038 2334 2.
1057 2313 1101 2330 va.
1126 2303 1177 2329 Lo.
1221 2300 1260 2329 id.
1277 2298 1341 2327 cod.
1356 2297 1507 2334 mugiunt.
1524 2295 1628 2323 Nescio
1644 2291 1897 2322 undelocutiones
1913 2289 2084 2327 desumptae
2098 2287 2164 2316 sint.

242 2366 294 2383 cus
311 2359 353 2383 cst
372 2353 449 2390 Virg.
470 2352 573 2387 Gall,
600 2356 665 2383 131.
689 2367 730 2373 —
760 2348 807 2389 15)
832 2350 1000 2377 Centaurus
1023 2344 1179 2385 praeponit
1223 2358 1262 2364 —
1285 2344 1329 2373 29)
1355 2340 1432 2377 Virg.
1457 2339 1527 2366 Aen.
1543 2338 1585 2373 11,
1610 2340 1678 2368 311.
1707 2353 1743 2357 -
1778 2334 1825 2370 30)
1851 2333 1923 2360 [ism
1941 2337 1965 2358 ιι
1987 2342 2043 2369 per
2060 2341 2103 2358 va.
2124 2344 2166 2351 -

244 2400 297 2425 Gn.
317 2401 341 2427 1.
357 2406 400 2434 pr.
417 2406 462 2423 va.
484 2395 577 2423 Locus
599 2400 641 2423 est
662 2394 741 2431 Virg.
759 2393 829 2421 Aen.
845 2391 886 2427 V,
913 2392 978 2422 157.
992 2399 1052 2426 seq.
1071 2403 1108 2409 -
1135 2385 1178 2424 16)
1222 2383 1268 2423 31)
1290 2384 1405 2411 Terent.
1426 2381 1500 2410 Eun.
1516 2380 1572 2415 IV,
1597 2381 1631 2415 5,
1656 2381 1684 2410 6.
1718 2394 1753 2398 —
1795 2378 1842 2410 32)
1866 2375 1961 2402 Prima
1987 2373 2056 2402 edit.
2078 2381 2165 2411 quam
