2255 2819
220 113 294 148 422
899 105 1080 139 ISIDORI
1116 103 1297 138 HISPAL.
1333 104 1477 141 EPISC.

324 205 362 238 In
388 201 502 236 Sicilia
528 199 634 232 sontes
661 202 732 229 sunt
760 197 841 238 duo,
866 208 1009 240 quorum
1036 210 1119 232 unus
1140 200 1283 232 sterilem
1310 199 1501 241 foecundat,
1529 201 1612 234 alter
1640 201 1842 235 foecundam
1870 202 2011 235 sterilem
2040 203 2127 237 facit.

323 266 361 298 In
387 260 562 296 Thessalia
589 258 656 290 duo
683 261 756 289 suut
781 257 935 291 flumina:
973 270 1012 292 ex
1038 270 1104 292 uno
1131 259 1280 294 bibentes
1305 271 1383 293 oves
1411 260 1522 305 nigras
1548 258 1653 303 fieril‚
1691 273 1730 294 ex
1770 263 1873 296 altero
1898 267 2007 296 autem
2023 259 2035 280 ²
2063 264 2162 306 amas,

221 314 280 352 et³
304 328 343 351 ex
370 320 512 356 utroque
534 309 649 342 varias.

384 382 417 415 6ε
470 378 654 412 Clitumnus
682 377 773 410 lacus
801 378 832 409 in
861 377 1004 411 Umbria
1028 379 1189 411 maximos
1217 380 1319 412 boves
1346 379 1464 423 gignit.

322 426 505 468 Reatinae⁴
533 428 664 473 paludis
692 429 784 472 aquis
811 429 1031 462 iumentorum
1061 430 1200 474 ungulas
1227 428 1398 465 indurari⁵
1423 431 1537 464 dicunt
1550 428 1571 465 ὅ.

323 486 360 518 In
389 481 578 526 Asphaltite
605 480 680 514 lacu
707 480 852 513 Iudaeae
879 481 961 513 nihil
985 483 1093 526 mergi
1121 488 1241 527 potest,
1269 482 1427 525 quicquid
1455 483 1599 516 animam
1630 483 1733 516 habet
1749 481 1771 520 ἵ.

382 550 414 583 7.
469 550 506 582 ln
534 546 654 581 ludia‘]
681 548 785 581 siden
812 546 950 582 vocari⁹
978 556 1143 594 stagnum,
1171 551 1203 583 in
1232 562 1299 594 quo
1321 550 1404 582 nihil
1432 552 1565 590 innatat,
1597 551 1655 585 sed
1682 552 1793 584 onmia
1819 559 2022 597 merguntur.

320 604 365 636 At
382 599 404 619 ¹⁰
432 607 546 635 contra
574 601 605 632 in
629 600 765 634 Africae
793 601 869 634 lacu
898 602 1125 645 Apuscidamo
1142 599 1163 619 ¹¹
1188 599 1337 635 οιιιῃίει12
1363 602 1503 644 fluitant,
1530 602 1612 634 nihil
1640 605 1811 649 mergitur.

320 649 526 687 Marsidae¹³
553 652 626 684 fons
653 653 686 684 in
709 652 860 696 Phrygia
883 664 958 685 saxa
986 651 1169 697 gener-atu.

320 706 356 739 ln
386 704 516 739 Achaia
540 715 626 747 aqua
653 703 790 747 profluit
818 716 836 736 e
864 705 946 737 saxis
975 707 1056 748 Styx
1084 705 1265 749 appellata,
1293 704 1387 748 quod
1405 701 1428 721 ¹⁵
1454 705 1534 738 ilico
1562 711 1677 749 potata
1703 706 1865 739 interficit.

382 772 416 805 S.
472 772 652 805 Gelonium
667 769 689 789 ¹⁶
716 777 869 817 stagnum
898 773 1032 806 Siciliae
1058 779 1143 806 tetro
1171 773 1276 805 odore
1304 773 1410 818 abigit
1437 774 1668 817 proximantes.

323 833 412 866 Fons
435 838 482 865 est
505 833 536 864 in
558 832 670 866 Africa
698 833 786 866 circa
814 833 978 877 templum
1000 833 1192 874 Ammonis,
1231 833 1287 876 qui
1313 833 1462 866 humoris
1491 834 1628 867 nexibus
1655 832 1794 866 humum
1823 834 1951 878 stringit
1964 831 1996 866 Π.
2050 833 2164 866 Favil-

222 887 268 918 las
297 885 394 918 etiam
421 884 453 916 in
480 884 638 928 cespitem
667 884 796 916 solidat.

323 945 412 977 Fons
440 944 501 976 Iob
529 945 561 976 in
589 944 748 977 Idumaea
771 949 888 987 quater
913 944 944 976 in
972 956 1056 977 anno
1086 943 1235 977 colorem
1264 949 1391 976 mutare
1406 940 1429 959 ¹3
1457 944 1594 983 (licitur.
1634 945 1667 977 id
1698 951 1746 977 est
1772 945 2056 989 pulverulentum,
2090 956 2165 976 san-

221 997 391 1042 guineum,
418 995 558 1028 viridem
587 1000 618 1028 et
645 996 841 1040 limpidum:
871 993 993 1028 trinis¹⁹
1020 996 1184 1028 mensibus
1212 996 1244 1027 in
1272 1007 1357 1028 anno
1386 1002 1498 1028 tenens
1525 1008 1564 1029 ex
1593 996 1644 1028 his
1671 1008 1771 1028 imum
1796 997 1953 1030 colorem.

1078 1061 1090 1080 0

386 1063 419 1096 9.
473 1063 509 1095 ln
537 1064 759 1108 Troglodytis
786 1065 879 1098 lacus
907 1069 966 1107 est,
1000 1061 1076 1097 ter²
1117 1064 1149 1095 in
1172 1063 1227 1096 die
1255 1064 1291 1095 fit
1319 1075 1447 1096 amarus
1471 1069 1503 1097 et
1530 1064 1653 1097 deinde
1679 1065 1797 1096 totiens
1822 1064 1938 1098 dulcis.

323 1123 413 1155 Fons
440 1123 533 1156 Siloa
548 1120 571 1140 ²¹
608 1124 651 1155 ad
685 1124 832 1156 radicem
870 1125 989 1156 montis
1025 1123 1123 1156 Sion:
1157 1134 1223 1155 non
1260 1124 1393 1168 iugibus·
1423 1125 1531 1168 aquis,
1569 1124 1626 1157 sed
1659 1124 1690 1156 in
1728 1124 1823 1157 certis
1859 1124 1948 1156 horis
1985 1123 2167 1166 diebusque

222 1173 346 1208 ebullit.

324 1226 360 1257 ln
388 1224 511 1257 Iudaea
539 1224 709 1267 quondam
737 1226 822 1257 rivus
850 1225 993 1257 sabbatis
1021 1225 1172 1257 omnibus
1203 1225 1397 1257 siccabatur.

390 1293 445 1324 1⁰.
499 1292 536 1324 In
565 1292 716 1325 Sardinia
744 1294 851 1326 sontes
879 1293 979 1327 calidi
1007 1293 1111 1326 oculis
1123 1289 1148 1309 ²²
1181 1292 1374 1332 medentur,
1409 1293 1498 1325 fures
1526 1298 1678 1337 arguunt.
1729 1293 1814 1326 Nam
1842 1293 2001 1326 caecitate
2036 1292 2168 1337 detegi-

222 1352 273 1378 tur
300 1345 426 1377 facinus
453 1354 569 1376 eorum
579 1340 612 1376 ’·’3.

326 1404 363 1435 ln
391 1403 497 1447 Epiro
526 1415 595 1435 esse
610 1400 633 1420 Ἠ
662 1404 800 1442 sontem.
829 1405 860 1436 in
883 1415 950 1446 quo
979 1404 1069 1437 faces
1095 1403 1331 1447 extinguuntur
1359 1414 1528 1444 accensae,
1556 1409 1588 1436 et
1615 1403 1840 1438 accenduntur
1861 1403 2031 1436 extinctae.

326 1463 428 1505 Apud
458 1463 676 1495 Garamantes
705 1463 830 1495 sontem
860 1476 927 1496 esse
942 1460 966 1480 ²⁵
993 1464 1037 1495 ita
1066 1463 1234 1508 algentem
1264 1463 1334 1503 die,
1365 1469 1398 1495 ut
1425 1475 1490 1495 non
1517 1464 1665 1496 bibatur:
1700 1463 1745 1495 ita
1781 1463 1949 1496 ardentem
1983 1468 2099 1503 nocte,
2136 1468 2170 1494 ut

225 1525 291 1547 non
316 1518 480 1557 tangatur.

391 1580 449 1613 ll.
503 1581 572 1613 lam
601 1592 679 1612 vero
708 1581 738 1612 in
768 1582 875 1613 multi<
904 1582 984 1615 locis
1013 1593 1118 1624 aquae
1145 1587 1278 1613 manant
1306 1582 1471 1625 perpetim
1493 1581 1667 1623 ferventes,
1694 1587 1782 1614 tanta
1809 1583 1849 1622 vi,
1878 1588 1912 1614 ut
1932 1582 2052 1614 balnea
2078 1582 2169 1615 cale-

227 1633 359 1666 faciant.
414 1632 590 1671 Quaedam
616 1633 701 1664 cnim
730 1638 836 1664 terrae
864 1639 946 1671 sunt,
975 1645 1061 1676 qnae
1089 1633 1229 1665 multum
1258 1633 1426 1677 sulphuris
1454 1638 1486 1665 et
1513 1634 1661 1666 aluminis
1681 1633 1817 1665 habent.
1871 1633 1988 1675 Itaque
2007 1644 2082 1666 cum
2108 1644 2169 1676 per

228 1694 327 1716 venas
355 1683 497 1717 calentes
525 1695 610 1726 aqua
638 1684 760 1727 frigida
790 1685 888 1723 venit,
914 1685 1022 1717 vicino
1050 1684 1218 1728 sulphuris
1246 1686 1358 1717 calore
1385 1690 1537 1718 contacta
1561 1684 1770 1718 excandescit
1782 1681 1816 1722 ²⁶,
1845 1695 1906 1717 nec
1933 1684 2004 1716 talis
2030 1684 2073 1716 ab
2101 1684 2169 1716 ori-

228 1735 306 1779 gine
333 1734 448 1774 effluit,
476 1735 532 1767 sed
561 1741 777 1779 permutatur,
807 1735 885 1767 dum
914 1737 1010 1769 venit.
1066 1736 1216 1780 Sulphur
1245 1738 1332 1768 enim
1359 1737 1556 1779 alumenque
1582 1747 1694 1769 secum
1722 1736 1831 1768 ferunt
1847 1747 1972 1779 aquae;
1995 1740 2169 1778 utramque

228 1785 398 1819 materiam
425 1786 502 1831 igne
530 1787 662 1830 plenam
692 1787 897 1830 minimisque
911 1784 935 1804 ²³
970 1788 1112 1820 motibus
1139 1787 1403 1821 incalescentem.

320 1902 345 1942 1)
369 1904 477 1938 serunt
509 1904 574 1931 add.
606 1904 703 1941 vulg„
735 1905 784 1932 scd
815 1915 873 1934 om.
899 1907 954 1933 Gu.
980 1909 1004 1936 1.
1028 1909 1055 1936 ἒ.
1078 1907 1114 1934 al.
1139 1923 1176 1927 —
1223 1912 1277 1935 etc.
1303 1907 1359 1934 Gu.
1388 1910 1412 1936 1.
1435 1921 1474 1928 —
1508 1908 1556 1942 13)
1580 1907 1722 1943 ,ihm-spus
1742 1907 1829 1934 Arev.
1861 1915 1875 1934 e
1907 1905 1978 1933 Plin.
2010 1904 2029 1932 l.
2053 1915 2078 1932 c.
2097 1909 2168 1933 sect.

230 1945 262 1986 2)
287 1951 385 1972 autem
410 1945 511 1973 addidi
534 1957 548 1974 e
573 1948 628 1973 (iu.
654 1951 677 1976 1.
697 1965 733 1969 —
757 1945 790 1986 3)
815 1954 839 1975 et
863 1948 964 1976 addidi
989 1959 1002 1976 e
1019 1951 1073 1978 Gn.
1096 1952 1178 1980 1.-
1224 1953 1271 1980 17.
1297 1964 1339 1970 -
1376 1950 1419 1985 14)
1440 1950 1519 1986 geri!
1543 1950 1599 1978 (ἆυ.
1621 1952 1650 1980 2.
1682 1949 1719 1977 al.
1742 1965 1783 1969 -—-
1806 1949 1897 1986 egerit
1921 1949 1968 1977 Ar.
1992 1957 2007 1976 e
2031 1947 2104 1976 Ptin.
2127 1963 2166 1969 —

230 1987 262 2028 4)
285 1988 434 2016 Reatinae
456 1988 505 2023 al.‚
529 1989 610 2025 quod
632 1989 740 2027 recepi,
765 1990 834 2027 quia
850 1991 879 2018 in
900 1993 957 2019 (ἆυ.
980 1994 1006 2022 1.
1024 1994 1051 2022 2.
1077 1991 1113 2019 al.
1131 2002 1177 2021 va.
1222 1997 1297 2019 tenet
1311 1991 1348 2020 al.
1366 2008 1402 2011 —
1428 1990 1472 2030 15)
1494 2002 1571 2029 quae
1586 1991 1622 2019 al.
1645 2009 1678 2012 —
1706 1989 1753 2030 16)
1770 1991 1818 2018 Sic
1835 1991 1883 2019 Ar.
1900 2006 1933 2012 -
1949 1990 2167 2018 GeloniumGu.

232 2029 448 2069 (paludibus)
480 2035 521 2058 est
553 2030 684 2067 pullulas·
716 2034 817 2069 aquis.
846 2049 887 2054 —-
924 2033 1009 2071 Vulg.
1037 2035 1179 2061 Ifmlinis
1222 2037 1252 2065 2.
1275 2050 1317 2055 —
1343 2034 1483 2061 C'elotmm
1508 2035 1563 2062 Gu.
1589 2037 1614 2064 l.
1636 2050 1678 2055 —
1706 2033 1857 2061 Celomzmz
1882 2032 1962 2070 vulg.
1984 2047 2025 2053 —-
2050 2030 2098 2071 17)
2120 2042 2167 2059 re-

228 2072 407 2111 paludt'lms.
440 2089 479 2095 —
516 2075 542 2105 5)
567 2072 712 2100 indurare
744 2076 800 2103 (ἆυ.
818 2077 845 2105 2.
871 2085 917 2104 vn.
946 2092 985 2097 —-
1021 2080 1051 2110 6)
1074 2075 1179 2104 dicant
1221 2077 1345 2115 stringit
1357 2078 1506 2107 Gu.2.va.
1525 2092 1564 2097 --
1581 2077 1720 2104 humores
1737 2078 1841 2104 noxios
1858 2077 1889 2103 in
1911 2075 2040 2102 humum
2051 2074 2086 2102 al.
2104 2084 2167 2104 var.

232 2116 269 2143 al.
293 2126 349 2143 om.
376 2131 412 2136 —
437 2116 463 2147 7)
488 2116 652 2152 quicquum
674 2116 784 2143 habens
810 2117 855 2145 ed.
873 2117 1011 2146 Gothosr.
1035 2123 1063 2146 et
1086 2129 1179 2147 va.—
1224 2120 1288 2148 lect.
1313 2129 1360 2156 ap.
1386 2117 1474 2147 Goth.
1499 2135 1538 2139 —
1563 2122 1609 2156 15)
1632 2125 1766 2146 mutasse
1786 2119 1832 2147 ed.
1855 2117 1943 2146 Goth.
1968 2133 2012 2138 —
2034 2115 2079 2157 19)
2103 2123 2168 2145 ter.-

233 2157 262 2196 8)
294 2156 379 2186 Indis
411 2156 465 2184 Gu.
486 2159 513 2186 53.
534 2166 579 2184 va.
599 2172 640 2178 -
664 2157 762 2185 lmliis
797 2160 884 2188 Arev.
908 2176 944 2181 —
966 2162 998 2188 in
1021 2160 1110 2188 *sidia
1141 2162 1179 2192 al.
1222 2163 1271 2188 nis
1295 2161 1351 2190 Gu.
1366 2163 1394 2190 2.
1418 2171 1464 2191 va.
1489 2162 1538 2189 Ar.
1560 2178 1601 2183 —
1634 2159 1683 2201 20)
1707 2163 1761 2199 qui
1789 2167 1833 2189 ter
1861 2162 1893 2188 in
1923 2159 1971 2187 die
1992 2169 2038 2188 va.
2060 2174 2100 2181 —
2121 2158 2166 2197 21)

233 2216 274 2221 —
295 2202 323 2234 9)
348 2197 437 2227 Sidin
460 2209 505 2237 pr.
522 2215 563 2221 -—
584 2201 686 2226 υωειιιί
708 2210 762 2238 pro
788 2209 912 2230 vocatur
942 2203 998 2231 Gu.
1028 2206 1054 2233 l.
1078 2204 1114 2233 al,
1138 2220 1180 2225 -—·
1223 2204 1301 2232 Silue
1332 2203 1388 2233 Gn.
1416 2207 1439 2234 l.
1463 2220 1503 2225 —
1527 2205 1612 2232 Silva
1642 2214 1688 2242 pr.
1718 2220 1760 2225 -
1791 2204 1840 2240 22)
1862 2203 1965 2231 oculos
1987 2202 2026 2231 al..
2051 2216 2086 2222 -
2120 2203 2166 2234 93)

236 2240 282 2280 10)
305 2242 351 2270 Ac
373 2251 417 2279 pr.
447 2257 487 2262 —
523 2240 569 2278 11)
594 2242 701 2279 Recepi
732 2243 847 2272 Arevali
876 2245 1034 2273 lectionem
1064 2255 1078 2273 e
1100 2246 1178 2274 Plin.
1222 2247 1270 2273 Sic
1300 2246 1355 2274 Gu.
1384 2248 1410 2276 1.
1444 2263 1485 2267 —
1515 2257 1616 2274 corum
1635 2248 1769 2283 siwinus
1803 2246 1882 2284 vulg.
1912 2261 1953 2267 —
1988 2241 2034 2282 24)
2056 2243 2168 2279 ferunt

234 2283 271 2312 II.
297 2284 330 2311 N.
360 2283 477 2319 XXXI,
501 2288 571 2312 sect.
604 2286 650 2314 18.
688 2285 810 2321 petitam
848 2296 902 2324 pro
933 2287 1011 2323 vulg.
1046 2289 1077 2315 ιἰι
1106 2289 1180 2316 Alce
1222 2288 1290 2317 add.
1330 2288 1426 2325 vulg..
1463 2289 1514 2317 sed
1551 2300 1607 2317 om.
1646 2290 1702 2317 Gu.
1734 2293 1759 2319 1.
1793 2292 1820 2320 2.
1863 2286 1983 2316 Inclusit
2012 2285 2097 2315 AreV-
2127 2302 2165 2306 —

236 2326 305 2353 lacu
330 2325 455 2363 (lacum
478 2325 534 2353 Gu.
557 2325 607 2361 1.)
629 2336 683 2363 per
700 2326 900 2355 Arcidamam
926 2334 998 2361 eta,
1032 2331 1113 2367 quod
1137 2331 1180 2358 sa—
1221 2333 1266 2367 525)
1295 2332 1385 2358 ffi'unt
1416 2331 1483 2361 add.
1515 2332 1611 2369 vulg„
1649 2331 1700 2360 sed
1740 2341 1797 2359 om.
1829 2331 1883 2358 Gu.
1916 2331 1941 2359 1.
1975 2329 2002 2357 2.
2042 2327 2078 2357 al.
2116 2338 2163 2366 pr.

237 2368 291 2395 cile
314 2378 328 2395 e
351 2367 545 2407 corruptione
570 2372 667 2396 ortum
691 2367 844 2406 intelligas.
864 2386 899 2391 -
934 2370 977 2407 12)
1003 2372 1054 2399 ubi
1077 2375 1179 2400 omnm
1222 2372 1343 2400 Inclusit
1373 2372 1458 2402 Arev.
1490 2390 1526 2396 -
1564 2378 1609 2406 ⁹26)
1631 2374 1787 2401 ‹areale-ecit
1814 2373 1869 2400 Gu.
1893 2374 1922 2402 2·
1947 2385 1987 2390 -
2013 2369 2165 2397 cande-wit
