2264 2830
803 97 1049 136 ORIGlNUM
1091 104 1236 140 LIBER
1262 108 1287 144 1.

237 187 270 221 8.
322 188 533 234 Syllogismis
547 186 571 206 ³⁰

69 290 108 323 tis
135 290 338 324 Dialecticae
361 298 393 324 et
403 289 427 308 ⁴⁰
448 292 650 327 Rhetoricae
678 302 759 328 sunt.

1973 120 2021 154 73

597 189 747 224 autem„
778 204 844 226 non
879 195 986 228 solum
1024 196 1193 243 rhetores,
1239 200 1298 234 sed
1335 201 1476 235 maxime
1511 207 1646 237 utuntur
1679 204 1897 251 dialectici-³⁴,
1940 213 2018 248 licet

71 239 253 283 Apostolus
279 251 378 284 saepe
399 245 585 285 proponat,
613 250 774 285 assumat,
796 247 972 280 confirmet
985 244 1010 264 ³⁹
1037 256 1135 293 atque
1163 253 1358 286 concludat:
1386 265 1490 298 quae,
1519 262 1554 288 ut
1587 256 1747 300 diximus,

1774 263 1933 306 propriae
1963 277 2017 299 ar-

232 341 265 376 4.
318 342 596 387 Syllogismorum
620 347 712 389 apud
741 347 891 381 rhetores
918 350 1149 395 principalia⁴'
1185 366 1310 399 genera
1339 355 1407 388 duo
1436 362 1524 398 sunt,
1560 358 1709 392 inductio
1738 367 1770 394 et
1796 363 2014 401 ratiocinatio.

70 392 270 426 Inductionis
296 399 369 426 sunt
395 396 544 429 membra
568 397 630 430 tria
642 394 683 439 ³²,
716 400 825 443 prima
851 403 1039 446 propositio
1053 401 1096 445 ⁴³,
1125 407 1271 439 secunda
1298 407 1422 448 illatio,
1457 420 1543 452 quae
1574 415 1606 443 et
1617 407 1641 427 ⁴⁸

66 444 162 477 tertia
189 445 366 478 conclusio.

1668 415 1848 458 assumptio
1882 416 2012 459 dicitur,

228 494 262 528 5.
314 496 468 529 Inductio
489 494 586 539 est⁴5‚
613 511 699 543 quae
727 500 856 535 rebusui
883 514 949 536 non
977 504 1084 538 dubiis
1111 513 1224 552 captat
1259 511 1479 543 assensionem
1507 511 1592 553 eius,
1617 524 1693 547 cum
1729 512 1832 558 (11ιοΠ
1866 517 2012 552 instituta

66 551 129 587 est,
157 547 222 579 sive
249 547 331 579 inter
358 547 602 593 Philosophus,
631 552 696 584 sive
724 553 806 586 inter
836 554 1028 601 Rhetores,f
1060 559 1127 592 sive
1155 560 1237 593 inter
1264 563 1529 595 sermocinantes.

1590 565 1778 609 Propositio
1813 568 2011 604 inductionis

65 602 130 639 est,
157 609 244 641 quae
271 599 498 633 similitudines
526 603 762 637 concedendae
776 602 800 621 ⁴⁶
823 608 869 639 rei
896 609 1080 641 necessario
1109 611 1202 644 unius
1229 613 1356 647 inducit
1384 619 1440 646 aut
1467 615 1612 658 plurium
1628 612 1661 648 ⁴⁹.

225 649 259 684 6.
314 651 421 683 lllatio
444 652 642 687 inductionis
670 661 734 696 est,
763 668 849 699 quae
877 655 944 691 et⁵⁰
971 663 1152 706 assumptio
1181 663 1320 705 (licitur,
1352 677 1439 709 quae
1454 662 1476 681 ⁵¹
1507 678 1592 708 rem,
1621 667 1664 700 de
1689 679 1755 712 qua
1787 672 2008 714 contenditur,

61 703 94 731 ct
117 699 207 732 cuius
235 712 333 734 causa
361 703 588 737 similitudines
615 705 749 739 habitae
776 714 865 750 sunt,
894 710 1083 746 introducit.

59 751 183 783 sionem
205 752 358 785 illationis
385 756 575 796 confirmat,
603 763 659 790 aut
685 759 767 802 quid
795 772 834 793 cx
861 774 900 794 ea
928 765 1124 798 conficiatur
1135 763 1160 782 ⁵²
1186 767 1344 801 declarat.

59 801 102 835 de
130 814 198 846 quo
220 805 368 847 quaestio
396 804 488 848 est⁵³,
515 810 763 853 comprobatur.

224 855 256 888 7.
311 857 584 892 Ratiocinationis
599 857 623 877 ⁵⁴
656 867 729 894 sunt
759 862 827 895 duo
857 864 949 898 modi
962 861 995 900 ⁵⁵.

56 904 180 949 gismus
207 911 307 950 atque
328 908 525 944 rhetoricus.

1139 715 1320 748 Conclusio
1348 717 1547 751 inductionis
1575 723 1638 761 est,
1679 731 1764 762 quae
1792 727 1847 754 aut
1875 733 2009 757 conces-

1400 769 1624 803 Ratiocinatio
1652 776 1700 804 est
1717 773 1841 814 oratio,
1869 786 1934 817 qua
1961 776 2006 817 id,

1054 868 1184 901 Primus
1212 870 1446 915 enthymema,
1489 873 1545 916 qui
1581 877 1627 905 est
1659 873 1875 918 imperfectus
1902 877 2006 920 syllo-

579 912 753 946 Secundus
781 916 986 960 epichirema
997 914 1042 959 56,
1077 921 1133 963 qui
1162 926 1209 954 est
1222 918 1246 938 ⁵⁷
1273 923 1305 955 in
1333 923 1505 957 rhetoricis
1532 924 1630 957 latior
1656 926 1876 971 syllogismus.

220 958 253 991 8.
306 960 532 1004 Enthymema
559 962 696 1008 igiturfffl
725 966 839 1000 Latine
866 968 1099 1013 interpretatur
1126 973 1243 1005 mentis
1278 977 1475 1020 conceptio,
1509 987 1609 1019 quam
1623 972 1647 992 ⁵⁰
1674 978 1909 1022 imperfectum
1937 981 2004 1024 syl-

55 1007 236 1052 logismum
271 1013 456 1056 artigraphi
484 1015 591 1047 solent
604 1012 628 1031 ⁵⁰
655 1028 856 1062 nuncupare.

54 1060 190 1101 quando
218 1059 297 1103 idm,
324 1065 417 1106 quod
445 1064 487 1097 ad
516 1065 654 1099 lidem⁰²

53 1110 155 1143 illud:
197 1112 239 1145 Si
268 1117 458 1159 tempestus·
491 1118 640 1151 vitanda
675 1125 743 1161 cst,
782 1133 848 1155 non
876 1127 925 1156 est
953 1124 1066 1169 igitur
1092 1127 1350 1173 navigandum.

52 1163 265 1197 conclusione
279 1162 302 1181 ⁰³

50 1218 120 1247 tum
147 1220 202 1248 est.

910 1021 997 1053 Nam
1025 1022 1057 1054 in
1084 1023 1212 1057 duabus
1239 1027 1389 1070 partibus
1418 1027 1484 1060 eius
1503 1029 1690 1072 argumenti
1719 1029 1827 1062 forma
1848 1032 2003 1074 consistit,

680 1070 824 1113 pertinet
851 1071 1057 1114 faciendam,
1092 1076 1213 1117 utitur,
1240 1078 1511 1123 syllogismorum
1548 1079 1626 1124 lege
1660 1082 1857 1125 praeterita,
1895 1089 1930 1116 ut
1957 1090 2004 1117 est

1418 1131 1471 1163 Ex
1498 1131 1569 1163 sola
1597 1132 1682 1164 enim
1710 1134 1942 1177 propositione
1971 1141 2002 1168 et

330 1173 457 1201 constat
485 1180 554 1202 esse
576 1171 784 1216 perfectum,
811 1174 899 1207 unde
927 1177 1032 1221 magis
1060 1178 1285 1223 Rhetoribus,
1322 1193 1422 1225 quam
1450 1182 1641 1216 Dialecticis
1669 1185 1844 1217 convenire
1871 1185 2000 1220 iudica—

216 1266 250 1301 9.
303 1268 569 1313 Enthymematis
603 1274 754 1306 membra
795 1280 867 1308 sunt
903 1277 1066 1321 quinque,
1106 1279 1252 1322 primurn
1287 1283 1528 1324 convincibile,
1573 1284 1756 1318 secundum
1790 1287 1996 1331 ostentabile,

50 1317 180 1349 tertium
209 1320 419 1359 sententiale,
448 1328 601 1363 quartum
630 1325 872 1368 exemplabile,
900 1328 1051 1369 quintum
1080 1331 1306 1364 collectivum.

216 1369 274 1404 lt).
328 1371 557 1405 Convincibile
584 1380 648 1413 est,
683 1376 775 1418 quod
814 1377 956 1410 evidenti
986 1381 1111 1413 ratione
1137 1384 1303 1417 convincit
1317 1381 1358 1424 Μ,
1394 1384 1478 1417 sicut
1505 1384 1584 1418 fecit
1612 1384 1732 1418 Cicero
1760 1398 1823 1430 pro
1850 1388 1996 1422 Milone:

51 1417 138 1451 Eius
165 1419 277 1464 igitur
303 1423 423 1455 mortis
448 1425 577 1457 sedetis
603 1427 749 1467 ultores,
779 1429 875 1461 cuius
901 1430 1010 1462 vilmn
1038 1432 1067 1464 si
1092 1431 1258 1476 praeli-1⁶⁵
1280 1446 1349 1479 per
1375 1432 1469 1467 vos⁶⁶
1496 1437 1630 1468 restitui
1653 1448 1774 1481 posse,
1801 1437 1958 1474 nolitis-⁶².

215 1471 269 1505 ll.
325 1474 533 1507 Ostentabile
563 1482 626 1511 est.
655 1479 746 1520 quod
776 1485 865 1512 certa
888 1481 934 1512 rei
962 1481 1245 1517 demonstratione
1273 1483 1551 1530 constringiturffl',
1579 1486 1663 1520 sicut
1695 1488 1816 1522 Cicero
1842 1491 1875 1522 in
1903 1490 1993 1524 Cati-

48 1519 115 1552 lina
128 1517 170 1553 ⁰⁹2
201 1522 271 1555 Hic
297 1528 414 1557 [canen
441 1524 576 1567 vinnm,
605 1529 710 1561 elium
724 1526 746 1545 ⁷¹
775 1531 809 1562 ἰη
835 1535 994 1565 senatum
1008 1529 1032 1550 ⁷²
1058 1532 1196 1570 vcnit⁷³.

47 1572 122 1603 ralis
151 1571 317 1615 adiicitfl,
346 1582 380 1608 ut
403 1577 495 1621 apud
523 1576 768 1614 Terentium⁷⁵t

41 1692 254 1729 principalilaer
276 1695 355 1732 vulg.
380 1713 420 1716 —
443 1696 488 1736 42)
513 1698 561 1726 Sic
584 1700 638 1727 Gu.
659 1703 684 1731 1.
708 1717 748 1721 —
778 1703 909 1730 membra
932 1706 994 1731 tria

44 1739 114 1760 sunt
138 1735 216 1772 vulg.
236 1752 276 1757 —-—
298 1740 476 1776 45)p0s1'ti0
501 1741 538 1768 al.
557 1758 599 1763 —
627 1742 672 1781 44)
697 1749 723 1770 ee
745 1754 801 1773 om.
827 1745 884 1773 Gu.
903 1749 930 1776 2.
955 1763 989 1767 —

44 1775 90 1813 42)
112 1776 158 1803 ccl
182 1780 278 1806 oratio
302 1780 369 1808 add.
396 1782 450 1811 Gu.
474 1785 498 1813 1.
523 1801 563 1804 —
588 1784 633 1823 46)
658 1796 735 1824 quae
754 1798 812 1824 pro
836 1787 924 1815 reba-r
946 1798 992 1817 va.

44 1833 85 1838 —
116 1819 163 1855 47)
186 1822 236 1847 cui
260 1822 309 1850 Ar.
341 1839 381 1844 —
411 1835 469 1862 quo
494 1836 550 1854 om.
575 1828 631 1857 Gu.
650 1832 690 1865 2,
726 1829 805 1866 quod
830 1832 880 1857 cm*
903 1830 992 1860 fuisse

44 1859 74 1887 in
92 1864 178 1889 textu
203 1864 306 1900 arguit.
330 1865 395 1893 Huc
419 1867 549 1905 accedit,
575 1870 656 1908 quod
679 1872 779 1900 nescio
802 1873 870 1910 quis
895 1874 990 1902 codex

44 1901 161 1931 Arevali
184 1906 351 1943 saepissime
371 1911 515 1938 consentit
538 1921 605 1939 cuin
627 1914 682 1942 Gu.
705 1917 751 1951 2.,
776 1920 804 1943 et
828 1926 863 1943 ex
888 1916 990 1945 codiee

43 1946 215 1974 emendasse
247 1948 403 1978 Arevalum
435 1958 547 1982 certum
574 1959 626 1983 est.
657 1972 698 1977 —
734 1956 779 1995 48)
811 1958 991 1987 concedendi

44 1987 99 2015 Gu.
116 1991 144 2019 2.
166 2005 207 2010 —
230 1991 276 2026 40)
300 1992 347 2020 Sic
364 1993 421 2021 Gu.
441 1998 464 2025 1.
490 1997 538 2025 Ar.
560 2013 602 2019 -
618 1999 827 2036 plurimorum
850 2002 930 2039 vulg.
948 2018 990 2024 —

42 2040 136 2058 unam
159 2038 214 2059 ιιιιί
234 2033 388 2070 plurimas
411 2037 447 2065 al.
467 2055 506 2058 —-
536 2038 584 2078 50)
612 2047 637 2068 et
662 2052 719 2069 om.
745 2043 799 2070 Gu.
816 2047 842 2075 2,
866 2060 907 2064 -
940 2043 989 2084 51)

42 2073 125 2110 quod
145 2084 192 2113 pr.
226 2091 263 2095 —
294 2079 337 2111 52)
370 2080 529 2116 conficitur
559 2082 596 2110 al.
626 2100 666 2105 —
695 2083 741 2124 53)
775 2092 816 2113 est
847 2086 948 2114 addidi
973 2097 988 2115 e

42 2115 98 2143 Gu.
122 2120 146 2147 1.
173 2134 207 2138 —
244 2124 285 2145 c-st
307 2123 443 2157 quaestio
470 2123 525 2151 Gu.
544 2126 571 2154 2.
599 2125 646 2153 Ar.
673 2137 718 2165 pr.
743 2138 790 2157 va.
813 2145 855 2149 —
883 2130 928 2167 54)
953 2128 987 2157 ln

41 2157 129 2186 codd.
153 2160 252 2188 nescio
278 2163 426 2199 quomodo
450 2164 560 2194 sactum
585 2168 639 2203 sit,
668 2174 700 2196 ut
726 2168 771 2209 ἕξ
801 2170 875 2199 ordo
900 2172 987 2210 plane

40 2200 78 2228 sit
100 2201 245 2232 turbatus,
275 2205 347 2232 Nam
372 2204 416 2245 ἕξ.
439 2206 478 2234 ita
501 2215 673 2246 sequuntur.
698 2210 722 2251 ξ
740 2215 766 2242 7.
780 2213 985 2252 Enthymema.

40 2241 66 2281 ξ.
84 2245 111 2274 8.
135 2244 392 2277 Ratiocinationis.
434 2247 458 2287 ς’.
474 2251 501 2281 9,
525 2251 770 2291 Enthymcmatis.
809 2256 871 2294 Ego
895 2268 983 2286 secu-

40 2289 88 2313 tua
109 2296 173 2314 sun]
198 2288 265 2316 edit.
294 2290 478 2319 Gotlrosredi.
502 2293 574 2322 Nam
589 2295 694 2324 turbae
711 2297 780 2326 illae
796 2300 883 2328 etiam
899 2300 981 2329 editt.

39 2337 84 2365 pr.
107 2338 153 2357 va.
177 2329 299 2361 Vulcan.
327 2333 375 2363 Ar.
400 2334 581 2365 invaserunt.
612 2354 654 2358 —
682 2339 726 2377 55)
758 2340 805 2369 Sic
831 2342 887 2370 Gu.
906 2346 931 2374 1.
952 2346 980 2374 2.

42 2386 75 2390 -
102 2370 161 2399 cluo
181 2379 253 2400 sunt
275 2375 358 2402 morli
388 2377 466 2415 vulg.
497 2394 538 2398 —
574 2381 622 2416 56)
644 2382 840 2419 Epicherema
865 2385 915 2413 Ar.
939 2402 979 2406 —

81 2421 242 2454 GRAMMAT.
268 2436 303 2453 LA
309 2437 334 2454 T.
354 2427 403 2456 [ll.

1252 1536 1458 1571 Sententiale
1486 1543 1551 1580 est,
1580 1539 1672 1582 quod
1701 1541 1860 1574 sententia
1886 1554 1993 1588 gene-

1039 1703 1088 1744 57)
1112 1712 1152 1733 (Sl
1176 1716 1232 1735 om.
1257 1718 1353 1746 pr.—-
1374 1709 1403 1737 in
1421 1709 1580 1737 rhetoricis
1603 1715 1628 1737 et
1651 1710 1670 1738 l.
1695 1710 1750 1740 Gu.
1771 1714 1800 1743 2.
1826 1722 1871 1740 va.
1886 1729 1926 1735 —
1944 1713 1987 1750 58)

1040 1748 1153 1776 Graece
1165 1749 1232 1778 add.
1253 1753 1309 1779 (ιύ.
1328 1753 1355 1781 2.
1372 1767 1413 1773 —-·
1436 1752 1482 1791 59)
1507 1763 1594 1791 quem
1619 1753 1675 1782 Gn.
1691 1756 1721 1784 2.
1746 1754 1796 1783 Ar.
1812 1770 1852 1776 —
1877 1757 1924 1793 60)
1941 1757 1988 1784 Sic

1038 1790 1093 1818 Gu.
1116 1794 1142 1822 1.
1161 1808 1202 1814 --
1226 1794 1318 1821 solent
1342 1796 1451 1832 areigr.
1474 1795 1555 1832 vulg.
1579 1811 1620 1817 —
1642 1794 1688 1832 61)
1711 1796 1760 1824 Sic
1777 1797 1832 1825 Gu.
1850 1800 1877 1828 1.
1893 1800 1919 1829 2.
1941 1809 1987 1827 va.

1036 1833 1072 1860 al.
1096 1849 1137 1855 —
1160 1834 1196 1862 id
1215 1837 1246 1863 ιἰι
1270 1847 1327 1874 quo
1351 1837 1386 1865 al.
1411 1853 1447 1858 —
1473 1840 1620 1876 quoniam
1645 1838 1724 1866 idem
1748 1839 1830 1877 quod
1851 1840 1888 1870 al.
1914 1840 1987 1869 Vide

1035 1875 1071 1903 ad
1089 1876 1119 1912 I,
1143 1879 1171 1911 3,
1195 1878 1222 1907 4.
1240 1895 1282 1899 -
1304 1879 1351 1914 62)
1367 1880 1465 1917 finem
1487 1880 1576 1909 al.—
1602 1879 1648 1919 63)
1676 1886 1701 1908 et
1725 1883 1915 1910 conclusione
1937 1883 1986 1912 ad-

1034 1918 1097 1946 didi
1121 1929 1136 1947 e
1161 1921 1216 1948 Gu.
1238 1923 1262 1951 1.
1295 1938 1330 1942 —
1364 1923 1412 1959 64)
1437 1924 1629 1951 convincitur
1653 1924 1689 1952 al.
1712 1939 1754 1946 -
1778 1926 1926 1954 convincit
1947 1927 1984 1957 al.

1037 1978 1071 1982 —
1102 1964 1149 1998 65)
1172 1964 1219 1991 Sic
1242 1964 1298 1992 Gu.
1321 1966 1347 1995 1.
1368 1964 1398 1995 4.
1429 1975 1476 2003 pr.
1504 1975 1550 1994 va.
1581 1966 1618 1994 al.
1641 1971 1669 1995 et
1701 1966 1760 1995 Cic.
1783 1978 1830 2006 pr.
1853 1968 1914 1998 Mil.
1932 1971 1984 2007 29,

1032 2006 1082 2036 79.
1108 2005 1187 2034 unde
1214 2006 1298 2034 locus
1328 2012 1372 2035 est
1395 2013 1541 2046 sumptus.
1572 2024 1614 2030 -—
1648 2012 1802 2048 putaretis
1832 2010 1912 2049 vulg.
1943 2027 1985 2033 —-

1032 2048 1088 2074 etsi
1111 2057 1166 2086 pro
1189 2050 1216 2075 si
1239 2059 1284 2077 va.
1307 2066 1348 2070 —
1370 2051 1417 2086 66)
1441 2061 1496 2078 [ιο-ς
1520 2051 1575 2080 Gu.
1592 2055 1617 2083 1.
1635 2068 1676 2073 —
1700 2052 1746 2091 67)
1770 2053 1818 2081 Sic
1835 2054 1891 2082 Gu.
1913 2056 1939 2085 1.
1954 2054 1983 2084 4.

1032 2099 1076 2126 pr.
1093 2099 1138 2118 va.
1155 2090 1191 2119 al.
1219 2108 1258 2112 —
1282 2092 1389 2119 noletis
1417 2093 1475 2122 Gu.
1493 2095 1521 2124 2.
1546 2110 1588 2115 —-
1610 2094 1731 2122 nolletis
1750 2095 1830 2133 vulg.
1855 2096 1895 2124 Ut
1917 2107 1980 2131 nos,

1031 2132 1072 2160 sic
1092 2138 1134 2160 est
1159 2143 1206 2172 ap.
1233 2134 1292 2163 cic.
1315 2135 1334 2163 1.
1358 2145 1382 2162 e.
1410 2152 1444 2157 —
1471 2135 1516 2173 δὲ»)
1544 2136 1592 2165 Sic
1617 2137 1674 2166 Gu.
1694 2140 1720 2169 1.
1743 2155 1777 2159 —
1800 2140 1981 2177 constringit

1029 2175 1100 2211 vulg
1122 2192 1163 2197 —
1187 2177 1234 2212 69)
1257 2178 1288 2205 in
1315 2177 1485 2206 Catilinam
1508 2178 1559 2208 Ar.
1584 2195 1621 2200 ·—
1646 2178 1693 2220 70)
1716 2181 1797 2218 vulg.
1821 2181 1906 2210 addit
1922 2183 1979 2208 imo

1029 2218 1123 2253 vivit,
1150 2219 1230 2256 quod
1255 2230 1312 2249 om.
1338 2220 1394 2250 Gu.
1415 2224 1440 2252 1.
1464 2237 1497 2241 —
1520 2223 1581 2249 imo
1606 2222 1702 2250 solum
1726 2233 1782 2253 om.
1804 2223 1853 2252 Ar.
1877 2233 1892 2252 e
1909 2223 1978 2257 Cic„

1028 2264 1061 2287 ut
1090 2260 1227 2298 videtur,
1255 2263 1341 2290 Catil.
1361 2263 1391 2299 1,
1417 2266 1443 2295 1.
1467 2266 1495 2295 2.
1523 2280 1566 2286 -
1596 2264 1642 2303 71)
1666 2267 1726 2293 imo
1754 2267 1845 2294 etiam
1866 2266 1916 2294 Ar.
1937 2279 1977 2287 —

1026 2302 1116 2330 immo
1142 2315 1208 2331 vero
1230 2307 1319 2332 eliam
1345 2306 1404 2333 Cic.
1428 2306 1447 2334 l.
1471 2316 1496 2334 c.
1528 2325 1565 2329 —
1605 2305 1653 2346 72)
1676 2314 1782 2336 senatu
1804 2308 1859 2336 Gu.
1877 2310 1905 2338 2.
1929 2316 1975 2334 va-

1024 2359 1066 2366 —
1088 2347 1132 2379 73)
1161 2348 1236 2374 vim
1265 2348 1312 2375 Gu
1327 2351 1355 2379 2.
1380 2358 1424 2376 va.
1449 2365 1490 2369 —
1512 2349 1558 2388 74)
1581 2349 1702 2378 addicit
1725 2352 1774 2379 Ar.
1798 2360 1846 2380 va.
1866 2364 1906 2372 -
1930 2346 1975 2387 75)

1023 2386 1144 2418 Terent.
1169 2390 1259 2418 Andr.
1279 2390 1310 2427 1,
1334 2393 1370 2426 1,
1393 2390 1441 2421 41.

1534 2442 1566 2474 K
