2264 2830
800 89 1044 124 ORlGlNUM
1080 92 1224 126 LIBER
1258 94 1332 127 XV.
1965 99 2040 133 475

95 195 187 217 versa
214 185 426 228 praecellunt.
480 186 640 219 Sanctum
667 189 778 216 autem
805 196 825 217 a
852 185 1011 229 sanguine
1049 186 1174 220 hostiae
1203 192 1438 231 nuncupatum.
1500 186 1590 219 Nihil
1620 183 1744 220 εὲηίῐῐι3ιί
1771 196 1918 224 sanctum
1946 195 2037 237 apud

95 243 222 269 veteres
250 236 444 275 dicebatur,
473 237 530 269 nisi
559 236 650 279 quod
680 235 807 268 hostiae
835 238 996 281 sanguine
1024 244 1106 271 esset
1133 246 1381 279 consecratum,
1409 243 1465 271 aut
1491 249 1713 282 conspersum.
1768 241 1850 275 ltein
1877 250 2037 285 sanctum,

94 288 186 331 quod
215 285 375 320 constat*
403 300 472 320 esse
501 289 669 321 sancitum.
722 288 859 321 Sancire
887 295 995 322 autem
1024 288 1107 322 est³⁵⁸
1133 292 1331 325 confirmare
1369 296 1402 323 et
1429 291 1630 335 irrogatione
1641 287 1666 307 ³⁹
1696 302 1826 335 poenae
1854 295 1895 327 ab
1923 296 2036 329 iniuria

95 339 296 380 defendere,
323 339 369 372 sic
382 336 406 355 ⁴⁰
433 346 464 371 et
492 339 585 383 leges
612 344 763 379 sanctae,
789 345 821 372 et
848 338 965 373 ιῐιιιτίΗ
993 339 1130 375 „ancti”
1158 355 1227 376 esse
1253 344 1419 376 dicuntur.

1051 399 1074 418 ⁴⁴
1103 402 1296 437 oratorium.
1349 398 1581 445 Propitiatio⁴⁵
1609 403 1694 436 enim
1722 404 1869 447 placatio
1899 412 1954 440 est.

1247 459 1279 486 et
1306 454 1439 486 oracula
1467 454 1509 487 ab
1538 464 1595 486 ore
1607 451 1638 486 Π.

259 400 292 432 3.
346 395 652 442 Propitiatorium⁴³
679 400 770 442 quasi
798 401 1039 444 propitiationis

197 450 343 485 oracula
370 451 457 483 dicta
485 462 544 490 eo,
572 451 664 493 quod
692 451 769 483 inde
797 464 952 496 responsa
980 454 1162 486 redduntur
1179 451 1214 492 w,

259 510 291 542 4.
346 511 531 543 l‘enetralia
558 517 683 544 secreta
707 516 780 544 sunt
807 513 1037 552 oraculorum,
1067 518 1098 546 et
1125 513 1309 558 penetralia
1337 512 1426 547 dicta
1452 509 1559 544 snnt‘ffl
1587 513 1628 544 ab
1657 525 1715 553 eo,
1746 515 1838 558 quod
1867 521 1914 549 est
1939 519 2034 561 peni-

94 566 162 601 tus,
191 560 258 594 linc
284 567 330 593 est
357 573 443 605 pene
469 563 563 594 intus.

195 611 385 645 Oratorium
414 614 552 645 orationi
584 619 710 645 tantum
743 626 775 645 cs
851 621 1096 656 consecratum,
1138 617 1169 648 in
1205 627 1271 659 qno
1306 627 1403 648 nemo
1432 615 1556 658 aliquid
1569 611 1592 630 ³⁰
1619 626 1721 660 agere
1748 617 1863 659 debet,
1906 619 1962 651 nisi
1991 620 2032 652 ad

92 664 185 707 quod
213 670 259 696 est
286 664 425 705 sactum,
454 666 541 697 unde
569 662 634 696 et³¹
663 676 783 697 nomen
811 667 949 710 accepit.

778 610 824 646 tw

256 724 289 757 ἴ).
344 724 584 758 Monasteriuin
614 725 707 757 unius
735 725 890 758 monachi
917 726 1076 759 habitatio
1105 723 1196 759 est⁵².
1259 726 1381 758 Monos
1417 726 1502 758 enim
1531 726 1622 770 apud
1650 727 1799 761 Graecos
1833 730 1940 770 solus,
1968 735 2031 762 ste-

92 775 173 808 rium
198 776 315 816 statio,
342 776 377 808 id
406 783 453 809 est
480 776 640 808 habitatio
667 776 811 809 solitarii.

256 835 289 868 6.
343 834 590 869 (Ἑοε>ιι()1)ἰιιιη·”3
617 842 649 868 et
661 833 684 852 ⁵¹
713 848 751 868 ex
779 836 912 868 Graeco
941 842 973 868 et
999 837 1118 869 Latino
1147 838 1277 870 videtur
1305 849 1375 870 esse
1412 836 1645 880 compositum.

91 887 203 919 culum
230 888 452 931 flurimorum
479 889 511 921 in
535 899 712 921 commune
736 887 930 920 viventium:
964 885 1086 923 κοινόν
1113 889 1199 921 enim
1228 890 1360 923 Graece
1388 899 1565 922 commune
1594 885 1759 922 dicitursffi.

1700 838 1758 870 Est
1786 838 1870 871 enini
1900 840 2031 872 habita-

256 956 287 989 7.
341 955 513 1001 Templi-'¹⁶
540 957 698 1001 generale
725 953 892 996 nonien5'7,
921 967 984 1000 pro
1013 957 1095 990 locis
1126 958 1211 990 enim
1235 959 1489 1001 quibuscunque
1518 958 1648 1001 magnis
1673 958 1797 1001 antiqui
1824 959 1952 1004 templa
1980 960 2032 992 di-

90 1007 219 1040 cebant.
278 1008 323 1040 Et
348 1010 473 1052 templa
504 1008 609 1047 dicta,
644 1009 736 1050 quasi
764 1013 852 1041 tecta
886 1005 1044 1051 amplaf'fl.
1115 1009 1183 1042 Sed
1219 1016 1250 1041 et
1279 1010 1372 1042 locus
1407 1010 1596 1055 designatus
1628 1010 1671 1041 ad
1708 1010 1867 1042 on'entem
1894 1023 1913 1043 a
1949 1021 2030 1043 con-

89 1059 307 1102 templatione
339 1061 502 1103 templum
537 1060 717 1094 dicebatur.
791 1059 891 1092 Cuius
935 1065 1045 1103 partes
1079 1067 1222 1103 quatuor
1257 1067 1370 1101 erant,
1425 1062 1532 1095 antica
1568 1060 1610 1092 ad
1650 1065 1776 1101 ortum,
1823 1062 1952 1105 postica
1987 1062 2030 1094 ad

89 1121 260 1149 occasum,
292 1111 417 1143 sinistra
445 1111 487 1143 ad
515 1111 792 1155 septentrionem,
832 1111 947 1143 dextra
975 1111 1017 1143 ad
1046 1112 1218 1144 meridiem
1230 1109 1254 1127 ³¹³⁹
1280 1118 1430 1156 spectans
1441 1110 1483 1153 ⁰⁰,
1534 1112 1621 1144 unde
1649 1118 1680 1143 et
1707 1112 1842 1155 quando
1869 1114 2030 1156 templum

88 1163 344 1201 construebant,
386 1163 544 1195 orientem
581 1161 776 1206 spectabant
814 1163 1107 1205 aequinoctialem,
1147 1164 1191 1195 ita
1219 1169 1254 1195 nt
1281 1164 1385 1197 lineae
1412 1165 1455 1197 ab
1484 1169 1558 1196 ortu
1594 1163 1635 1195 ad
1669 1164 1878 1196 occidentem
1913 1164 2030 1197 missae

87 1214 204 1245 tierent
230 1219 342 1257 partes
370 1214 454 1247 coeli
482 1214 596 1246 dextra
624 1211 848 1257 sinistraque⁶¹
878 1214 1051 1256 aequaleS,
1080 1220 1113 1246 ut
1140 1216 1196 1257 qui
1222 1216 1409 1248 consuleret
1436 1227 1475 1247 ac
1503 1216 1758 1258 deprecaretur,
1786 1220 1912 1249 rectum
1940 1217 2029 1260 aspi-

86 1269 178 1299 ceret
203 1265 371 1298 orientem.

252 1324 285 1356 8.
340 1324 432 1355 Fana
461 1323 550 1357 dicta
577 1336 594 1355 a
624 1324 761 1364 Faunis,
789 1324 907 1367 quibus
923 1324 1048 1367 templa
1075 1335 1165 1356 error
1192 1325 1365 1369 gentilium
1394 1324 1620 1364 construebat,
1648 1323 1734 1357 unde
1762 1335 1779 1356 e

86 1380 134 1408 tes
160 1375 361 1408 daemonum
388 1386 544 1418 responsa
571 1375 729 1409 audirent.

249 1433 282 1467 9.
337 1434 487 1467 Delubra
515 1440 641 1467 veteres
668 1435 823 1468 dicebant
845 1435 971 1478 templa
999 1433 1155 1466 habentia
1189 1435 1293 1467 sontes
1307 1432 1349 1475 ⁰³,

913 1482 1026 1529 Ipsa*js
1049 1492 1121 1518 sunt
1155 1484 1276 1520 nun&6
1303 1486 1402 1520 aedes
1430 1498 1505 1520 cum
1532 1486 1630 1518 sacris
1664 1486 1827 1529 fontibus,
1855 1486 1889 1517 in
1911 1486 2028 1529 quibus

86 1492 155 1525 tur,
189 1493 221 1517 et
247 1486 410 1529 appellari
421 1483 445 1502 ω
473 1486 613 1518 delubra
641 1498 660 1518 a
687 1485 857 1518 diluendo.

84 1537 202 1569 fideles
228 1538 413 1581 regenerati
441 1537 675 1580 purificantur,
712 1543 744 1569 et
779 1537 863 1570 bene
891 1536 1039 1580 quodam
1073 1538 1250 1582 praesagio
1287 1538 1427 1571 delubra
1454 1537 1626 1582 appellata
1652 1547 1711 1569 sun

84 1588 116 1620 in
143 1588 345 1621 ablutionem
372 1593 600 1632 peccatorum.

1782 1328 1793 1356 t
1803 1320 1829 1341 ⁶²
1855 1326 2028 1359 consulen-

1384 1435 1503 1478 quibus
1537 1440 1612 1466 ante
1642 1435 1825 1478 ingressum
1854 1435 2027 1467 dilueban—

1714 1533 1770 1570 t⁶⁷.
1832 1536 1915 1570 Sunt
1942 1539 2028 1570 enim

252 1647 306 1680 lo.
360 1648 450 1681 Fons
477 1654 587 1681 autem
598 1645 623 1665 ⁶⁹
649 1648 681 1680 in
709 1647 855 1680 delubris
878 1647 969 1680 locus
997 1654 1044 1681 est
1070 1653 1343 1692 regeneratorum
1354 1644 1399 1688 ⁶⁹,
1425 1648 1458 1680 in
1485 1658 1552 1691 quo
1580 1652 1710 1691 septem
1737 1647 1863 1692 gradus
1891 1649 1923 1679 in
1947 1647 2027 1692 Spi-

85 1699 163 1731 ritus
191 1700 293 1732 sancti
320 1701 474 1743 mysterio
490 1697 514 1715 ³⁰
548 1700 750 1738 formantur,
795 1705 858 1731 tres
885 1699 917 1731 in
944 1699 1103 1733 descensu
1133 1705 1165 1732 et
1191 1706 1256 1733 tres
1283 1701 1315 1732 in
1342 1711 1488 1733 ascensu.

84 1811 113 1838 2.
136 1824 178 1829 --
201 1808 246 1845 ⁴10)
270 1809 349 1835 sicut
374 1809 431 1837 Gu.
452 1812 476 1838 1.
500 1824 540 1829 —
566 1808 613 1846 41)
630 1810 712 1836 muri
734 1818 790 1846 pro
814 1818 908 1835 moras⁴
933 1809 987 1835 Gu.
1007 1812 1032 1839 1.

85 1850 134 1880 Ar.
157 1864 199 1871 -
222 1856 248 1876 et
271 1860 366 1878 morea=
388 1856 413 1877 et
436 1853 517 1877 mun
542 1851 572 1878 Z.
597 1867 638 1871 —
668 1849 716 1890 42)
734 1851 834 1877 sancti
858 1861 914 1878 oin.
940 1852 969 1878 Z.
992 1866 1033 1872 —·—

83 1890 131 1931 43)
153 1890 339 1920 Praecedunt
361 1893 450 1929 vulgo
473 1892 562 1922 haec:
588 1894 846 1931 Propitiatorium
873 1894 1032 1921 oraculum

85 1935 161 1961 inter
183 1932 244 1961 duo
271 1933 432 1962 Cherubin.
474 1936 516 1962 Et
539 1935 670 1971 dictum,
694 1945 769 1974 quae
793 1946 850 1964 om.
873 1936 903 1963 Z.
927 1936 983 1964 Gu.
1005 1938 1031 1966 1.

84 1979 114 2007 2.
138 1977 188 2004 Ar.
218 1992 259 1998 —
289 1978 335 2011 44)
354 1978 526 2015 propitium
554 1987 598 2016 pr.
628 1994 666 1999 —
709 1978 756 2017 45)
781 1979 899 2016 Proptc.
922 2000 929 2008 .
959 2000 965 2006 .
989 1983 1031 2005 est

84 2028 141 2047 om.
166 2019 220 2047 Gu.
238 2021 265 2049 2.
289 2035 330 2041 -
351 2021 399 2056 46)
422 2019 589 2048 reddantur
611 2020 666 2048 Gu.
681 2023 711 2052 2.
737 2031 784 2048 va.
808 2036 849 2041 —
877 2018 923 2059 47)
939 2022 1031 2059 quasi

84 2061 122 2089 ab
145 2071 193 2088 ore
216 2063 314 2091 Gu.2.
336 2070 382 2090 va.
408 2079 446 2083 —-
473 2065 519 2097 48)
535 2068 607 2089 sunt
629 2062 731 2091 addidi
746 2073 761 2091 e
778 2062 835 2091 Gu.
858 2066 883 2094 1.
899 2066 927 2095 2.
941 2063 1029 2090 al.—

82 2102 130 2141 49)
152 2109 193 2130 est
218 2114 274 2131 om.
299 2103 356 2131 Gu.
376 2105 406 2133 2.
427 2119 469 2125 —
491 2106 539 2141 50)
569 2105 617 2132 Sic
638 2105 668 2135 Z.
689 2106 744 2135 Gu.
765 2108 790 2137 1.
810 2105 859 2134 Ar.
876 2121 918 2126 —-
939 2104 1032 2133 aliud

83 2145 165 2183 vulg.
186 2161 227 2167 —
251 2144 303 2184 ’51)
323 2145 371 2173 Sic
393 2146 422 2173 Z.
447 2146 503 2174 Gu.
522 2149 550 2177 2.
571 2162 611 2168 -—-
635 2153 661 2174 et
686 2147 764 2175 unde
788 2153 814 2175 et
839 2158 944 2176 nomen
967 2159 1028 2177 ace.

84 2188 140 2216 Gu.
160 2191 186 2219 1.
214 2204 249 2208 —
277 2193 304 2215 et
333 2198 388 2217 om.
414 2188 495 2226 vulg.
531 2204 572 2209 —-
608 2188 656 2228 52)
677 2190 725 2218 Sic
747 2190 778 2218 Z.
807 2191 863 2220 Gu.
887 2194 913 2221 1.
936 2194 965 2222 2.
988 2206 1029 2212 -—

84 2229 170 2268 Vulg.
184 2230 265 2258 Mon.
279 2229 314 2257 id
326 2236 369 2258 est
389 2231 524 2258 solitarii
545 2230 708 2261 habitatio.
720 2248 753 2253 —
769 2232 861 2262 Codd.
879 2234 936 2262 Gu,
954 2236 979 2263 1.
999 2235 1027 2264 2.

81 2274 113 2304 3.
133 2283 178 2311 pr.
202 2282 249 2301 va.
273 2273 321 2301 Ar.
345 2272 460 2301 addunt
483 2271 574 2300 haec:
605 2274 714 2301 Alanos
737 2275 839 2310 (Meno
863 2276 918 2303 Gu.
939 2278 965 2307 1.
983 2274 1028 2311 2.)

83 2317 159 2342 enim
183 2314 268 2353 apud
299 2316 429 2343 Graecos
457 2316 594 2353 (Graece
619 2316 675 2343 Gu.
694 2317 745 2352 2.)
769 2317 870 2356 sola-9,
903 2321 1029 2345 stet-cum

85 2356 184 2395 (sterio
199 2359 228 2385 Z.
246 2359 303 2385 Gu.
322 2361 346 2388 1.
363 2359 392 2389 3.
416 2368 460 2396 pr.
477 2357 538 2397 va.)
565 2359 658 2386 statio
685 2358 850 2392 (habitatio
873 2361 920 2387 rel
936 2361 1028 2388 statio

1550 1699 1720 1743 Septimus
1746 1710 1826 1732 vero
1854 1695 1943 1732 hic⁷¹
1971 1705 2026 1732 est.

1077 1814 1137 1843 va.)
1163 1808 1296 1848 (dic-itur
1321 1809 1387 1838 add.
1405 1811 1469 1844 Ζ),
1495 1807 1530 1835 ill
1544 1814 1585 1835 ast
1605 1808 1758 1835 hahitatio
1782 1808 1917 1836 solitarii
1932 1804 2025 1846 (aoli-

1076 1853 1151 1879 turn⁴
1173 1852 1241 1881 Aah.
1266 1853 1296 1880 Z.
1321 1854 1376 1880 Gn.
1400 1854 1428 1883 2.
1453 1853 1480 1881 ὃ.
1505 1861 1550 1888 pr.
1575 1861 1622 1879 va.
1641 1849 1703 1889 Ar.)
1729 1867 1770 1871 —
1801 1848 1847 1888 53)
1870 1861 1936 1878 vero
1960 1849 2025 1878 add.

1076 1895 1106 1921 Z.
1131 1894 1187 1924 Gu.
1211 1897 1239 1925 2.
1263 1911 1302 1916 -
1334 1895 1377 1928 54)
1404 1900 1429 1921 et
1453 1892 1555 1921 addidi
1582 1903 1596 1921 e
1628 1892 1684 1921 Gu.
1707 1895 1732 1924 1.
1765 1909 1806 1913 —
1842 1893 1890 1930 55)
1920 1892 2025 1920 dicunt

1077 1936 1132 1964 Gu.
1149 1940 1176 1968 2.
1196 1953 1237 1958 --
1261 1936 1310 1975 56)
1334 1937 1452 1974 Templa
1475 1935 1530 1964 Gu.
1552 1937 1577 1964 1.
1598 1951 1640 1956 —
1664 1934 1710 1974 57)
1725 1935 1774 1962 Sic
1790 1935 1846 1963 Gu.
1861 1939 1888 1967 1.
1903 1950 1944 1956 —
1969 1946 2025 1963 ηο-

1074 1989 1141 2006 mm
1155 1990 1222 2017 gen.
1247 1979 1326 2017 vulg.
1357 1996 1395 2000 —
1432 1979 1477 2015 58)
1498 1977 1603 2015 ampla
1624 1982 1702 2005 tecta
1733 1978 1789 2007 Gn.
1814 1981 1842 2009 2.
1862 1993 1902 2000 ·-
1934 1977 1982 2017 59)
2006 1989 2024 2005 α

1073 2021 1199 2048 meridie
1223 2021 1279 2049 Gu.
1299 2025 1326 2052 2.
1355 2037 1396 2042 -—
1431 2022 1479 2056 60)
1500 2026 1661 2058 aspectans
1689 2020 1745 2048 Gu.
1770 2023 1794 2050 1.
1825 2036 1867 2042 —
1891 2030 1967 2057 exsp,
1993 2019 2022 2048 Z.

1074 2064 1129 2091 Gu.
1148 2065 1177 2093 2,
1202 2079 1241 2083 -
1277 2062 1323 2103 61)
1341 2063 1389 2091 Sic
1418 2063 1474 2091 Gu.
1492 2065 1520 2093 1.
1538 2073 1582 2091 va.
1606 2079 1647 2084 ——
1670 2062 1775 2090 dextra
1798 2068 1824 2090 et
1846 2064 1904 2091 sin.
1929 2063 1959 2090 Z.
1982 2079 2021 2083 ·—

1073 2105 1179 2133 dextra
1205 2111 1294 2144 atque
1316 2106 1372 2134 sin.
1398 2104 1446 2134 Ar.
1473 2122 1508 2126 —
1534 2104 1582 2144 62)
1605 2111 1632 2132 et
1657 2105 1760 2134 addidi
1784 2115 1799 2135 e
1821 2105 1852 2134 Z.
1877 2105 1930 2133 Gu.
1949 2107 1976 2135 1.
1993 2106 2019 2134 2.

1075 2164 1112 2169 -
1137 2147 1183 2187 63)
1207 2149 1256 2177 Sic
1279 2147 1334 2179 Gu,
1354 2151 1382 2179 1.
1405 2165 1445 2169 -
1465 2148 1550 2184 font.
1579 2148 1651 2177 hab.
1673 2148 1752 2185 vulg.
1776 2164 1817 2170 —
1851 2149 1898 2182 64)
1917 2146 2017 2184 appel-

1073 2191 1180 2219 [antur
1202 2190 1252 2219 Ar.
1274 2207 1315 2211 —
1338 2191 1387 2229 65)
1414 2190 1502 2228 Ipsae
1527 2190 1582 2218 Gu.
1604 2193 1634 2221 2.
1658 2209 1694 2214 —
1722 2189 1766 2227 66)
1794 2190 1842 2218 Sic
1868 2190 1922 2217 Gu.
1942 2192 1966 2218 1.
1988 2189 2015 2218 2·

1072 2243 1119 2261 va.
1148 2250 1189 2254 ——
1215 2244 1296 2260 nunc
1317 2239 1387 2261 sunt
1416 2233 1496 2270 vulg.
1529 2250 1564 2255 —-
1602 2235 1646 2268 67)
1674 2234 1721 2262 Sic
1753 2232 1810 2262 Gu.
1838 2235 1862 2262 1·
1888 2246 1920 2251 --
1947 2234 2015 2255 *mm

1073 2286 1142 2314 app.
1165 2276 1245 2313 vulg.
1272 2293 1305 2297 —
1333 2275 1381 2313 60¹)
1398 2277 1476 2303 enim
1495 2274 1525 2305 Ζ,
1556 2291 1598 2295 -
1625 2278 1669 2307 69)
1699 2276 1746 2304 Sic
1770 2276 1825 2302 Gu.
1847 2277 1870 2302 1.
1897 2287 1933 2291 --
1960 2270 2012 2296 loc.

1071 2328 1131 2356 reg.
1151 2324 1192 2346 est
1215 2319 1295 2355 iulg.
1318 2334 1361 2340 —
1382 2320 1429 2356 70)
1450 2318 1620 2345 ministerio
1645 2318 1700 2349 Gu.
1722 2322 1746 2348 1.
1769 2317 1804 2344 al.
1830 2328 1870 2335 —-
1894 2311 1941 2351 71)
1966 2312 2012 2340 Sic

1073 2360 1129 2388 Gu.
1151 2363 1177 2391 1.
1208 2377 1244 2382 -
1271 2362 1299 2388 is
1320 2361 1402 2399 vulg.
1427 2376 1467 2382 —-
1495 2359 1574 2387 idem
1597 2370 1641 2388 va.

1463 2403 1495 2436 O
1515 2415 1535 2435 o
1551 2415 1571 2435 o
1596 2406 1613 2425 *
