2255 2819
187 112 262 147 464

189 205 311 240 Exodo
333 201 526 236 scribuntur.

190 257 474 302 nuncupaverunt.

355 305 414 339 33.

189 365 301 405 pretes
323 358 533 390 arbitrantur.

190 410 359 446 Ezechiel.

353 457 410 490 34.

190 621 259 648 stea
282 625 377 646 versa
403 612 435 644 in
457 607 704 643 Alexandriam.

356 663 415 697 35.

191 767 371 803 Thebaida
385 763 408 784 ¹³
444 766 532 798 dicta
569 768 626 796 est.

193 820 347 855 conditae
360 815 391 849 ¹⁶.

360 868 418 901 36.

194 924 335 957 suerunt.

892 100 1070 134 ISIDORI
1098 99 1277 134 fflSPAL.
1306 100 1451 135 EPISC.

581 197 678 230 Hanc
705 193 924 227 construxisse
948 193 1169 238 perhibentur
1192 195 1349 237 Titanes,
1380 194 1414 226 id
1453 198 1501 228 est
1535 194 1709 239 gigantes,
1747 200 1780 228 et
1818 206 1858 228 ex
1893 205 1951 228 suo
1985 192 2139 228 nomine¹

468 297 658 341 Heliopolis
686 292 788 329 urbs²
816 296 983 341 Aegypti,
1019 308 1105 340 quae
1131 297 1250 330 Latine
1278 297 1512 339 interpretatur
1539 297 1617 329 solis
1644 297 1774 337 civitas,
1808 298 1891 332 sicut
1917 297 2011 330 Lxx
2038 298 2142 330 inter-

588 348 776 381 Aedificata
804 345 876 380 est³
903 361 921 380 a
949 348 1022 380 tiliis
1051 349 1163 391 lsrael,
1191 350 1224 381 in
1255 360 1321 391 qua
1348 345 1559 391 Petephres⁴
1587 348 1742 382 sacerdos
1768 349 1848 391 fuit,
1876 349 1966 383 cuius
1993 350 2143 382 meminit

466 454 597 488 Urbem
625 447 886 484 Alexandrian-⁵
914 451 1064 485 condidit
1093 450 1282 484 Alexander
1311 450 1469 495 Magnus,
1497 451 1587 484 cuius
1621 456 1653 483 et
1690 463 1810 484 nomen
1844 452 1963 484 retinet
1978 449 1998 484 Β.
2044 451 2143 485 Hanc

192 508 304 546 enin1⁷
331 509 421 542 idem
448 507 480 539 in
507 503 652 538 terminis
675 503 825 548 Aegypti
854 504 1031 543 constituit,
1054 509 1086 536 et
1114 508 1216 547 caput
1249 514 1317 534 esse
1345 502 1494 547 Aegypti
1521 503 1665 547 regionis
1698 503 1786 536 iussit
1800 501 1821 534 Β.

191 571 257 596 tem
285 562 369 594 inter
393 561 589 603 Aegyptum
613 561 645 588 et
673 566 775 596 mare,
803 556 896 599 q‘uasi
925 555 1121 596 claustrum,
1149 555 1366 599 importuosa.

1876 503 2051 537 interiacet
2082 514 2143 536 au-

1419 554 1517 587 Haec
1544 551 1619 586 est⁹
1646 555 1723 587 urbs
1754 555 1903 600 Aegypti
1914 551 1947 596 ¹⁰,
1975 555 2051 588 Noo
2078 565 2143 599 po-

469 660 610 694 Thebas
639 658 825 703 Aegyptias
852 658 1002 691 condidit
1030 657 1193 697 Cadmus,
1227 668 1313 700 quae
1342 657 1425 689 inter
1453 657 1639 701 Aegyptias
1673 657 1770 690 urbes
1804 668 1942 690 numero
1971 662 2145 701 portarum

191 717 371 751 nobiliores
405 715 587 752 habentur,
627 711 671 743 ad
698 721 779 752 quas
815 709 857 742 ad
893 710 1094 743 commercia
1121 709 1248 742 Arabes
1284 708 1429 752 undique
1463 705 1651 741 subeunt¹¹.

1705 709 1793 743 Hinc
1832 710 1927 754 regio
1959 709 2108 754 Aegypti
2122 704 2146 724 ¹²

680 762 824 795 Thebae
854 766 963 794 autem
999 759 1069 795 et¹¹
1102 761 1264 794 Boeotiae
1300 766 1376 793 sunt
1390 757 1411 777 ¹⁵³
1448 766 1479 793 et
1508 761 1716 805 Aegyptiae,
1756 771 1823 793 uno
1865 767 1976 794 tamen
2009 765 2145 794 auctore

473 865 652 900 Ptolemais
689 870 721 897 et
756 865 916 898 Berenice
932 860 955 879 ¹⁷
991 876 1008 896 a
1043 864 1178 909 regibus
1212 864 1387 908 Aegyptiis
1422 864 1629 905 nominatae,
1671 875 1689 896 a
1725 863 1845 907 quibus
1883 869 1914 897 et
1950 863 2146 896 aedificatae

364 969 422 1003 37.
477 966 714 1003 Caesar-eamn*
738 965 1015 1012 Cappadociaeffi
1043 966 1223 1011 Philippus
1250 967 1282 998 in
1309 966 1472 999 honorem
1501 966 1648 1000 Caesaris
1675 966 1873 1000 aedificavit.

361 1021 422 1054 38.
475 1021 618 1054 Tarsum
647 1021 781 1054 Ciliciae
810 1021 939 1052 Danaes·
952 1016 977 1036 ²⁰
1005 1019 1117 1063 proles
1140 1019 1279 1051 Perseus
1315 1019 1517 1057 aedificavit,
1553 1018 1596 1050 de
1629 1029 1695 1060 qua
1730 1018 1861 1051 civitate
1895 1017 1956 1050 fuit
1969 1013 1993 1033 ²¹
2026 1015 2148 1048 Paulus

197 1074 391 1120 Apostolus,
419 1072 535 1105 Natus
562 1074 667 1116 inquit
681 1070 715 1112 ²²,
743 1069 813 1104 ἱιι23
840 1071 952 1103 Tarso
979 1071 1133 1103 Ciliciae.

1189 1070 1337 1111 Quidam
1365 1071 1462 1103 etiam
1490 1071 1581 1104 locus
1609 1069 1723 1102 indiae
1751 1070 1874 1102 Tarsus
1888 1067 1913 1087 ²⁴
1940 1074 2088 1101 vocatur.

300 1125 490 1158 Seleuciam
520 1125 664 1156 Isauriae
693 1123 843 1156 condidit
870 1123 1042 1161 Seleucus,
1071 1123 1126 1163 qui
1157 1127 1188 1152 et
1215 1121 1436 1155 Antiochiam.

300 1177 366 1209 llus
395 1181 507 1208 autem
537 1176 703 1220 Apollinis
732 1175 817 1206 lilius
844 1175 875 1205 in
903 1173 1053 1217 Phrygia
1081 1173 1177 1204 llium
1201 1172 1359 1206 condidit.

361 1226 420 1259 39.
475 1229 664 1259 Amazones
687 1226 862 1270 Ephesum
891 1225 922 1256 in
952 1226 1028 1256 Asia
1056 1230 1314 1257 construxerunt.

299 1279 453 1311 Theseus
477 1289 556 1309 vero
584 1279 749 1310 Smirnam
785 1277 983 1315 construxit,
1018 1288 1104 1319 quae
1132 1276 1283 1308 Homero
1322 1279 1445 1319 poetae
1479 1273 1586 1318 patria
1621 1273 1741 1313 extitit,
1770 1279 1802 1305 et
1829 1277 1946 1306 vocata
1974 1267 2139 1304 Smirna²⁵

198 1331 289 1376 quod
316 1331 384 1364 eius
408 1341 548 1374 campos
576 1331 696 1362 len-mus
724 1329 841 1361 fluxius
873 1334 971 1360 secat.

364 1382 423 1415 ⁴0.

201 1497 344 1531 σκουροι
370 1485 593 1528 appellantur.

365 1535 424 1568 41.

477 1377 721 1414 l)ioscoriam'·’fi
750 1379 956 1413 Colchorum
986 1379 1102 1410 urbem
1132 1377 1322 1422 Amphytus·
1338 1374 1362 1393 ²⁷
1391 1381 1422 1409 et.
1448 1375 1602 1407 Tilchius
1619 1371 1644 1391 ²3

201 1434 283 1467 lucis
310 1433 565 1473 fabricaverunt,
593 1445 632 1466 ex
661 1443 775 1465 eorum
809 1432 942 1464 nomine
978 1442 1049 1463 eam
1085 1431 1369 1475 cognominantes.

2141 1294 2151 1309 9

1676 1375 1813 1418 aurigae
1841 1373 1985 1406 Castoris
2012 1378 2043 1405 et
2070 1372 2152 1404 Pol-

1424 1428 1510 1460 Nam
1533 1427 1650 1460 Castor
1687 1432 1717 1460 et
1746 1425 1866 1458 Pollux
1895 1425 2026 1458 Graece
2055 1420 2150 1458 Διό-

478 1535 677 1568 Nicomedia
704 1547 722 1567 a
750 1534 938 1567 Nicomedo
966 1544 1048 1577 rege
1077 1532 1256 1576 Bithyniae
1284 1531 1460 1564 aedificata
1488 1536 1544 1561 est.

303 1587 463 1631 Bithynia
491 1588 624 1621 condita
652 1598 670 1618 a
698 1586 880 1623 Phoenice,
909 1597 994 1628 qnae
1024 1584 1166 1627 primum
1196 1583 1417 1625 Mariandyna

1432 1579 1456 1598 ²¹³
1484 1581 1675 1614 vocabatur.

366 1638 426 1673 42.
480 1639 805 1682 Constantinopolim
832 1639 949 1671 urbem
976 1636 1146 1670 Thraciae
1158 1633 1183 1653 ³⁰
1212 1635 1442 1670 Constantinus
1464 1644 1504 1666 ex
1524 1632 1657 1665 nomine
1680 1641 1739 1664 suo
1765 1629 1921 1671 instituit,
1949 1628 2053 1660 solam
2082 1626 2152 1659 Ro-

292 1724 319 1759 l)
342 1733 419 1751 nom.
442 1734 497 1751 Silo
522 1725 555 1753 Z.
578 1739 619 1745 —-
648 1726 675 1755 2)
700 1722 773 1750 urbs
796 1732 852 1750 oni.
877 1722 907 1750 Z.
930 1737 971 1742 ——-
1001 1722 1029 1755 3)
1055 1726 1157 1748 <altem

207 1764 275 1792 add.
301 1766 399 1802 vulg.‚
430 1766 511 1803 quod
547 1777 603 1794 om.
637 1766 694 1794 Gu.
721 1768 745 1796 l.
777 1781 817 1786 —
861 1765 889 1802 4)
922 1765 970 1791 Sic
1003 1765 1088 1791 Arev.
1122 1773 1158 1792 ex

206 1807 325 1836 Hieron.
358 1808 386 1835 in
412 1808 478 1836 libr.
507 1808 543 1836 de
571 1808 646 1836 locis
678 1808 767 1836 llebr.
794 1825 836 1829 —
865 1806 1047 1842 I’lzzaelisltmzs·
1078 1806 1158 1843 vulg.

206 1865 247 1870 —
279 1849 374 1876 Locus
411 1850 499 1879 LXX.
536 1851 659 1889 interpr.
692 1856 735 1879 est
772 1849 865 1878 Exod.
901 1852 926 1880 1.
962 1846 1160 1889 ᾠκοδόμησαν

207 1889 307 1926 πόλεις
336 1889 444 1929 ὀχνρᾱς
479 1895 519 1933 τῷ
553 1895 677 1934 Φαραῷ,
716 1890 771 1930 τήν
809 1904 838 1922 τε
871 1894 977 1921 Πειθώ
1012 1892 1061 1922 καὶ
1093 1893 1161 1920 Φα-

208 1936 283 1972 μεσῆ
316 1933 366 1962 καὶ
388 1933 465 1970 ’‘5312,
502 1933 521 1972 ἠ’
552 1935 629 1965 ἐστιν
663 1934 751 1974 ἡλίου
781 1934 876 1970 πόλις.
928 1935 985 1962 Sed
1019 1944 1068 1961 vv.
1110 1933 1161 1963 καὶ

205 1975 281 2011 ’Ών,
311 1973 331 2013 ἦ
365 1975 442 2005 ἐστιν
474 1976 561 2013 ’ἡλίου
592 1976 677 2012 πόλις
711 1988 806 2015 neque
838 1978 866 2005 in
897 1976 1066 2010 Hebraicis,
1103 1986 1160 2004 ne-

209 2029 268 2057 que
297 2019 325 2046 in
352 2018 435 2055 Vulg.
469 2019 589 2048 B1bli0r.
621 2021 817 2058 reperiuntur.
840 2037 881 2042 —
922 2023 951 2057 5)
971 2020 1019 2047 Sic
1050 2020 1081 2047 l.
1105 2020 1162 2046 Gu.

211 2065 238 2091 1.
263 2064 290 2092 2.
314 2070 358 2099 pr.
385 2061 433 2088 ΑΓ.
456 2077 495 2081 -
519 2062 762 2090 sllexctntlrinam
785 2063 867 2100 vulg.
890 2079 931 2084 -—·
961 2064 990 2098 6)
1018 2062 1065 2089 Sic
1089 2062 1163 2090 scri-

211 2101 258 2142 psi
281 2113 297 2130 o
326 2103 452 2131 coniect.
476 2103 578 2139 Arev.‚
607 2105 675 2132 libri
704 2115 802 2133 omnes
826 2110 854 2133 et
879 2105 965 2133 Arev.
987 2104 1051 2142 ipse
1085 2103 1163 2131 ‹lal-

212 2150 268 2172 net.
292 2159 334 2165 —
363 2147 394 2181 7)
419 2147 496 2173 mim
529 2157 587 2174 0111.
620 2147 649 2173 Z.
680 2163 720 2167 —
759 2150 789 2185 8)
816 2148 864 2175 Sic
886 2148 942 2175 Gu.
962 2150 986 2176 1.
1010 2162 1051 2168 —
1076 2146 1162 2183 Vulg.

215 2189 246 2215 ιζη
278 2192 360 2215 term.
391 2189 521 2224 regionis
544 2188 672 2224 Asida&
702 2194 729 2215 ct
756 2191 889 2228 Aegipti
920 2194 1011 2217 const.
1042 2194 1068 2215 et
1098 2200 1163 2226 cap.

215 2240 275 2257 esse
303 2239 364 2267 reg.
393 2229 470 2267 Aeg.
507 2232 606 2258 iussit.
636 2246 675 2251 --
706 2231 761 2259 Gn.
789 2235 819 2262 2.
855 2234 888 2259 in
919 2238 1002 2259 term.
1033 2232 1165 2269 Aegxpli

216 2277 308 2300 const.
340 2276 365 2298 et
395 2282 462 2309 cap.
491 2282 550 2298 esse
580 2281 638 2308 reg.
662 2272 738 2309 Arg.
763 2274 839 2302 iuss.
863 2292 901 2296 -—
929 2274 961 2311 9)
985 2278 1026 2300 est
1050 2284 1108 2302 om.
1134 2274 1165 2303 Z.

217 2331 257 2338 —-
291 2316 334 2348 10)
360 2312 409 2341 Sic
432 2314 480 2342 Ar.
508 2330 548 2334 —
579 2314 799 2351 Aegyptaeoram
823 2316 878 2346 Gu.
903 2319 930 2347 1.
958 2332 994 2337 -
1024 2316 1166 2354 Argipli,

214 2362 320 2395 postea
343 2360 398 2384 etc.
422 2356 503 2393 vulg.
525 2371 567 2377 —
603 2359 647 2390 11)
671 2355 720 2383 Sic
743 2354 800 2383 Gu.
823 2358 849 2384 1.
872 2361 901 2387 2.
931 2375 965 2379 -—
990 2348 1167 2385 commi-tria

220 2416 257 2423 *-
282 2398 448 2426 subvehunt
480 2398 562 2436 vulg.
597 2414 638 2419 —
675 2400 721 2432 12)
744 2397 877 2435 Aegypti
900 2408 944 2428 va.
975 2414 1017 2421 —
1054 2403 1097 2433 13)
1119 2401 1165 2428 Sic

1201 1722 1231 1749 Z.
1256 1721 1312 1748 Gu.
1336 1723 1361 1751 1.
1383 1721 1413 1750 2.
1443 1718 1479 1745 al.
1512 1727 1559 1756 pr.
1587 1726 1633 1745 va.
1665 1732 1706 1737 —
1740 1715 1866 1743 Thebais
1895 1712 1974 1750 vulg.
1997 1728 2039 1734 —
2079 1711 2153 1739 lee-

1202 1765 1290 1791 lum-a
1313 1762 1350 1791 al.
1374 1777 1415 1783 —
1438 1759 1562 1788 Videtur
1585 1764 1618 1787 ut
1647 1757 1772 1786 cassida
1795 1768 1811 1786 a
1836 1757 1951 1793 cassis,
1975 1753 2037 1782 ldis
2060 1753 2153 1782 altera

1202 1807 1297 1835 forma
1327 1815 1382 1843 pro
1407 1804 1518 1837 cas-vis,
1547 1804 1573 1829 is
1596 1802 1750 1830 formasse.
1780 1817 1821 1822 ——
1858 1797 1904 1838 14)
1927 1803 1953 1826 et
1976 1807 2033 1826 om.
2057 1797 2090 1826 Z.
2115 1812 2151 1818 —

1205 1848 1250 1889 15)
1275 1848 1374 1876 (lictae
1403 1852 1473 1874 sant
1505 1846 1535 1873 Ζ.
1566 1863 1603 1867 —
1638 1843 1683 1884 16)
1706 1843 1791 1881 Vulg.
1814 1847 1885 1870 sunt
1918 1839 2072 1875 conditae,
2103 1838 2154 1867 sed

1204 1897 1274 1920 sunt
1298 1901 1354 1918 om.
1377 1890 1408 1917 Z.
1431 1890 1487 1916 Gu.
1511 1890 1537 1918 1.
1556 1889 1585 1917 2.
1609 1886 1696 1915 Arev.
1720 1903 1760 1909 -—
1793 1888 1837 1922 17)
1860 1884 2021 1913 Bcrenicia
2045 1882 2101 1910 Gu.
2125 1884 2154 1912 2.

1205 1952 1246 1957 ——-
1279 1935 1324 1970 13)
1351 1934 1499 1961 (fumat-ea
1528 1930 1559 1958 Z.
1592 1930 1649 1958 Gn.
1671 1931 1699 1960 2.
1729 1945 1770 1950 —
1799 1928 1946 1956 Caesar-ia
1976 1925 2032 1953 Gu.
2057 1928 2085 1955 1.
2114 1939 2155 1945 —

1207 1976 1251 2015 19)
1270 1977 1358 2013 Vulg.
1383 1978 1550 2012 sequuntur
1572 1971 1659 2000 haec:
1683 1971 1851 2009 Philippus
1872 1972 1905 1998 in
1927 1969 2066 1996 honorem
2083 1965 2155 1994 Cae-

1206 2021 1287 2047 saris·
1311 2017 1494 2055 aetlslicam't,
1517 2025 1592 2053 quae
1616 2025 1672 2043 om.
1705 2015 1736 2043 Z.
1762 2016 1816 2042 Gu.
1838 2016 1863 2044 1.
1887 2015 1914 2043 2.
1939 2011 1989 2039 Ar.
2012 2019 2056 2037 va.
2084 2008 2155 2048 (sta-

1208 2063 1259 2091 tim
1281 2061 1316 2089 ab
1341 2060 1424 2088 initio
1450 2059 1534 2087 Caes.
1561 2056 1674 2097 Calyp.)
1699 2073 1738 2078 --
1765 2057 1817 2091 20)
1842 2055 1967 2083 Danais
1989 2053 2020 2080 Z.
2045 2052 2102 2080 Gu.
2128 2053 2156 2081 l.

1207 2121 1249 2126 -—
1278 2104 1410 2131 lecmais
1432 2102 1489 2129 Gu.
1513 2104 1543 2131 ⁴2.
1563 2116 1604 2121 ——
1626 2101 1672 2139 21)
1694 2098 1761 2139 ficit
1784 2098 1886 2127 addidi
1908 2106 1923 2125 e
1943 2097 1974 2124 Z.
1999 2095 2055 2123 Gu.
2077 2096 2102 2125 1.
2127 2095 2155 2124 2.

1207 2158 1252 2186 pr,
1277 2147 1324 2174 Ar.
1348 2162 1388 2165 —
1417 2144 1463 2181 22)
1487 2144 1587 2181 lnquit
1611 2153 1667 2170 om.
1689 2143 1719 2170 Z.
1745 2158 1784 2163 —
1807 2144 1852 2175 23)
1876 2141 1908 2167 in
1931 2137 2035 2167 addidi
2062 2146 2076 2164 e
2100 2135 2156 2163 Gu.

1210 2194 1236 2221 1.
1281 2189 1375 2215 [iocus
1403 2192 1446 2214 est
1474 2187 1538 2215 Act.
1566 2186 1668 2223 Apost.
1698 2186 1749 2219 22,
1772 2187 1801 2215 3.
1830 2200 1867 2205 —-
1906 2184 1950 2216 24)
1983 2180 2084 2208 Tarsis
2105 2177 2155 2204 Ar.

1208 2247 1249 2254 —-
1270 2234 1315 2261 25)
1339 2229 1387 2257 Sic
1411 2230 1467 2257 Gu.
1494 2232 1520 2259 1.
1536 2232 1563 2260 2.
1587 2227 1759 2265 (vocatur).
1782 2242 1823 2249 —-
1845 2225 1933 2262 Vulg.
1957 2225 2017 2251 Sm.
2040 2230 2156 2248 voc.—

1207 2272 1256 2311 26)
1280 2274 1475 2300 Dio-scoriam
1500 2295 1505 2301 ,
1525 2294 1531 2301 .
1547 2291 1554 2300 .
1577 2269 1759 2298 Mzirandiwz
1788 2268 1837 2298 vel
1860 2263 2066 2299 lllariandrna
2099 2272 2155 2289 0111.

1208 2315 1274 2344 cod.
1299 2315 1404 2343 Zittav.
1430 2331 1467 2336 —
1484 2316 1529 2351 27)
1553 2313 1742 2351 Ampltiattcs
1773 2322 1819 2339 va.
1853 2328 1890 2332 —
1929 2306 1974 2346 23)
1997 2305 2044 2333 Sic
2069 2304 2154 2350 Arev-

1209 2369 1225 2387 e
1259 2358 1332 2387 Plin.
1355 2357 1401 2390 Vl,
1425 2358 1451 2389 5.
1481 2373 1513 2377 -
1548 2354 1667 2384 Circius
1696 2355 1790 2391 vulg..
1818 2351 1899 2390 quod
1923 2348 2015 2378 Grial.
2043 2357 2058 2375 e
2078 2354 2155 2373 scri-
