2264 2830
783 95 1029 132 ORlGlNUM
1060 101 1204 136 LIBER
1234 104 1325 139 Vlll.
1955 114 2030 150 279

249 188 307 222 83.
363 190 507 224 villosus
535 195 600 230 est,
627 190 704 233 quia
733 191 832 223 tellus
859 194 1039 226 convestita
1064 201 1112 228 est
1141 201 1173 229 et
1197 198 1322 242 agitata
1349 201 1450 233 ventis
1461 196 1493 233 ⁸².
1556 201 1636 235 Pars
1667 203 1735 236 eius
1759 204 1895 238 inferior
1925 207 2026 242 foeda

83 247 148 283 est,
176 247 316 286 propter
343 243 478 276 arbores
505 248 537 275 et
561 242 645 274 seras
673 246 706 274 et
732 243 890 286 pecudes.
944 244 1105 290 Caprinas
1133 251 1273 293 ungulas
1301 251 1414 293 habet,
1444 258 1477 285 ut
1503 253 1704 288 soliditatem
1732 259 1839 289 terrae
1866 260 2027 303 ostendat,

81 305 183 336 quem
212 293 327 325 volunt
355 305 463 327 rerum
492 298 524 325 et
551 294 650 326 totius
677 299 812 327 naturae
840 295 958 338 deum,
987 298 1074 331 unde
1088 296 1113 315 ³⁷¹
1139 301 1210 333 l’an
1237 304 1329 345 quasi
1358 305 1469 336 omnia
1497 305 1620 339 dicunt.

248 344 306 377 ⁸⁴.
362 345 418 377 isis
444 345 557 389 lingua
585 346 832 390 Aegyptiorum
865 353 951 380 terra
981 351 1189 395 appellatur,
1237 366 1339 397 quam
1370 355 1434 387 Isin
1469 357 1584 390 volunt
1618 370 1697 393 esse.
1773 358 1850 392 Fuit
1883 358 2029 395 autem³⁸

82 396 140 430 Isis
168 396 284 440 regina
317 397 561 441 Aegyptiorum
586 397 703 430 lnaclri
737 399 825 443 regis
852 400 938 443 lilia,
976 413 1062 445 quae
1096 403 1139 436 de
1167 404 1312 440 Graecia
1348 408 1480 440 veniens
1514 410 1701 454 Aegyptios
1728 409 1844 444 docuit
1876 409 2029 455 literas³⁷,

83 454 115 481 et
142 455 244 482 terras
271 448 382 481 colere
409 448 561 490 instituit,
596 454 736 494 propter
762 451 854 493 quod
883 456 914 484 et
940 456 1062 487 terram
1087 455 1155 487 eius
1181 458 1315 491 nomine
1343 459 1606 502 appellaverunt.

244 498 304 531 85.
358 499 491 543 Serapis
519 501 666 534 omnium
693 503 940 547 Aegyptiorum
968 506 1127 540 maximus
1139 504 1163 522 ³⁸
1189 508 1290 542 Deus.
1344 510 1420 555 lpse
1449 516 1497 543 est
1522 512 1607 556 Apis
1635 524 1691 545 rex
1725 513 1945 560 Argivorum,
1973 514 2029 559 qui

82 551 217 583 navibus
240 556 441 583 transvectus
469 552 501 584 in
527 553 742 597 Aegyptum,
772 566 847 587 cum
869 556 993 589 ibidem
1022 564 1169 591 mortuus
1198 560 1330 603 fuisset,
1365 562 1500 607 Serapis
1532 563 1723 607 appellatus
1750 571 1813 607 est,
1848 572 2030 611 propterea

80 604 158 646 quia
186 613 282 646 arca,
310 602 342 634 in
369 614 435 646 qua
464 609 611 636 mortuus
639 606 790 650 ponitur,
819 619 918 650 quam
946 609 1208 656 Sarcophagum
1245 618 1384 654 vocant,
1418 611 1523 661 σορός
1550 615 1670 647 dicitur
1697 615 1829 650 Graece
1840 614 1883 660 ³⁹,
1926 624 1958 650 et
1984 618 2028 652 ibi

80 650 192 687 «ηιιῃθ0
225 654 371 686 venerari
406 655 573 699 sepultum
609 663 809 701 coeperunt,
852 660 1047 704 priusquam
1084 668 1167 695 esset
1200 665 1365 709 templum
1401 666 1469 698 eius
1506 666 1698 699 instructum
1711 663 1752 708 ¹¹¹,
1790 669 1880 701 velut
1914 666 2027 717 σορός.

79 700 187 739 Sed⁴²
213 701 331 749 Apis⁴³
357 705 496 751 Sorapis
524 708 655 752 primo,
684 709 806 742 deinde
834 722 898 743 una
909 708 933 727 ⁴¹
960 713 1053 746 litera
1088 721 1292 748 commutata
1319 716 1455 761 Serapis
1481 717 1588 752 dictus
1616 723 1673 750 est.

244 755 303 791 86.
359 759 442 802 Apis
472 759 532 791 suit
559 760 651 803 apud
680 762 869 806 Aegyptios
898 768 1009 796 taurus
1047 766 1166 810 Serapi
1199 773 1427 811 consecratus,
1462 774 1495 802 et
1529 770 1571 803 ab
1607 780 1648 802 eo
1682 770 1727 802 ita
1762 771 2029 815 cognominatus,

77 819 177 851 quem
206 808 383 853 Aegyptus
396 806 419 825 ⁴²³
447 810 546 843 instar
559 808 583 827 ⁴⁰
611 813 749 844 numinis
776 814 928 855 colebat,
964 827 1004 848 eo
1040 818 1132 860 quod
1168 818 1211 851 de
1244 820 1361 853 suturis
1389 820 1483 853 daret
1515 821 1682 865 quaedam
1718 822 1890 855 manifesta
1925 823 2029 867 signa.

77 859 276 904 Apparebat
304 860 390 893 enim
415 861 447 893 in
474 861 649 906 Memphis
661 860 694 898 ⁴⁷.
749 864 858 905 Quem
887 871 1020 900 centum
1049 869 1206 902 antistites
1233 873 1522 915 prosequebantur
1550 878 1581 905 et
1597 878 1736 917 repente
1763 874 1854 907 velut
1868 873 2029 918 lympha—

76 911 134 945 tici
159 911 396 956 praecinebant
410 909 443 945 ⁴⁸.
498 913 607 948 Huius
635 912 785 960 capitis⁴⁰
812 917 994 962 imaginem
1021 920 1082 953 sibi
1108 921 1140 953 in
1168 922 1308 956 heremo
1335 921 1487 957 Ιιιᾱεκςί50
1517 925 1677 958 fecerunt.

243 962 302 996 87.
357 964 464 997 Fauni
496 977 515 997 a
544 966 665 1008 fando,
696 963 770 1002 α’πδ
797 968 859 1015 τῆς
887 971 1004 1018 φωνῆς
1016 967 1039 987 ⁵¹
1069 972 1164 1015 dicti,
1192 975 1285 1017 quod
1314 986 1415 1015 voce,
1443 987 1509 1008 non
1532 977 1635 1021 signis
1670 976 1846 1009 ostendere
1875 976 2029 1010 videren-

76 1019 129 1046 tur
156 1014 265 1046 sutura
277 1011 311 1046 ⁵².
373 1016 411 1048 ln
439 1017 519 1049 lucis
548 1018 633 1050 enirn
666 1020 921 1054 consulebantur
948 1034 967 1054 a
995 1025 1154 1069 paganis,
1199 1030 1230 1058 et
1256 1038 1417 1072 responsa
1449 1028 1514 1060 illis
1545 1040 1610 1061 non
1647 1028 1766 1074 signiS,
1807 1028 1865 1061 sed
1893 1029 2030 1062 vocibus

76 1065 200 1098 dabant
210 1063 244 1098 ⁵³.

239 1117 298 1150 88.
354 1118 497 1152 Genium
526 1125 635 1153 autem
647 1117 671 1138 ⁵*
699 1121 830 1163 dicunt,
858 1125 951 1168 quod
979 1127 1072 1169 quasi
1100 1128 1165 1160 vim
1194 1127 1299 1162 habet
1311 1126 1336 1147 ⁵⁵
1360 1131 1508 1164 omnium
1538 1143 1649 1165 rerum
1677 1130 1944 1176 gignendarum,
1971 1141 2028 1162 seu

76 1181 94 1200 a
121 1169 300 1213 gignendis
328 1169 458 1213 liberis,
504 1172 593 1205 unde
628 1177 661 1206 et
686 1175 835 1218 geniales
847 1172 871 1192 ⁵⁶
905 1177 982 1210 lecti
1016 1178 1212 1213 dicebantur
1244 1193 1263 1213 a
1291 1183 1447 1226 gentibus
1459 1180 1501 1224 ⁵⁷,
1543 1184 1600 1226 qui
1629 1194 1718 1216 novo
1750 1183 1868 1216 marito
1903 1187 2029 1215 sterne-

75 1220 202 1254 bantur.

240 1270 301 1304 89.
354 1272 452 1306 Haec
479 1278 511 1306 et
540 1274 603 1306 alia
630 1279 703 1306 sunt
729 1276 902 1319 gentilium
929 1278 1092 1322 figmenta
1132 1278 1339 1323 fabulosa⁵⁸‚
1375 1293 1462 1325 quae
1496 1283 1710 1327 interpretata
1742 1285 1789 1318 sic
1816 1283 1982 1316 habentur
1993 1279 2029 1325 ⁵⁹,

75 1328 109 1354 ut
130 1334 168 1354 ea
196 1333 261 1354 non
289 1323 458 1357 intellecta
485 1324 720 1357 damnabiliter
747 1332 857 1359 tamen
885 1328 1034 1362 adorent.

240 1373 299 1406 90.
353 1374 473 1408 Fatum
501 1381 610 1409 autem
639 1377 754 1411 dicunt
782 1390 871 1420 esse,
900 1381 1058 1424 quicquid
1089 1382 1135 1414 dii
1159 1383 1285 1425 fantur,
1313 1383 1474 1428 quicquid
1501 1385 1627 1430 Iupiter
1642 1386 1740 1422 fatur.
1794 1385 2028 1430 Asandoigi-

73 1430 125 1457 tur
152 1424 256 1457 satum
282 1425 413 1467 dicunt,
440 1427 473 1458 id
503 1433 552 1460 est
579 1440 597 1460 a
624 1428 806 1472 loquendo.
862 1432 964 1472 Quod
992 1434 1051 1465 nisi
1078 1433 1147 1466 hoc
1175 1446 1296 1467 nomen
1323 1436 1389 1467 iam
1417 1436 1448 1467 in
1477 1437 1541 1468 alia
1568 1449 1603 1470 re
1630 1438 1751 1469 soleret
1776 1436 1931 1481 intelligi,
1958 1447 2027 1479 quo

73 1476 179 1510 corda
206 1476 380 1510 hominum
409 1478 562 1511 nolumus
589 1480 767 1519 inclinare,
795 1482 1034 1517 rationabiliter
1060 1495 1234 1528 possumus
1261 1498 1280 1518 a
1306 1486 1409 1518 fando
1437 1487 1542 1520 fatum
1570 1488 1757 1532 appellare.

236 1527 295 1562 91.
347 1529 424 1562 Non
447 1531 534 1562 enim
563 1532 708 1564 abnuere
736 1543 911 1575 possumus
922 1532 965 1576 ⁶⁰,
993 1547 1062 1568 esse
1089 1537 1250 1581 scriptum
1276 1537 1309 1569 in
1339 1538 1440 1571 literis
1461 1539 1596 1572 sanctis:
1625 1534 1778 1573 Senael‘il
1814 1538 1949 1571 locutus
1977 1543 2027 1572 est

71 1578 187 1611 Deus:
218 1579 288 1612 duo
315 1580 405 1613 haec
432 1581 570 1623 audivi,
599 1587 660 1618 etc.
716 1583 818 1624 Quod
847 1586 932 1618 enim
961 1586 1088 1621 dictum
1116 1585 1215 1630 θείω,
1249 1589 1356 1622 semel
1387 1590 1522 1623 locutus
1549 1594 1616 1633 est,
1645 1589 1842 1635 intelligitur
1869 1589 2026 1623 immobi—

71 1630 162 1673 liter,
205 1630 274 1665 hoc
305 1636 352 1664 est
366 1629 390 1648 ‘⁵³
417 1633 732 1667 incommutabiliter
768 1641 816 1668 est
848 1637 998 1680 locutus,
1044 1639 1127 1672 sicut
1166 1641 1259 1674 novit
1293 1642 1405 1674 omnia
1440 1637 1810 1681 incommutabiliterffl,
1852 1653 1938 1685 quae
1969 1642 2024 1675 fu-

69 1686 142 1715 tura
163 1688 252 1724 sunt,
280 1688 313 1717 et
339 1695 425 1726 quae
450 1684 523 1729 ipse
549 1686 695 1719 facturus
723 1692 781 1720 est.

71 1781 107 1809 td
127 1788 168 1810 est
191 1785 296 1811 ventis.
318 1800 359 1806 -—-
384 1786 439 1813 Gu.
461 1788 489 1817 2,
514 1786 606 1814 tellus
628 1790 792 1816 convestita
815 1795 865 1819 est.
905 1791 1024 1829 Agitur
1067 1791 1141 1819 hant
1165 1792 1221 1821 Gu.
1242 1797 1268 1824 1,
1286 1796 1315 1825 2.
1338 1810 1380 1815 —
1402 1793 1448 1832 40)
1473 1794 1577 1833 apidis
1597 1796 1634 1827 al.
1655 1812 1690 1817 --
1717 1796 1765 1832 50)
1789 1795 1837 1823 Sic
1860 1795 1955 1826 Gu.2·
1974 1804 2019 1823 va.

70 1840 111 1845 —
133 1826 223 1853 tellus
243 1829 408 1855 convestita
429 1834 471 1855 est
491 1839 535 1857 va.
550 1846 592 1850 —
614 1830 663 1860 Ar.
688 1832 779 1859 tellas
798 1837 840 1860 est
855 1835 1023 1861 convestita
1067 1835 1116 1863 Ar.
1138 1844 1201 1864 var.
1226 1836 1291 1865 lect.
1325 1846 1372 1875 ap.
1396 1836 1487 1866 Goth.
1507 1853 1548 1859 —
1574 1837 1670 1866 videri
1700 1837 1782 1874 vulg.
1817 1847 1884 1865 cum
1910 1837 1966 1865 Gu.
1994 1841 2018 1867 1.

69 1873 97 1894 et
119 1869 242 1905 agitata
267 1871 369 1898 ventis.
396 1887 433 1891 -—
465 1871 551 1909 Vulg.
577 1873 668 1900 tellus
691 1880 733 1901 est
761 1885 843 1903 conv.
863 1881 889 1903 et
917 1877 1022 1914 agitur
1066 1882 1216 1916 corrupte.
1247 1896 1286 1900 —
1324 1878 1373 1917 51)
1398 1879 1483 1918 Vulg.
1515 1881 1595 1908 relat
1617 1877 1678 1910 οἷπό
1702 1885 1758 1909 etc.
1782 1880 1835 1909 sed
1858 1880 1938 1908 velat
1961 1890 2018 1908 om.

69 1912 166 1937 ventis
191 1927 232 1932 —
256 1921 337 1939 conv.
358 1918 399 1939 est
425 1915 490 1951 agit
516 1915 654 1943 ventibus
677 1917 744 1946 cod.
774 1918 867 1947 Tolet.
899 1935 941 1940 —
974 1921 1021 1958 35)
1066 1920 1122 1948 Gu.
1143 1923 1169 1951 1.
1189 1936 1225 1942 —
1253 1921 1289 1950 al.
1312 1922 1359 1949 vel
1379 1932 1435 1960 pro
1460 1922 1548 1952 velut,
1578 1939 1618 1945 —
1641 1922 1687 1961 52)
1706 1924 1826 1960 sutura
1852 1921 1944 1952 vider.
1969 1932 2016 1951 va.

69 1951 156 1992 Vulg.
182 1952 262 1981 lande
283 1959 325 1990 et,
355 1954 407 1983 sed
429 1961 456 1983 et
480 1967 536 1985 om.
560 1957 615 1988 Gu.
641 1961 668 1990 1.
690 1963 719 1992 2.
741 1960 789 1989 Ar.
821 1977 862 1983 —
898 1960 944 2000 36)
971 1961 1020 1990 Sic
1063 1979 1105 1983 —
1127 1962 1174 2003 53)
1198 1964 1271 1992 Cod.
1295 1963 1404 1994 Lucan.
1429 1964 1495 1994 add.
1521 1966 1564 1993 HL
1582 1965 1670 2004 apud
1687 1966 1821 1994 Latinos
1831 1966 1939 2002 fuisse
1961 1963 2016 1992 di-

69 1995 123 2023 Gu·
144 1998 171 2027 1.
185 1998 214 2027 2.
239 1996 288 2026 Ar.
309 2013 347 2018 —
366 1999 444 2025 enim
467 1999 546 2037 vulg.
561 2016 595 2021 —
616 2001 665 2039 37)
689 2002 738 2031 Sic
762 2004 817 2033 Gu.
839 2006 865 2035 1.
890 2020 926 2024 —
954 2004 1020 2031 la'te-
1062 2011 1182 2034 cuntur.
1226 2005 1326 2046 Apud
1342 2007 1471 2035 Mauros
1491 2007 1568 2036 Iuba
1587 2008 1661 2037 deus
1682 2009 1768 2045 fuit,
1790 2007 1878 2048 apud
1892 2009 2015 2039 Roma-

67 2048 121 2065 rac
142 2037 206 2066 (loc.
230 2039 311 2077 vulg.
344 2055 386 2061 -·
415 2041 463 2078 38)
495 2042 542 2070 sic
571 2043 626 2071 Gu.
650 2046 677 2076 1.
700 2063 741 2067 —
771 2045 859 2085 Vulg.
884 2048 1020 2075 omnium
1062 2059 1117 2076 nos
1142 2049 1293 2087 Quirinus
1317 2048 1516 2078 adorabatur.
1539 2068 1582 2073 —-
1605 2051 1651 2092 54)
1667 2057 1768 2080 autem.
1790 2050 1893 2080 addidi
1915 2062 1930 2080 e
1955 2050 2013 2079 Cu.

67 2082 219 2109 maximus
240 2082 317 2121 Aeg.
333 2081 416 2111 deas.
443 2100 481 2104 -
504 2086 551 2122 59)
567 2085 616 2113 Sic
632 2086 686 2117 Gu.
703 2091 729 2119 1.
743 2091 773 2120 2.
793 2089 842 2119 Ar.
854 2106 891 2111 —
905 2091 1020 2118 Graece
1064 2093 1090 2122 1.
1105 2093 1134 2123 2.
1149 2101 1197 2121 va.
1215 2092 1265 2121 Ar.
1286 2109 1321 2114 —
1346 2095 1391 2123 55)
1415 2093 1463 2121 Sic
1482 2093 1538 2122 Gu.
1557 2097 1583 2126 1.
1598 2094 1667 2124 edit.
1685 2093 1774 2123 Goth.
1790 2111 1832 2116 —
1852 2094 1942 2132 Vulg.
1959 2092 2013 2120 lla-

67 2121 126 2152 dic.
149 2123 231 2162 vulg.
251 2141 295 2146 —
316 2123 364 2165 40)
388 2126 453 2153 eius
473 2147 478 2154 .
500 2148 507 2156 .
529 2149 535 2154 .
562 2129 732 2166 Sepulcrum
756 2141 801 2161 va.
831 2148 873 2154 —
903 2133 948 2167 41)
970 2133 1019 2161 Sic
1062 2133 1136 2162 beat.
1159 2150 1201 2156 —
1232 2132 1279 2174 56)
1299 2135 1449 2173 genitales
1480 2137 1537 2168 Gu.
1563 2140 1590 2169 1.
1615 2140 1645 2169 2.
1670 2138 1708 2169 al.
1731 2153 1772 2160 ·-
1805 2137 1852 2174 57)
1872 2137 2012 2176 gentium

68 2165 125 2194 Gu.
152 2169 177 2197 1.
201 2184 239 2189 —
272 2168 372 2206 templ.
401 2169 464 2196 eius
494 2175 566 2197 esset
596 2171 677 2209 vulg.
715 2189 755 2196 —
788 2173 837 2216 42)
860 2180 886 2203 et
910 2176 967 2206 Gu.
992 2178 1018 2206 1.
1062 2175 1099 2205 al.
1114 2192 1154 2199 —
1177 2178 1224 2215 58)
1242 2178 1291 2206 Sic
1308 2178 1364 2207 Gu.
1383 2181 1410 2210 1.
1427 2194 1468 2200 -—·
1490 2179 1809 2220 Vulg.fah1cl.figm.
1830 2196 1872 2201 —
1894 2178 2007 2219 59)le-

66 2206 232 2248 Uirumque
263 2220 322 2240 0111.
345 2210 393 2239 Ar.
418 2227 458 2232 —
486 2212 534 2249 43)
556 2211 593 2240 id
613 2219 654 2241 est
677 2214 746 2246 add.
771 2217 826 2246 Gu.
846 2220 873 2249 1.
899 2234 941 2240 -—
969 2217 1015 2256 44)
1058 2218 1125 2247 hent
1148 2219 1196 2250 Ar.
1222 2237 1259 2241 —-
1290 2219 1336 2259 60)
1359 2220 1408 2249 Sic
1431 2221 1488 2250 Gu.
1512 2224 1538 2254 1.
1563 2226 1590 2255 2.
1613 2224 1650 2254 al.
1679 2240 1722 2245 —-
1744 2233 1905 2262 possemus
1928 2220 2004 2255 vulg.

68 2249 174 2279 deinde
199 2257 225 2279 et
249 2252 337 2281 litera
357 2264 462 2282 comm.
497 2254 545 2282 Ar.
580 2273 617 2278 —
650 2257 695 2294 45)
724 2259 890 2298 Aegjptc'us
910 2261 948 2290 al.
976 2279 1013 2283 —
1058 2277 1100 2283 —·
1121 2260 1167 2301 61)
1194 2263 1290 2291 Locus
1316 2267 1360 2292 est
1388 2264 1493 2292 Psalm.
1517 2267 1573 2303 62,
1600 2268 1647 2298 12.
1678 2282 1715 2288 —
1745 2264 1791 2305 62)
1815 2271 1857 2293 est
1879 2273 1934 2292 om.
1957 2271 2003 2299 pr.

67 2293 209 2334 Aegyptii
230 2295 365 2324 colebant
389 2296 426 2325 al.
449 2312 489 2318 ——
510 2295 559 2338 46)
574 2297 622 2326 Sic
646 2298 704 2329 Gu.
728 2303 754 2332 1.
779 2311 824 2331 va.
845 2303 897 2337 Ar.
917 2302 1017 2331 —ad
1059 2321 1097 2324 —
1123 2303 1169 2343 63)
1191 2305 1247 2334 hoc
1270 2311 1311 2334 est
1336 2328 1342 2334 .
1398 2327 1405 2335 .
1428 2308 1533 2336 omnia
1555 2319 1610 2339 om.
1632 2308 1670 2338 al.
1698 2325 1733 2330 —
1763 2306 1810 2347 64)
1833 2306 1880 2334 Sic
1902 2304 1957 2333 Gu.
1977 2305 2001 2334 1.

68 2337 167 2365 instar
190 2337 269 2377 vulg.
290 2354 332 2360 —
363 2336 412 2380 47)
432 2340 464 2368 in
483 2340 617 2379 Memphi
641 2340 691 2370 Ar.
714 2359 755 2364 —
777 2345 823 2383 43)
840 2357 1014 2384 praecum*
1056 2362 1097 2367 —
1122 2345 1207 2384 vulg.
1229 2350 1368 2378 incomm.
1392 2351 1504 2379 omnia.
