2264 2830
795 97 1039 136 ORlGlNUM
1074 105 1216 141 LIBER
1243 110 1267 142 l.

1952 129 2001 162 55

265 201 315 206 —
348 183 571 229 Teetumque,
599 188 790 234 laremque,

264 233 460 278 Armaque,
494 237 760 286 Anticleumque
787 255 926 285 canem,
965 246 1196 295 Cressamque
1220 252 1431 297 pharetram
1443 255 1477 292 ³⁰.

221 290 279 323 20.
332 293 502 337 Diatyton
530 298 581 330 vel
609 302 812 343 asyntheton
840 301 919 338 est³¹
947 306 1072 352 ligura,
1100 322 1186 354 quae
1213 310 1266 346 (3³²
1292 316 1455 347 contrario
1483 318 1551 351 sine
1578 321 1861 360 coniunctionibus
1891 332 1997 365 solute

58 349 98 372 ac
123 340 316 385 simpliciter
343 345 495 387 effertur,
524 354 577 381 ut:

267 403 282 434 1
291 403 445 446 enimus,
473 408 639 449 vidimus,
671 412 818 455 placuit.

219 461 276 496 21.
329 464 531 499 Antitheton
545 463 586 509 ³³,
615 469 670 502 ubi
704 474 867 507 contraria
897 478 1065 511 contrariis
1092 485 1308 526 opponuntur
1341 491 1373 518 et
1400 489 1580 522 sententiae
1605 492 1887 534 pulchritudinem
1916 499 1994 532 red·

56 509 149 551 dunt,
177 516 211 544 ut
238 510 320 546 est³⁴
348 516 449 549 illud:

258 573 415 619 Frigida
439 578 652 622 pugnabant
674 582 820 624 calidis,
848 584 1027 620 humentia
1053 590 1173 624 siccis:

258 624 384 659 Mollia
412 639 489 661 eum
517 630 635 664 duris:
662 633 735 666 sine
757 637 917 679 pondere
943 638 1110 674 habentia
1131 644 1274 688 pondus
1287 641 1320 678 ³³³.

215 683 273 716 22.
325 686 590 734 llypatlage³¹¹⁵,
618 693 900 740 quotienscunque
925 710 988 742 per
1015 703 1214 737 contrarium
1239 705 1339 739 verba
1367 707 1614 753 intelliguntur,
1643 716 1692 744 ut:

255 736 359 772 Dare
385 740 555 774 classibus
579 742 728 777 Austros
741 742 776 786 ²⁵⁷,

52 796 126 819 cum
153 787 255 819 ventis
282 800 379 823 naves
403 791 536 834 demus,
563 805 630 827 non
657 797 794 830 navibus
822 805 945 835 ventos.

639 909 789 948 CAP.
844 914 996 952 xxxvl.
1076 918 1150 952 De
1201 924 1390 967 tropis.

212 986 243 1018 l.
303 987 436 1033 Tropos
462 990 596 1027 Graeco
623 997 758 1030 nomine
785 998 1001 1035 Grammatici
1030 1009 1167 1045 vocant,
1203 1007 1259 1050 qui
1286 1007 1404 1041 Latine
1436 1007 1563 1044 ῐῐιοιίἰ38
1590 1013 1794 1048 locutionum
1822 1017 1986 1061 interpre-

46 1040 161 1069 tantur.
217 1037 317 1070 Fiunt
343 1046 451 1074 autem
476 1054 495 1075 a
521 1047 659 1089 propria
691 1049 933 1093 significatione
969 1054 1012 1086 ad
1047 1067 1111 1088 non
1148 1059 1319 1102 propriam
1354 1061 1609 1097 similitudinem.
1673 1066 1825 1106 Quorum
1854 1070 1986 1102 nomina

47 1088 191 1120 omnium
204 1085 228 1104 ³⁴³
255 1089 490 1126 difficillimum
518 1102 565 1129 est
591 1105 767 1142 annotare,
795 1103 853 1135 sed
882 1115 921 1136 ex
948 1107 1100 1140 omnibus
1127 1108 1277 1143 Donatus
1304 1112 1384 1145 xlll
1413 1114 1485 1147 usui
1508 1114 1705 1149 tradend-1⁴⁰
1731 1121 1934 1164 conscripsit.

207 1147 239 1180 2.
293 1149 510 1197 AIetaphora
537 1162 585 1189 est
611 1159 702 1192 verbi
729 1161 865 1195 alicuius
893 1173 1048 1210 usurpata
1075 1169 1261 1210 translatio,
1290 1171 1372 1204 sicut
1399 1184 1475 1206 cuin
1503 1173 1693 1217 ‹licimus⁴¹‚
1717 1178 1903 1223 fluctuare
1928 1192 1982 1212 se-

44 1202 162 1243 getes,
201 1201 423 1244 gemmare⁴²
458 1207 561 1247 vites,
609 1210 688 1242 dum
723 1212 755 1244 in
783 1214 819 1245 iis
847 1216 943 1249 rebus
970 1218 1088 1250 fluctus
1117 1225 1149 1252 et
1171 1232 1322 1264 gemmas
1349 1234 1414 1255 non
1442 1225 1638 1269 invenimus,
1692 1228 1723 1259 in
1751 1231 1869 1272 quibu>⁴
1897 1230 1982 1264 llaec

43 1251 144 1282 verba
171 1251 303 1285 aliunde
326 1255 575 1294 transferuntur.
644 1262 712 1294 Sed
741 1262 807 1296 hae
843 1270 942 1308 atque
980 1269 1065 1301 aliae
1099 1272 1249 1314 tropicae
1275 1273 1458 1307 locutiones
1485 1276 1527 1307 ad
1557 1288 1613 1319 ea,
1654 1289 1739 1320 quae
1766 1281 1981 1326 intelligenda

43 1306 131 1341 sunt,
158 1307 337 1346 propterea
365 1306 513 1350 figuratis
539 1311 714 1345 amictibus
741 1315 961 1360 obteguntur,
990 1325 1024 1352 ut
1051 1318 1196 1354 sensus⁴³
1222 1323 1364 1367 legentis
1392 1332 1583 1369 exerceant,
1611 1334 1643 1361 et
1670 1341 1711 1362 ne
1726 1332 1816 1365 nuda
1843 1330 1921 1366 ac⁴⁴
1949 1334 1980 1366 in

40 1359 200 1398 promptu
227 1355 334 1397 posita
344 1352 369 1373 ⁴⁵
395 1357 560 1392 vilescant.

205 1412 238 1445 3.
291 1413 391 1448 Fiunt
416 1423 525 1452 autem
553 1420 771 1465 metaphorae
798 1425 906 1458 modis
932 1433 1073 1470 quatuor
1084 1427 1109 1447 ⁴⁶
1135 1431 1178 1464 ab
1205 1433 1340 1466 animali
1367 1434 1410 1467 ad
1438 1436 1599 1478 animale,
1631 1443 1682 1470 ut:

245 1464 415 1509 Aligeros
441 1472 637 1504 conscendit
665 1484 778 1516 equos.

40 1512 277 1558 Metaphorice
303 1517 444 1560 loquens
472 1522 600 1555 miscuit
626 1523 837 1568 quadrupedi
865 1527 933 1560 alas
959 1530 1043 1571 avis,
1072 1536 1104 1564 et
1129 1544 1197 1576 quo
1232 1546 1329 1569 cursu
1357 1536 1486 1570 deserta
1520 1536 1689 1582 petivit⁴⁷,
1725 1542 1853 1575 miscuit
1882 1545 1976 1577 vola-

36 1563 86 1596 tili
112 1565 338 1610 quadrupedis
365 1581 496 1604 cursum
510 1570 543 1606 ⁴⁸.
596 1575 650 1608 Ab
678 1575 845 1610 inanimali
873 1580 916 1612 ad
944 1580 1134 1624 inanimale,
1163 1590 1199 1617 ut

239 1627 387 1663 Pontum
409 1632 516 1676 pinus
542 1639 641 1679 arat,
668 1637 802 1670 sulcum
823 1641 955 1684 premit
983 1642 1059 1675 alta
1085 1645 1211 1677 carina
1225 1641 1258 1678 ⁴⁹.

36 1681 171 1718 Miscuit
196 1698 290 1720 usum
327 1694 434 1724 terrae
461 1693 572 1736 aquis,
613 1694 693 1729 dum
725 1709 819 1731 arare
853 1705 886 1732 et
912 1701 1039 1735 sulcum
1066 1714 1222 1747 premere
1257 1705 1301 1737 ad
1336 1710 1456 1740 terram
1488 1708 1667 1753 pertineat,
1709 1722 1774 1744 non
1804 1712 1847 1745 ad
1873 1725 1972 1749 mare.

35 1791 115 1829 vulg.
132 1809 173 1813 —
190 1793 236 1834 97)
252 1807 371 1826 sensum
386 1799 442 1829 Gu.
460 1804 486 1832 1.
510 1818 551 1824 —
571 1805 615 1837 28)
639 1805 688 1833 Sic
706 1806 760 1834 Gu.
785 1810 812 1838 1.
831 1825 868 1829 —-
894 1809 979 1847 Vulg.
1022 1827 1063 1833 —
1086 1812 1248 1842 tradendos
1263 1815 1341 1852 vulg.
1366 1831 1407 1837 —
1430 1816 1577 1846 tradendo
1592 1819 1629 1847 al.
1652 1836 1693 1841 —
1725 1820 1771 1859 ss)
1795 1821 1844 1849 Sic
1871 1822 1926 1852 Gu.
1946 1827 1972 1854 1.

33 1834 170 1872 Desuper
184 1836 350 1868 horrendis.
371 1857 412 1864 —
434 1844 572 1882 Desuper
588 1856 644 1875 om.
661 1850 748 1877 etiam
767 1850 823 1878 Gu.
841 1853 868 1881 3.
880 1852 979 1879 Ar.—
1022 1863 1067 1882 va.
1085 1855 1137 1884 Ar.
1162 1873 1201 1877 —
1224 1859 1304 1884 sti-at
1319 1857 1450 1886 dicimus
1466 1860 1547 1898 vulg.
1571 1877 1611 1882 --
1634 1862 1681 1899 42)
1705 1868 1731 1889 et
1744 1874 1897 1901 gemmare
1915 1866 1970 1894 Gu.

32 1875 223 1916 horrentique
243 1896 276 1902 κ-
305 1883 413 1912 umbra
436 1886 490 1914 Gu.
508 1887 534 1917 4,
555 1889 641 1918 Arev.
658 1901 704 1928 pr.
724 1907 766 1913 —
787 1893 978 1932 horrentique
1019 1899 1048 1927 2.
1075 1897 1200 1927 Videtur
1228 1900 1375 1938 respicere
1403 1907 1507 1930 auctor
1530 1903 1567 1931 ad
1589 1914 1640 1940 ea,
1665 1915 1739 1943 quae
1763 1905 1799 1935 de
1822 1906 1923 1936 eadem
1938 1919 1970 1938 re

34 1934 69 1938 —
87 1919 202 1948 umbri-5
216 1931 260 1953 va.
283 1941 323 1945 —
345 1925 492 1956 horrentis
514 1930 569 1958 Gu.
586 1934 610 1959 3.
635 1933 731 1962 Locus
751 1940 794 1963 est
809 1935 887 1973 Virg.
905 1938 976 1967 Aen.
1022 1939 1096 1968 dixit
1112 1941 1206 1971 Cicer.
1223 1942 1252 1969 in
1270 1943 1352 1972 Orat.
1369 1944 1419 1979 24,
1441 1947 1489 1976 81.
1515 1961 1551 1967 —
1575 1946 1621 1985 43)
1645 1948 1693 1975 Sic
1712 1948 1768 1977 Gn.
1791 1952 1814 1979 1.
1841 1967 1877 1970 —
1899 1961 1968 1978 sen,-

32 1959 59 1996 l,
86 1963 153 1993 165.
178 1964 315 2003 Det-uper
328 1967 519 2009 horrentique
531 1979 631 2002 atrum
644 1986 747 2004 nemu-s·
762 1979 896 2006 imminet
911 1991 975 2007 unz-
1018 1992 1086 2010 sunz
1101 1984 1180 2022 vulg.
1201 2001 1242 2006 —
1260 1988 1305 2018 44)
1319 1986 1367 2014 Sic
1386 1987 1440 2015 Gn.
1462 1989 1487 2018 1.
1509 2006 1547 2010 -—
1569 1994 1660 2028 atque
1674 1991 1754 2028 vulg.
1778 1992 1892 2030 Scripsi
1911 2003 1968 2021 au-

32 2012 93 2030 ara.
119 2021 154 2025 -—
179 2006 225 2045 ΞΩ)
247 2008 403 2039 distinctio
418 2013 474 2043 Gu,
490 2018 517 2045 2.
539 2031 581 2036 -
608 2018 654 2057 30)
682 2020 877 2059 Cressamque
888 2023 974 2060 pha-
1017 2028 1076 2052 teni
1100 2036 1166 2054 cum
1185 2028 1296 2065 optimo
1318 2028 1384 2058 cod.
1408 2040 1445 2056 ae
1466 2035 1533 2059 ante
1555 2032 1703 2069 vocalem,
1727 2034 1808 2071 quod
1825 2034 1861 2062 ad
1879 2036 1966 2065 talem

31 2049 140 2073 retram
160 2048 261 2077 addidi
275 2061 289 2078 e
309 2052 365 2081 Gu.
384 2057 417 2090 l.‚
440 2057 557 2093 quicum
575 2058 645 2088 facit
663 2061 739 2099 Virg.
762 2063 813 2091 Ge.
832 2064 882 2101 ΙΙΙ,
901 2065 972 2096 344.
1017 2068 1203 2106 scriptorem,
1227 2070 1322 2108 qualis
1337 2076 1379 2100 est
1393 2072 1526 2101 Isidorus
1540 2074 1589 2102 vix
1602 2076 1862 2113 grammaticorum
1878 2088 1965 2116 prae-

31 2096 87 2125 seq-
109 2104 150 2110 ·-
171 2094 216 2123 31)
237 2094 285 2120 Sic
310 2096 364 2122 Gu-
385 2099 410 2126 1.
429 2100 456 2129 2.
482 2101 648 2138 —figura
670 2110 711 2131 est
728 2106 805 2143 vulg.
827 2122 869 2128 —
891 2107 936 2146 32)
960 2119 974 2135 e
1017 2115 1135 2148 ceptum
1153 2117 1233 2140 recte
1255 2114 1432 2151 transferas,
1456 2125 1514 2153 quo
1539 2127 1576 2143 ae
1601 2128 1657 2146 non
1683 2123 1750 2147 ante
1766 2120 1882 2148 vocales
1904 2131 1963 2159 po-

31 2139 85 2159 om.
101 2130 148 2158 Gu
176 2135 201 2165 2.
219 2150 260 2156 -
286 2134 333 2176 33)
356 2137 441 2175 Vulg.
460 2147 501 2168 est
519 2144 620 2181 addit,
643 2147 723 2183 quod
740 2158 798 2178 om.
814 2149 870 2177 Gu.
889 2153 914 2181 1.
931 2167 972 2171 ———
1016 2153 1144 2182 nendum
1160 2160 1210 2185 est.
1236 2172 1271 2176 -——
1298 2154 1344 2195 Δ45)
1367 2159 1472 2194 posita
1487 2169 1542 2186 om.
1561 2159 1597 2190 al.
1624 2176 1661 2182 --
1686 2163 1729 2198 46)
1747 2161 1794 2189 Sic
1815 2163 1870 2190 Gu.
1890 2167 1914 2193 1.
1932 2167 1962 2195 2.

29 2172 76 2208 34)
92 2173 141 2200 Sic
165 2175 220 2204 Gn.
235 2180 260 2207 1.
282 2194 324 2199 —
354 2186 388 2207 ut
410 2182 492 2210 illud
515 2185 593 2223 vulg.
618 2204 655 2208 —
681 2189 726 2227 ³5)
750 2190 839 2220 Ovid.
864 2192 931 2220 Met.
951 2193 970 2228 l,
1016 2204 1062 2222 va.
1080 2197 1129 2225 Ar.
1153 2213 1191 2218 —
1218 2204 1352 2235 quatuor
1368 2199 1468 2228 modi-5
1489 2202 1567 2238 vulg.
1591 2219 1631 2224 —
1654 2205 1698 2237 47)
1719 2205 1841 2241 petierit
1859 2205 1914 2233 Gu.
1931 2208 1960 2236 2.

33 2215 77 2244 19,
94 2231 135 2236 —
157 2216 203 2257 36)
225 2224 251 2245 ft
273 2221 339 2249 add,
360 2223 457 2259 vulg„
480 2226 530 2254 sed
551 2238 606 2257 om,
634 2230 689 2258 Gu.
709 2234 736 2263 12
759 2249 800 2254 —
822 2236 868 2269 37)
890 2235 969 2272 Vir-g.
1009 2239 1147 2274 petiverit
1163 2240 1214 2268 Ar.
1229 2250 1274 2278 pr.
1293 2250 1341 2270 va.
1362 2258 1403 2264 —
1425 2244 1470 2279 48)
1494 2244 1543 2271 Sic
1558 2244 1615 2274 Gu.
1633 2248 1659 2276 1.
1675 2262 1716 2268 —
1739 2256 1862 2275 cur-sum
1879 2258 1960 2285 qua-

30 2255 99 2285 Aen·
117 2257 165 2295 ¹¹12
182 2263 230 2291 (2‘1.
246 2278 286 2283 —
309 2262 356 2302 38)
375 2267 422 2292 cel
435 2277 530 2295 mores
547 2272 592 2298 vel
603 2273 686 2301 modi
700 2275 735 2302 al.
754 2275 811 2304 Csr.
828 2286 895 2305 cuin
911 2276 969 2306 hoc
1013 2279 1156 2318 (lrapedm
1177 2283 1254 2319 vulg.
1279 2283 1362 2312 Unde
1377 2284 1417 2312 sit
1433 2295 1545 2322 versus,
1568 2288 1675 2318 nescio.
1703 2288 1782 2317 Haec
1800 2294 1896 2317 autem
1911 2290 1957 2317 lo-

30 2298 123 2336 ⁰³Pi²e
140 2301 241 2330 ”0¹¹³ss
259 2304 310 2340 ΠῙ,
326 2309 353 2338 6-
372 2307 482 2338 ChariS.
500 2321 530 2348 p.
546 2313 614 2344 243.
630 2332 669 2336 —
685 2319 731 2351 59)
748 2318 796 2346 Sic
813 2320 868 2348 Gu.
888 2323 912 2351 1.
926 2336 969 2342 ——
1012 2323 1091 2350 cutio
1112 2325 1232 2363 Aligeri
1254 2327 1325 2363 equi
1345 2326 1481 2357 addenda
1505 2334 1547 2358 est
1568 2330 1684 2359 Lexicis
1707 2331 1826 2359 Latinis.
1847 2347 1887 2351 —
1909 2329 1955 2367 49)

33 2339 164 2378 Quorum
175 2347 306 2375 omnium
317 2352 445 2380 nomina
460 2353 540 2392 vulg.
557 2371 597 2377 —
619 2358 667 2395 40)
690 2358 737 2387 Sic
752 2360 808 2390 Gu.
826 2364 853 2393 l.
870 2365 897 2395 2.
916 2363 966 2393 Ar.
1010 2365 1132 2403 Nescio,
1155 2368 1234 2396 unde
1257 2369 1316 2398 sint
1338 2379 1452 2400 versus,
