2264 2830
776 90 1019 125 offlan'UM
1046 92 1190 127 LIBER
1218 95 1290 128 Xll.

1939 100 2012 133 383

1129 188 1198 234 Qui
1228 202 1264 222 se

297 237 504 269 Eunuchum
533 238 605 281 ipsc
634 236 741 280 scu-il.
779 237 919 280 cupiens
952 238 1105 271 evadere
1136 241 1266 273 domm)
1284 239 1303 256 '²

301 289 321 321 Ἰ
326 289 470 322 ἐείίιίιίὶ.

67 351 132 394 Ipsi
161 357 233 382 sunt
260 355 292 381 et
320 349 430 386 Fibri,
458 347 512 390 qui
541 347 638 379 ctiam
667 347 795 379 Pontici
823 359 920 381 canes
949 355 1117 383 vocantur,

232 409 289 443 22.

347 409 446 441 Uraus
475 407 578 440 fertur
602 407 726 445 (lictus,
754 408 846 450 quod
865 405 885 424 ¹³⁵
913 419 970 442 ore
998 421 1057 442 suo
1077 411 1199 444 formet
1222 411 1346 449 foetus,
1376 411 1467 452 quasi
1498 421 1597 442 orsus.

1652 411 1737 443 Nam
1767 411 1855 443 aiunt
1882 421 1938 444 eos
1962 413 2013 444 in-

67 462 188 493 formes
215 472 376 505 generare
400 464 530 503 partus,
563 464 595 492 et
623 470 755 491 carnem
783 460 951 502 quandam
977 463 1083 501 nasci,
1119 474 1219 505 quam
1252 468 1356 494 mater
1385 461 1565 493 lambendo
1594 463 1624 494 in
1653 463 1802 496 membra
1829 464 2011 507 componit.

68 512 167 544 Unde
194 518 240 545 est
267 512 349 544 illud
362 507 402 541 ⁴¹:

293 572 352 605 Sic
369 571 509 616 formal
543 571 669 615 lingua
687 570 828 615 foetum
856 582 933 604 cum
959 574 1106 617 protuli!
1136 584 1228 605 ursa.

65 641 133 673 Sed
161 640 227 673 hoc
257 640 471 672 immaturitas
501 646 611 684 partus
641 640 734 672 facit:
778 640 920 683 denique
948 642 1113 674 tricesimo
1141 641 1196 673 die
1234 646 1382 684 generat.

704 688 709 691 ’
786 691 945 725 Ursorum
970 698 1071 736 caput
1097 692 1296 725 invalidum:
1336 693 1382 724 vis
1410 692 1551 724 maxima
1579 692 1610 723 in
1638 690 1782 724 brachiis
1811 698 1844 726 et
1870 693 1901 726 in
1924 694 2011 727 lum-

65 692 270 726 soecunditas
298 692 446 724 insonum
483 696 677 735 procreetur
693 688 722 724 ¹³.

65 740 156 777 bisffl.
210 743 311 777 Unde
338 744 502 776 interdum
532 744 631 776 erecti
659 743 813 775 inzistunt.

228 811 287 844 23.
339 813 455 856 Lupus
483 812 616 844 Graeca
641 811 843 845 derivatione
870 812 901 844 in
935 811 1082 855 linguam
1116 818 1261 844 nostram
1290 812 1492 844 transfertur.

1441 639 1539 672 Unde
1567 640 1690 679 evenit,
1735 646 1768 672 ut
1795 642 2012 686 praecipitata

1564 811 1682 854 Lupos
1709 812 1796 843 enim
1824 811 1938 845 dicunt
1964 814 2013 846 illi

63 859 187 902 λύκους
198 859 237 896 ⁴⁷:
265 860 365 902 λύκος
392 869 501 896 autem
532 864 696 896 Graecea
718 864 879 895 morsibus
903 864 1104 907 appellatur,
1131 864 1223 907 quod
1253 864 1344 896 rabie
1373 863 1560 908 rapacitatis
1588 873 1742 905 quaeque
1764 863 1924 896 invenerit
1943 870 2013 897 tru-

62 914 162 949 cidet.

63 966 152 999 unde
180 963 246 999 eth⁴
279 967 437 1010 quicquid
465 967 556 1011 pede
583 966 755 1010 presserit,
785 977 850 998 non
876 967 963 1000 vivit.

229 1034 288 1071 2⁴.

62 1085 222 1130 perdere,
256 1087 281 1119 si
310 1098 384 1119 enm
414 1088 510 1132 lupus
546 1083 673 1130 prior⁵¹⁰
709 1086 828 1118 viderit
841 1083 876 1121 ⁴³¹.

63 1137 162 1171 Certe
189 1137 213 1169 si
241 1149 274 1170 se
299 1139 488 1182 praevisum
502 1135 527 1155 ⁵³
554 1137 704 1177 senserit,
733 1138 871 1181 deponit
899 1138 1034 1170 feritatis
1062 1138 1247 1173 audaciam.

353 1186 378 1207 ⁵*
405 1195 542 1223 coeunt:
585 1190 706 1222 famem
735 1189 793 1222 diu
819 1194 970 1233 portant,
1012 1195 1043 1221 et
1070 1197 1147 1233 post
1174 1191 1277 1234 longa
1290 1186 1315 1205 ‘⁷¹⁵
1349 1191 1471 1222 ieiunia
1505 1189 1643 1221 multum
1673 1188 1843 1221 devorant.

62 1189 131 1221 dies
159 1189 339 1222 duodecim

230 915 296 947 Alii
324 915 421 959 lupos
450 921 586 949 vocatos
612 916 719 953 aiunt,
759 915 852 957 quasi
880 914 1016 958 leopos,
1057 916 1149 958 quod
1178 916 1269 959 quasi
1298 916 1403 956 leoni,
1446 916 1490 947 ita
1518 916 1558 947 sit
1586 915 1634 946 illi
1662 914 1760 947 virtus
1787 915 1818 947 in
1854 915 2014 958 pedibus:

343 1036 462 1079 Rapax
489 1041 598 1068 autem
626 1035 729 1067 bestia
757 1040 789 1067 et
825 1031 983 1067 cruoris*u
1011 1040 1189 1079 appetens:
1230 1035 1272 1068 de
1308 1047 1375 1078 quo
1406 1035 1515 1068 rustici
1544 1034 1650 1073 aiunt,
1696 1044 1814 1066 vocem
1842 1033 2013 1067 hominem

943 1086 1044 1119 Unde
1080 1091 1112 1119 et
1145 1087 1252 1119 subito
1286 1087 1407 1120 tacenti
1437 1087 1574 1120 dicitur:
1619 1086 1737 1131 Lupus
1750 1082 1775 1101 ³²
1808 1086 1843 1118 ἱη
1867 1085 2012 1130 sabula.

1302 1139 1391 1183 Lupi
1419 1143 1489 1170 toto
1518 1148 1604 1170 anno
1632 1148 1697 1169 non
1727 1137 1883 1180 amplius,
1911 1148 2012 1180 quam

1897 1188 2013 1232 Lupo>-

62 1239 243 1284 Aethiopia
272 1242 370 1274 mittit
392 1242 522 1274 cervice
550 1241 694 1280 iubatos,
721 1245 753 1272 et
780 1245 871 1272 tanto
882 1237 906 1257 ⁵⁰
934 1240 1057 1281 varios,
1087 1247 1121 1272 ut
1149 1241 1276 1273 nullum
1310 1241 1354 1272 eis
1382 1240 1493 1273 dicant
1521 1241 1669 1273 colorem
1698 1235 1856 1272 abessem.

229 1299 288 1333 25.
342 1301 440 1334 Canis
467 1312 588 1333 nomen
616 1300 772 1332 Latinum
796 1299 962 1332 Graecam
991 1300 1232 1344 etymologiam
1260 1299 1392 1332 videtur
1418 1299 1546 1332 habere
1557 1295 1590 1333 ⁵⁸.

605 1348 616 1367 ⁹
644 1363 662 1383 a
685 1362 806 1383 canore
834 1351 968 1383 lati-alm⁴
999 1351 1209 1395 appellatum
1238 1351 1419 1383 existiment
1433 1348 1475 1391 ⁴⁵⁰,
1517 1361 1556 1383 eo
1585 1350 1678 1393 quod
1706 1346 1884 1382 insonetffl:
1922 1351 2010 1384 unde

942 1403 1022 1435 Plus
1050 1403 1134 1434 enim
1164 1414 1275 1435 sensus
1303 1404 1440 1435 caeteris
1467 1402 1663 1434 animalibus
1691 1401 1826 1435 habent.

62 1351 198 1391 dicitur,
235 1352 311 1384 licet
338 1352 475 1394 qnidam
504 1348 603 1383 eum5

65 1407 97 1435 et
123 1413 253 1437 canere.
306 1403 397 1435 Nihil
425 1408 534 1436 autem
563 1403 714 1447 sagacius
743 1402 888 1435 canibus.

226 1462 285 1496 26.

337 1460 461 1496 Nan1⁰2
501 1463 563 1495 soli
598 1474 656 1495 sua
687 1462 820 1494 nomina
857 1468 1121 1506 recognoscunt:

1645 1299 1777 1332 Graece
1805 1299 1891 1332 enim
1919 1297 2011 1335 κύων

1172 1461 1326 1494 dominos
1358 1473 1433 1495 suos
1468 1462 1631 1506 diligunt:
1676 1460 1889 1493 dominorum
1923 1465 2010 1493 tecta

62 1512 261 1546 defendunt:
292 1525 355 1557 pro
388 1514 529 1546 dominis
564 1515 627 1545 suis
639 1510 664 1529 ⁶³
698 1525 731 1545 se
759 1513 856 1545 morti
884 1514 1065 1546 obiiciunt:
1106 1512 1289 1545 voluntarie
1316 1513 1357 1545 ad
1386 1513 1548 1557 praedam
1576 1523 1652 1546 cum
1681 1511 1818 1543 domino
1846 1522 1905 1544 suo
1933 1522 2011 1545 cur-

62 1562 183 1598 runtffl:
210 1576 332 1610 corpus
359 1565 484 1597 domini
515 1565 563 1597 sui
587 1565 684 1597 etiam
717 1569 884 1596 mortuum
912 1565 1100 1597 custodiunt
1129 1560 1196 1596 et⁰⁵
1222 1576 1288 1597 non
1319 1564 1517 1608 relinquunt.

1034 1616 1071 1648 In
1108 1615 1242 1648 canibus
1276 1616 1344 1648 duo
1378 1612 1503 1656 suntffl.
1545 1620 1601 1648 aut
1635 1614 1819 1655 fortitudo,
1862 1619 1917 1648 aut
1952 1626 2009 1647 ve-

61 1613 187 1649 turae⁰⁶
221 1621 285 1657 est,
327 1620 417 1649 extra
450 1615 604 1649 homines
638 1627 708 1649 esse
744 1627 810 1648 non
853 1627 961 1660 posse.

61 1668 188 1702 locitas.

62 1778 215 1814 Ligurius
236 1776 314 1813 vulg.
339 1795 375 1798 —
400 1779 449 1813 34)
470 1779 555 1815 ipsas
579 1777 635 1805 Gu.
659 1779 731 1808 1.2.
757 1793 798 1798 --
827 1775 874 1815 35)
898 1777 1009 1805 Locum

62 1819 91 1846 in
118 1818 193 1848 Hist.
219 1818 284 1848 Nat.
314 1828 374 1846 non
406 1820 512 1857 reperi.
563 1820 615 1848 Est
643 1829 658 1848 e
685 1820 767 1847 Serv.
797 1819 835 1847 ad
857 1820 907 1848 lv.
937 1821 1009 1849 Aen.

63 1863 176 1898 Degere
197 1871 277 1888 more
294 1862 388 1896 ferae.
413 1877 455 1883 ——
491 1864 536 1897 36)
548 1864 670 1899 foetum
699 1873 758 1891 om.
780 1862 836 1890 Gu.
862 1866 886 1892 1.
907 1878 948 1884 —-
971 1863 1009 1890 al.

63 1909 145 1931 extra
165 1913 260 1930 unum
283 1914 342 1930 non
361 1902 442 1932 adm.
461 1905 589 1940 foetum.
613 1921 654 1927 —-
677 1906 722 1941 37)
743 1906 887 1932 senserint
906 1905 962 1933 Gu.
980 1908 1008 1936 2.

64 1962 100 1967 ·—
118 1956 250 1984 persen-9.
272 1945 308 1973 al.
331 1961 373 1967 ——
399 1948 444 1979 38)
465 1947 514 1974 Sic
536 1948 593 1976 Gu,
612 1951 637 1978 1.
666 1964 703 1967 -
731 1949 812 1975 vires
834 1958 909 1975 suas
927 1947 1006 1984 vulg.

62 1984 99 2010 —'-
122 1988 172 2026 ὅθ’)
187 1999 223 2015 ea
242 1998 261 2014 α
272 1993 361 2025 parte
384 1987 440 2016 Gu.
454 1990 483 2019 2.
507 2006 546 2010 ——
574 1991 620 2026 40)
634 1990 682 2018 Sic
699 1990 750 2019 Ar.
768 2006 809 2012 —
831 1989 914 2028 quod
924 1990 1006 2027 vulg.

62 2031 155 2059 Locus
175 2030 323 2059 Ciceronis
346 2040 362 2058 e
381 2031 543 2060 Scauriana
571 2037 614 2060 est
643 2043 688 2070 ap.
708 2033 801 2061 Beier.
823 2033 867 2060 ed.
891 2033 1007 2067 Fragm.

62 2073 156 2101 Oratt.
180 2084 209 2112 p.
230 2074 298 2104 139.
326 2072 353 2112 ᾗ
374 2074 401 2102 7.
447 2073 523 2102 citat
547 2075 669 2103 eundem
689 2076 771 2104 Serv.
793 2076 900 2112 Georg.
917 2075 938 2109 1,
957 2076 1006 2106 59.

62 2133 99 2137 ——
123 2115 326 2151 41)Sat.X11,
349 2114 398 2145 34.
414 2124 473 2153 seq.
490 2132 530 2138 -
559 2118 604 2153 lm)
622 2117 670 2145 Sic
691 2118 747 2147 Gu.
770 2121 798 2150 2.
822 2128 869 2157 pr.
888 2128 935 2146 va.
957 2118 1004 2146 Ar.

61 2159 162 2186 Iuven.
180 2173 216 2179 —-
233 2157 347 2185 damna
377 2157 433 2187 Gu.
449 2161 473 2188 1.
501 2175 539 2179 -
570 2159 715 2187 damnum
737 2161 818 2197 vulg.
841 2177 876 2181 —
904 2160 952 2195 4-3)
975 2170 1005 2187 ιο

61 2199 145 2239 quod
165 2201 222 2229 Gu.
238 2203 268 2232 2.
288 2215 330 2221 —
357 2198 403 2235 44)
423 2200 574 2228 Dracontii
601 2212 717 2230 carmen
739 2208 897 2241 putaverat
915 2203 1007 2230 Grial.

62 2245 98 2271 At
118 2242 161 2270 ibi
189 2253 247 2271 non
280 2241 407 2280 reperiri
439 2247 564 2271 testatur
594 2245 682 2272 Arev.
714 2261 755 2266 —
790 2244 837 2286 45)
862 2246 1008 2281 informe-5

58 2291 189 2323 procreet
212 2286 259 2313 Ar.
283 2301 321 2305 ——
340 2289 454 2322 partus
477 2285 512 2313 al.
536 2286 604 2314 add.
627 2302 669 2307 --
690 2286 736 2324 46)
759 2289 791 2315 ιἰι.
813 2298 870 2317 orn.
903 2289 949 2316 Gu
976 2291 1006 2319 2.

66 2344 99 2349 -
124 2328 170 2366 47)
192 2328 240 2356 Sic
261 2327 318 2355 Gu.
345 2330 373 2357 1.
397 2344 435 2349 —-
457 2328 507 2355 illi
529 2327 638 2363 λύκους
659 2327 719 2358 dic.
740 2330 821 2368 vulg.
843 2347 885 2352 —
918 2329 963 2367 48)
981 2335 1007 2357 et

66 2369 131 2399 add.
154 2371 209 2399 Gu.
230 2373 256 2401 1.
271 2379 318 2398 va.
339 2385 380 2392 —
402 2372 447 2407 49)
470 2381 590 2400 cruores
612 2372 668 2400 Gn.
693 2375 720 2402 1.
744 2387 785 2394 -
807 2372 852 2412 50)
876 2373 925 2401 Sic
948 2373 1006 2401 Gn.

1571 1563 1725 1605 Quorum
1752 1567 1923 1606 postremo
1951 1574 2010 1596 na-

1056 1781 1081 1808 1.
1104 1791 1145 1799 —
1163 1778 1252 1814 prior
1274 1777 1366 1815 lupus
1391 1777 1472 1814 vulg.
1489 1791 1529 1799 --
1553 1777 1646 1813 lupus
1662 1777 1756 1813 prius
1779 1775 1835 1803 Gu.
1849 1777 1879 1806 2.
1897 1790 1939 1796 -
1961 1777 2009 1812 51)

1053 1820 1212 1858 inspexerit
1238 1819 1293 1848 Gu.
1309 1823 1337 1851 2.
1357 1835 1399 1842 —
1420 1822 1465 1853 52)
1485 1824 1527 1846 est
1550 1818 1618 1846 add.
1642 1818 1693 1847 As.
1717 1834 1753 1838 —
1777 1819 1826 1854 53)
1836 1817 1885 1846 Sic
1908 1817 1964 1846 Gu.
1983 1821 2008 1848 1.

1053 1865 1082 1893 2.
1107 1872 1154 1892 va.
1171 1872 1217 1900 pr.
1235 1863 1284 1890 Ar.
1309 1879 1342 1882 —
1359 1863 1453 1900 prius
1476 1863 1576 1888 risum
1602 1860 1682 1898 vulg.
1705 1876 1746 1881 —
1767 1862 1812 1896 5²4)
1835 1859 1884 1888 Sic
1907 1860 1963 1889 Gu.
1983 1864 2008 1890 1.

1053 1905 1102 1933 Ar.
1125 1921 1167 1926 —
1190 1905 1294 1933 diebus
1317 1903 1408 1932 duod.
1433 1905 1470 1932 al.
1491 1914 1536 1942 pr.
1557 1913 1603 1931 va.
1625 1919 1666 1924 —
1690 1901 1784 1931 duod.
1806 1901 1914 1930 diebus
1928 1903 2008 1940 vulg.

1051 1963 1091 1968 —
1114 1946 1160 1986 55)
1184 1948 1243 1975 illa
1265 1947 1334 1976 add.
1357 1947 1394 1976 al.
1425 1962 1467 1969 --
1496 1945 1542 1984 56)
1565 1945 1614 1974 Sic
1638 1946 1694 1975 Gu.
1718 1948 1744 1975 1.
1761 1947 1791 1975 2.
1813 1945 1850 1974 al.
1875 1962 1914 1968 —
1940 1951 2008 1973 tcm-

1051 1995 1116 2017 tam
1139 1990 1222 2028 vulg.
1240 2005 1282 2011 —-
1303 1992 1348 2025 57)
1372 1989 1422 2017 Sic
1439 1990 1495 2017 Gu.
1517 1991 1543 2019 1.
1561 2007 1599 2012 -
1623 1989 1680 2018 col.
1700 1987 1758 2016 dic.
1782 1989 1824 2016 eis
1847 1986 1894 2018 ed.
1917 1987 2006 2016 Goth.

1053 2048 1089 2053 —
1114 2033 1168 2060 col.
1191 2032 1249 2060 dic,
1273 2032 1339 2059 illis
1361 2032 1441 2069 vulg.
1464 2047 1505 2054 —
1527 2032 1583 2059 col.
1606 2031 1671 2059 illis
1692 2030 1751 2059 dic.
1776 2030 1831 2059 Gu.
1849 2032 1877 2060 2.
1902 2030 1953 2060 Ar.
1968 2047 2005 2052 —

1050 2076 1094 2111 58)
1116 2075 1184 2102 hal).
1207 2074 1270 2102 vicl.
1294 2076 1350 2103 Gu.
1369 2077 1398 2105 2.
1423 2092 1461 2098 —-
1496 2073 1542 2113 59)
1565 2074 1614 2102 Sic
1638 2074 1696 2102 Gu.
1714 2076 1739 2104 1.
1761 2088 1803 2096 ·-
1827 2083 1896 2101 eum
1917 2072 2004 2111 quid.

1050 2117 1131 2155 vulg.
1164 2133 1206 2139 —
1234 2117 1279 2155 60)
1303 2117 1351 2145 Sic
1373 2117 1430 2145 Gu.
1448 2120 1474 2147 1.
1491 2119 1520 2147 2.
1541 2116 1578 2144 al.
1599 2132 1638 2138 —-
1668 2117 1827 2144 aestiment
1857 2115 1937 2152 vulg.
1966 2130 2005 2137 -·-

1050 2159 1099 2197 61)
1122 2162 1245 2188 insonat
1269 2160 1326 2189 Gu.
1349 2163 1377 2193 1.
1401 2174 1443 2182 -—
1465 2161 1610 2188 insonant
1633 2159 1689 2188 Gu.
1704 2161 1733 2190 2.
1757 2173 1798 2181 -·
1829 2158 1876 2194 62)
1902 2158 2003 2185 Μυη-

1052 2212 1107 2240 que
1131 2203 1229 2240 vulg„
1266 2202 1317 2230 sed
1346 2213 1403 2240 qne
1426 2212 1483 2231 om.
1515 2202 1570 2230 Gu.
1589 2205 1616 2234 1.
1641 2219 1683 2224 —
1716 2199 1764 2240 63)
1786 2200 1835 2229 Sic
1852 2200 1907 2228 Gu.
1929 2202 1957 2229 1.
1974 2200 2003 2227 2·

1050 2255 1099 2282 pr.
1115 2255 1162 2273 va.
1187 2246 1236 2274 Ar.
1261 2261 1297 2266 -
1323 2244 1443 2273 domino
1465 2255 1522 2273 suo
1545 2245 1626 2282 vulg.
1648 2260 1690 2267 —
1710 2243 1756 2282 64)
1780 2243 1829 2270 Sic
1845 2242 1903 2269 Gn.
1922 2243 1947 2269 1.
1962 2254 1996 2259 —

1051 2297 1120 2315 cum
1143 2287 1222 2315 dom.
1248 2298 1304 2315 suo
1327 2287 1372 2315 ad
1387 2299 1435 2326 pr.
1460 2288 1542 2325 vulg.
1574 2304 1609 2308 —-
1634 2289 1678 2319 65)
1700 2284 1877 2314 custmlsunt
1900 2286 1926 2308 et
1949 2279 1999 2308 ad-

1050 2330 1111 2358 didi
1135 2340 1151 2358 e
1173 2331 1231 2359 Gu.
1250 2333 1277 2361 1.
1300 2345 1340 2352 ——
1374 2328 1423 2370 66)
1445 2336 1559 2358 natura
1581 2329 1638 2358 Gu.
1653 2332 1680 2361 2.
1703 2329 1755 2356 Ar.
1781 2341 1817 2347 -
1841 2322 1888 2357 67)
1910 2321 1998 2361 VUlg-

1050 2372 1118 2401 add.
1141 2372 1305 2410 spectanda
1327 2376 1418 2411 (exsp.
1442 2373 1478 2403 al.
1502 2383 1548 2412 pr.
1569 2375 1646 2405 va).
1671 2369 1751 2408 quod
1773 2376 1830 2394 om·
1854 2364 1910 2393 Gu-
1927 2367 1953 2395 1·
1968 2366 1997 2395 2-
