2264 2830
0 1311 69 1351 143]

647 116 882 153 INSTIT.
925 118 1108 155 GRAM.
1149 118 1340 156 LIBER
1379 119 1419 155 11.

140 211 210 243 Aliis
238 211 274 243 ita
302 211 442 243 disserere
473 210 581 253 placuit.
627 209 747 252 Tempus
777 216 816 242 est
847 211 1027 243 diuturnitatis

74 256 205 297 spatium,
238 261 281 285 aut
304 256 387 296 ipsius
410 255 489 295 spatii
513 253 699 290 intervallum,
728 260 770 284 aut
794 255 834 285 rei
858 255 1026 286 administra-

75 299 147 328 tivae
180 308 263 328 mora.
320 297 461 338 Tempora
493 303 551 326 sunt
581 297 649 327 tria:
688 297 803 333 instans,
839 298 1025 338 praeteritum,

71 339 197 370 futurum.
244 340 361 375 lnstans,
400 351 458 370 cum
489 340 515 369 in
545 340 682 380 praesenti
714 340 776 379 quid
807 340 868 370 lieri
900 340 1026 374 ostendit,

71 388 99 412 ut
123 382 204 418 timo,
228 382 328 413 scribo.
374 381 571 415 Praeteritum,
596 393 653 411 cum
677 388 838 412 transactum
859 382 921 423 quid
943 383 1027 423 sigui-

72 424 222 461 ticaniusst,
254 431 279 455 ut
310 424 416 460 limari,
446 423 542 453 scribsi
557 424 580 453 ².
633 425 774 459 Futurum,
807 436 866 454 cum
896 424 1027 455 facturum

74 467 218 507 aliquem³
243 467 422 502 demonstrat,
450 473 475 496 ut
499 465 614 500 limabo,
646 467 772 496 scribam.
819 467 964 497 Praeteriti
987 473 1025 496 ta-

74 519 136 538 men
161 508 333 540 differentiae
363 514 422 538 sunt
444 515 565 549 quatuor.
612 508 811 538 lncoliativae⁴
840 509 898 538 sive
925 510 1023 549 imper-

73 551 171 587 fectae,
196 558 221 581 ut
244 551 380 593 legebam,
405 551 539 581 limabant.
585 550 765 586 Praeteritae,
786 557 811 580 ut
831 551 931 587 limavi,
955 551 1023 591 legi.

73 593 263 629 Obliteratae,
295 600 320 623 ut
350 593 525 629 liinaveraiu,
561 592 693 633 legeram.
749 593 964 629 Recordativae,
999 600 1025 624 ut

74 636 242 671 limaverim,
267 635 394 676 legerim.

140 680 187 710 12,
211 678 333 708 Persona
356 687 395 707 est
421 677 567 708 substantia
590 677 706 708 nominis
726 677 759 707 ad
781 678 918 720 propriam
939 678 1024 717 signi-

73 720 228 751 ficationem
252 720 359 750 dicendi
382 720 477 750 relata.
524 719 704 750 Personarum
728 722 823 750 notitia
847 727 886 751 est
909 721 1023 761 triplex:

73 763 196 803 primae,
219 762 370 797 secundae,
403 763 510 792 tertiae.
557 762 647 792 Prima
679 768 718 792 est
746 773 815 804 quae
842 763 971 802 loquitur,
997 762 1023 791 id

73 810 130 840 est,
155 815 170 834 a
193 816 244 846 qua
267 804 378 839 dicitur,
403 810 429 834 ut
451 805 527 844 lego,
552 804 675 843 legimus.
721 805 848 835 Secunda
872 810 912 834 est
934 816 949 833 a
972 815 1023 845 qua

73 847 187 882 dicitur,
220 852 245 876 et
278 846 312 876 ad
342 857 420 885 quam
449 844 593 886 personam
623 846 734 883 dicitur,
762 853 786 876 ut
816 847 899 882 dicis,
924 845 1022 876 (licitis.

72 888 167 919 Tertia
193 896 230 919 est
255 888 290 918 de
314 900 365 929 qua
388 889 500 922 dicitur.
532 895 558 918 et
583 888 616 918 ad
642 900 721 928 quam
745 899 890 929 personam
918 888 1022 923 dicitur,

73 938 100 961 ut
123 931 206 965 dixit,
236 930 360 961 dixerunt
372 933 396 960 ⁴⁹¹.
441 931 581 968 Quaedam
608 930 694 960 verba
721 930 784 970 quid
811 930 897 961 semel
927 930 1024 961 sactum

72 974 243 1013 significant,
275 980 302 1004 ut
324 973 409 1013 lego;
437 973 570 1014 quaedam
592 983 695 1012 saepe,
727 979 752 1002 ut
775 972 861 1005 lecto:
890 973 1023 1015 quaedam

72 1016 198 1055 saepius,
223 1021 248 1045 ut
269 1015 369 1045 lectito.

140 1060 186 1089 13.
210 1058 338 1088 Breviter
367 1063 455 1087 autem
490 1063 517 1087 et
548 1057 668 1097 apertius
700 1057 735 1086 ab
767 1056 829 1087 aliis
858 1056 1023 1097 significatio

73 1099 220 1130 verborum
243 1100 352 1129 delinita
379 1106 435 1134 est,
465 1100 509 1140 qui
541 1100 566 1129 in
595 1099 703 1139 species
732 1100 849 1140 quinque
872 1111 932 1129 eam
956 1100 1022 1129 ‹liii-

75 1148 184 1176 scruut,
216 1141 268 1171 hoc
291 1141 383 1171 modo:
414 1141 502 1171 activa
533 1148 588 1176 est,
621 1147 645 1171 ut
669 1141 750 1181 leg‘m
780 1142 906 1181 passiva,
937 1148 961 1171 ut
985 1142 1022 1171 le-

75 1195 142 1225 gom
172 1190 282 1218 neutra,
306 1189 332 1213 ut
356 1190 412 1215 sto:
446 1183 603 1223 deponens,
629 1189 654 1212 ut
677 1194 786 1215 uas-cor:
811 1185 972 1219 communis,
997 1190 1024 1213 ut

73 1225 200 1267 populor.
245 1226 321 1266 Ergo
352 1225 406 1255 hae
431 1225 647 1265 significationes
677 1226 716 1255 sic
746 1225 873 1256 facillime
905 1226 1023 1267 intelligi

73 1274 209 1309 poterunt.

140 1311 266 1339 Activum
297 1308 349 1339 erit
380 1308 536 1344 verhum⁶‚
568 1309 638 1349 quod
668 1310 815 1350 pronuneia
827 1310 836 1339 ll
847 1311 902 1340 tivo
934 1309 1024 1345 modo,

74 1352 214 1393 praesenti
237 1358 381 1392 tempore,
406 1362 523 1391 persona
549 1362 650 1391 pruna,
674 1362 691 1380 o
715 1352 794 1382 litera
817 1352 932 1387 linitum,
956 1353 1025 1382 acci-

74 1405 143 1436 pere
171 1394 271 1434 poterit
299 1405 313 1422 r
348 1393 455 1423 literam
485 1400 510 1423 et
540 1393 634 1423 facere
668 1394 781 1424 verbum
810 1395 962 1435 passivum,
1001 1401 1028 1425 ut

74 1436 184 1471 scribo,
208 1435 329 1469 scribom
356 1435 437 1476 lego,
461 1436 551 1475 legor.

141 1478 279 1508 Passivum
303 1478 363 1513 erit,
387 1477 458 1518 quod
482 1475 500 1506 ν’
516 1478 597 1508 litera
617 1477 716 1508 linitum
740 1479 864 1508 amittere
883 1489 943 1508 eam
966 1484 1024 1518 pot-

76 1520 130 1551 erit
160 1527 186 1551 et
213 1520 308 1550 facere
337 1519 450 1550 verbum
480 1520 609 1555 activum,
645 1527 671 1550 ut
699 1520 799 1556 ducor,
824 1521 933 1555 trahor;
964 1521 1024 1550 sub-

77 1563 133 1592 lata
157 1563 229 1592 euim
248 1574 261 1590 r
286 1562 331 1591 liet
354 1562 485 1597 activum,
511 1562 622 1598 duco⁷,
645 1562 733 1593 traho.

139 1604 274 1635 Neutrum
297 1604 363 1640 erit,
387 1604 458 1644 quod
482 1617 495 1633 υ
518 1604 598 1634 litera
622 1605 722 1634 linitum
744 1616 757 1633 r
779 1605 886 1635 literam
906 1615 959 1634 non
982 1615 1025 1635 re-

77 1646 157 1688 cipit,
190 1653 217 1676 et
245 1657 304 1676 eum
332 1646 366 1676 sit
395 1647 484 1676 activa
511 1648 623 1687 specie,
656 1647 791 1687 passivam
821 1658 874 1677 non
902 1647 1024 1683 habebit,

77 1695 106 1720 ut
127 1699 220 1723 curro;
244 1698 296 1718 non
319 1688 390 1718 enim
413 1688 524 1718 dicimus
547 1699 650 1718 eurror.

140 1731 289 1770 Deponens
308 1740 360 1771 per
381 1729 572 1771 antiphrasin⁸
595 1731 698 1765 dicitur,
724 1730 750 1760 id
770 1737 824 1766 est,
849 1741 864 1760 e
880 1731 1026 1766 contrario,

78 1773 151 1814 quod
176 1771 289 1802 verbum
317 1783 330 1800 r
358 1771 436 1802 litera
467 1772 567 1802 linitum
598 1773 739 1813 deponere
762 1783 824 1802 eam
853 1784 906 1803 non
928 1780 1026 1814 potest,

77 1822 106 1847 et
126 1826 185 1845 cum
206 1815 240 1844 sit
262 1814 372 1854 passiva
391 1815 494 1855 specie,
519 1815 635 1845 activum
654 1826 708 1844 non
728 1814 849 1851 habebit,
872 1822 896 1845 ut
915 1826 1028 1851 nascor;

77 1867 134 1888 non
155 1857 228 1887 enim
250 1855 362 1886 dicimus
383 1866 476 1886 nas-co.

144 1898 292 1929 Commune
322 1904 362 1928 est
384 1897 540 1934 verbum9,
574 1898 646 1940 quod
677 1899 771 1939 specie
795 1899 923 1940 passivae
946 1899 1029 1930 decli-

79 1941 196 1972 nationis
229 1946 256 1971 et
283 1939 417 1981 passivam
447 1945 474 1969 et
497 1941 613 1971 activam
645 1942 763 1972 continet
791 1941 1029 1984 significationem,

79 1991 108 2015 ut
128 1982 246 2025 populor
267 1988 294 2012 te
307 2007 314 2018 ,
338 1981 456 2023 populor
478 1992 494 2011 a
518 1988 554 2013 te.

152 2084 179 2115 1)
202 2082 321 2116 Signifn
347 2082 386 2108 sic
411 2091 462 2108 non
487 2082 563 2117 plene
586 2083 684 2119 scripto
709 2084 789 2109 verbo
814 2083 879 2109 cod.
905 2084 1031 2110 Fortasse

80 2117 227 2151 significat.
323 2118 351 2148 2)
377 2117 475 2142 Scribsi
496 2117 564 2144 eod.
662 2120 691 2151 3)
715 2119 863 2144 Facturum
889 2119 954 2151 quid
980 2120 1030 2144 ali-

80 2161 159 2185 quem
177 2152 247 2177 Edd.
270 2152 335 2183 quid
362 2160 412 2177 om.
432 2151 499 2177 Cod.
603 2152 632 2185 4)
651 2154 805 2179 lucubatiue
830 2153 896 2180 eod.
925 2153 1032 2178 inchoa-

80 2187 152 2212 tinae
175 2186 244 2212 Edd.
265 2186 301 2211 O.
388 2186 415 2218 5)
436 2185 540 2211 Dicunt
557 2185 626 2211 Edd.
646 2188 774 2213 dixerunt
793 2187 860 2213 Cod.
948 2189 978 2219 6)
996 2189 1031 2213 A·

80 2221 180 2248 ocinum
206 2221 255 2245 crit
278 2220 386 2245 verbum
417 2220 485 2245 Cod.
516 2221 639 2246 Activum
657 2226 702 2248 est
720 2232 744 2248 υ.
773 2222 841 2248 Edd.
947 2223 975 2254 7)
998 2223 1031 2248 Ut

82 2257 151 2281 duco
176 2254 245 2281 Edd.
265 2254 299 2279 O.
324 2257 356 2279 ut
374 2255 448 2280 abest
466 2254 493 2279 in
512 2254 578 2280 eod.
683 2257 712 2285 8)
737 2256 888 2289 Antifrasin
907 2256 1031 2289 scriptum

81 2291 108 2315 in
133 2289 200 2315 Cod.
316 2287 352 2319 9)
382 2289 496 2314 Verbum
525 2293 562 2314 est
591 2289 661 2314 Edd.
687 2291 720 2316 Ο,
756 2295 793 2315 cst
823 2291 929 2315 verbum
964 2291 1031 2318 Cod.

82 2325 128 2355 10)
157 2323 191 2348 Ut
217 2330 276 2348 arno
303 2330 377 2347 amas
404 2324 487 2348 Fabr.
514 2323 545 2348 P.
574 2328 604 2349 ut
631 2332 689 2348 arno
715 2333 789 2349 amas
813 2329 885 2350 amat
914 2325 965 2351 Ed.
991 2334 1032 2359 pr.

82 2359 155 2384 velut
176 2366 234 2382 amo
260 2365 333 2381 amas
357 2361 429 2382 amat
459 2357 525 2382 Cod.
632 2359 678 2389 11)
706 2358 740 2383 Ut
770 2359 838 2384 Edd.
869 2359 941 2384 velut
966 2359 1032 2386 Cod.

83 2394 129 2425 12)
154 2391 187 2418 Ut
206 2391 277 2417 Edd.
301 2391 373 2416 velut
392 2391 459 2420 Cod.
555 2392 600 2425 13)
622 2393 803 2419 Praescribere
826 2393 895 2420 Edd.
915 2394 950 2419 Ο.
972 2402 1034 2427 pcr-

143 2445 308 2473 GRAMMAT.
324 2442 398 2482 Lxr.
412 2443 462 2481 IV.

1060 2222 1199 2255 finitivum
1226 2222 1292 2247 Cod.

1960 122 2008 157 97

1510 247 1552 282 V.

1312 321 1362 352 De
1391 321 1550 352 ordinibus
1580 323 1751 355 verborum.

1128 408 1154 436 1.
1179 405 1298 436 Ordines
1321 408 1466 439 verborum
1490 414 1547 439 sunt
1570 414 1694 449 quatuor,
1727 409 1771 450 qui
1796 408 1881 440 verba
1903 408 2007 450 disper-

1062 448 1135 478 tiunt.
1182 448 1261 478 Primi
1285 450 1387 480 ordinis
1417 458 1456 481 est
1488 451 1616 486 verbum,
1647 452 1720 481 euius
1743 451 1861 482 secunda
1889 462 2009 492 persona

1062 502 1092 518 cis
1116 490 1201 519 literis
1222 492 1392 528 terminatur,
1418 493 1490 523 velut
1513 505 1582 529 amo,
1607 504 1695 528 amas,
1721 501 1792 524 amat
1809 495 1843 524 ¹⁰.
1889 494 2010 524 Secundi

1062 532 1166 562 ordinis
1191 540 1229 562 est
1253 534 1380 570 verbum,
1415 536 1488 565 cuius
1511 535 1628 565 secunda
1654 547 1772 576 persona
1795 549 1820 565 es
1841 535 2008 571 terminatur,

1061 574 1133 604 velut
1149 574 1170 591 ¹¹
1195 581 1283 611 teneo,
1308 584 1393 607 tenes.
1438 577 1524 607 Tertii
1547 578 1650 608 ordinis
1670 584 1710 607 est
1729 579 1850 614 verbum,
1874 579 1948 609 cuius
1967 588 2009 608 se-

1062 617 1147 646 cunda
1171 627 1287 656 persona
1312 630 1362 659 per
1385 623 1406 648 is
1429 626 1583 661 correptam
1606 621 1773 656 terminatur,
1798 628 1824 651 ut
1850 631 1915 660 ago,
1937 620 2008 659 agis.

1060 659 1155 696 Qssffl‘li
1178 659 1281 689 ordinis
1304 667 1343 690 est
1367 662 1495 697 verbum,
1526 663 1600 692 cuius
1628 663 1746 693 secunda
1768 660 1888 704 persona
1911 662 2009 702 produ-

1060 702 1109 730 ctis
1131 704 1152 728 is
1181 701 1267 731 literis
1289 705 1462 740 terminatur,
1501 704 1572 734 velut
1586 704 1614 722 ¹²
1642 705 1746 741 munio,
1777 706 1870 735 munis.
1917 704 2010 745 ltaque

1059 743 1150 772 omnia
1174 743 1276 778 verba,
1299 756 1369 785 quae
1392 747 1523 776 eiusmodi
1543 747 1648 777 ordinis
1672 754 1764 783 erunt,
1787 746 1902 776 similem
1928 747 2009 776 etiam

1060 785 1269 815 declinationem
1292 786 1409 823 liabent,
1441 795 1467 818 et
1497 789 1559 818 ideo
1583 789 1646 818 satis
1669 796 1709 818 est
1729 798 1764 817 ex
1786 800 1892 834 quoque
1913 788 2010 819 ordine

1059 827 1188 867 cuiusque
1212 827 1288 858 verbi
1313 836 1364 859 tam
1388 831 1469 860 activi
1496 842 1574 870 quam
1603 830 1702 870 passivi
1728 830 1935 860 declinationem
1960 840 2011 871 per

1059 869 1148 898 omnia
1179 875 1304 910 tempora
1334 878 1360 901 et
1390 872 1486 901 modos
1515 872 1633 911 exempli
1666 872 1756 911 gratia
1785 872 2007 911 perscriberem.

1059 911 1129 941 Nam
1151 911 1223 941 modi
1244 913 1390 943 verborum
1410 914 1469 944 sive
1489 914 1631 955 qualitates
1653 919 1711 943 sunt
1731 914 1863 954 quinque:
1893 924 2009 953 pronun-

1060 954 1174 983 ciativus
1196 965 1244 984 seu
1267 955 1399 991 finitivus,
1432 956 1622 997 imperativus,
1653 956 1805 995 optativus,
1830 955 2011 985 suluiunetivus

1059 1006 1107 1026 seu
1130 996 1329 1034 coniunctis-us,
1354 997 1513 1032 infinitivus;
1544 997 1713 1029 declinantur
1735 1004 1823 1028 autem
1846 997 1898 1028 lioc
1920 998 2010 1028 modo.

1223 1107 1404 1137 Declinalz‘o
1437 1107 1524 1137 verbi
1554 1107 1672 1136 ordinis
1700 1107 1844 1146 primiffl.

1125 1192 1152 1223 2.
1177 1190 1298 1222 Verbum
1323 1191 1489 1221 linitivum¹⁵
1512 1190 1615 1221 ordinis
1637 1189 1731 1231 primi,
1758 1191 1872 1220 activum
1894 1196 1920 1220 et
1943 1201 2002 1231 pas-

1059 1233 1159 1269 sivum,
1185 1235 1315 1274 temporis
1338 1234 1489 1268 indomitis,
1516 1233 1620 1264 numeri
1640 1232 1798 1274 singularis:

1124 1284 1209 1319 Amo,
1234 1295 1323 1319 amas,
1348 1291 1426 1314 amat.

1061 1326 1095 1356 Et
1117 1326 1274 1366 pluraliter:
1298 1337 1432 1361 amamus,
1457 1327 1566 1361 amatis,
1591 1331 1687 1356 amant.

1062 1368 1205 1398 Praeteriti
1230 1368 1438 1409 imperfectiffi:
1463 1368 1603 1404 amabam,
1629 1369 1756 1405 amabas,
1777 1367 1893 1399 amabat.

1061 1409 1181 1439 Persecti
1196 1410 1237 1439 ¹⁷:
1268 1412 1366 1440 amavi.

1063 1451 1336 1493 Plusquampersecti:
1367 1463 1531 1484 amaveram.

1060 1494 1173 1525 Futuri:
1198 1495 1304 1525 amabo.

1122 1545 1287 1586 liuperativa
1310 1546 1445 1575 instantis:
1469 1556 1546 1580 ama,
1570 1550 1649 1574 amet.

1060 1588 1168 1618 Futuri:
1193 1593 1281 1618 amato
1304 1593 1344 1623 tu,
1369 1594 1459 1617 amato
1482 1587 1539 1618 ille.

1125 1638 1254 1678 Optativa
1276 1638 1419 1679 praeteriti
1442 1637 1614 1679 imperfecti:
1639 1642 1664 1667 ut
1686 1647 1813 1667 amarem.

1062 1680 1195 1710 Persecti:
1221 1687 1246 1710 ut
1269 1680 1426 1710 amaverim.

1062 1722 1340 1764 Pliisquamperfecti:
1364 1728 1390 1751 ut
1414 1721 1585 1752 amavissem.

1063 1765 1171 1796 Futuri:
1197 1771 1222 1796 ut
1245 1775 1342 1794 amem.

1127 1815 1303 1845 Subiunetiva
1327 1814 1465 1845 instantis:
1489 1823 1549 1843 cum
1571 1822 1667 1843 amem.

1064 1856 1224 1888 Praeteriti:
1251 1868 1309 1887 eum
1333 1866 1461 1888 amarem.

1064 1899 1210 1930 Praeteriti
1232 1899 1362 1940 perfecti:
1392 1909 1451 1929 cum
1471 1896 1629 1928 amaverim.

1066 1941 1339 1982 Plusquampersecti:
1366 1952 1426 1971 cum
1450 1940 1621 1970 amavissem.

1065 1984 1174 2015 Futuri:
1198 1995 1257 2015 cum
1281 1993 1420 2014 amavero.

1066 2084 1177 2109 scribere
1205 2083 1268 2109 cod.
1385 2084 1430 2116 14)
1454 2083 1496 2109 De
1519 2079 1740 2108 declinationibus
1767 2078 1913 2115 verborum²
1946 2076 2010 2114 .D?’

1067 2119 1175 2144 clinatio
1195 2118 1296 2144 ordinis
1311 2118 1393 2152 primi
1416 2119 1497 2144 Fabr.
1516 2117 1548 2143 P.
1583 2116 1699 2140 Priorem
1718 2118 1816 2147 partem
1837 2113 2011 2150 inscriptionis

1067 2154 1161 2179 adiecit
1187 2154 1269 2179 Fabr.
1294 2153 1327 2178 de
1351 2161 1414 2183 suo;
1443 2157 1547 2178 secutus
1575 2155 1631 2180 est,
1662 2153 1689 2174 ut
1715 2148 1794 2179 solet,
1820 2147 1865 2172 Ρ,;
1891 2149 2011 2176 ignorant.

1067 2188 1132 2214 COd.
1153 2187 1204 2212 Ed·
1225 2196 1264 2221 pr·
1371 2188 1416 2219 15)
1441 2187 1551 2212 Verbum
1576 2183 1735 2216 infinitivum
1759 2180 1828 2206 Edd.
1848 2181 1881 2202 O.
1906 2179 2011 2216 verbum

1400 2223 1445 2254 16)
1471 2219 1613 2246 Praeteriti
1638 2218 1743 2250 impos.
1770 2213 1836 2237 Cod.
1866 2216 2012 2244 praeter-no

1067 2258 1218 2290 imperfecto
1245 2255 1315 2282 Edd.
1359 2255 1389 2280 In
1414 2265 1488 2290 seqq.
1514 2255 1570 2280 fere
1596 2259 1696 2284 semper
1720 2250 1745 2286 it]
1765 2247 1829 2285 Cod.
1859 2255 1909 2284 non
1936 2247 2012 2286 plene

1067 2292 1163 2324 scripta
1183 2294 1242 2315 sunt
1260 2291 1324 2315 haec
1341 2294 1481 2324 temporum
1501 2288 1615 2314 nomina.
1636 2285 1681 2309 sed
1699 2283 1748 2320 ubi⁶
1760 2286 1858 2313 scripta
1877 2289 2011 2319 iiiveiiiun—

1068 2330 1128 2356 tur,
1159 2321 1275 2357 'genitivo
1301 2325 1439 2357 leguntur.
1474 2332 1547 2357 quam
1575 2322 1680 2345 formam
1707 2317 1940 2353 ubique-*resumo
1983 2316 2013 2340 ln

1069 2360 1158 2384 formis
1178 2359 1287 2393 optativi
1312 2361 1368 2384 sine
1391 2359 1468 2384 dubio
1495 2362 1595 2388 semper
1619 2351 1751 2393 legendum
1779 2353 1881 2387 ulman-2
1907 2357 1953 2388 pro
1972 2354 2015 2374 ut.

1071 2395 1114 2423 17)
1138 2394 1286 2420 Praeterito
1303 2396 1421 2426 perfecto
1445 2392 1514 2418 Edd.
1539 2389 1650 2422 ptrssctz
1676 2384 1742 2410 eod.
1768 2392 1817 2409 om.
1837 2391 1919 2416 priori
1939 2392 2013 2409 voce.

1566 2430 1597 2462 N

2017 1239 2101 1280 [144]
