2264 2830
792 91 1040 127 ORIGINUM
1066 95 1211 131 LIBER
1231 98 1288 131 ix.
1947 104 2022 139 289

70 188 200 222 Albani.
252 188 384 222 Horum
411 189 535 234 glauca
561 187 683 228 oculis,
712 185 747 219 id
776 190 824 219 est
851 185 975 232 picta³⁷
1002 187 1117 222 inest³⁸
1144 189 1321 237 pupilla³⁹‚
1350 192 1437 226 adeo
1466 197 1501 226 ut
1524 197 1621 228 nocte
1642 193 1718 238 plus
1738 206 1840 238 quam
1869 198 1923 232 die
1947 211 2022 233 cer-

69 246 156 274 nant.
209 240 332 273 Albani
359 246 469 273 autem
497 240 594 273 vicini
622 236 868 272 Amazonu1n⁴⁰
893 240 1034 274 suerunt.

234 293 294 324 (56.
349 292 468 337 Ugnos
501 296 596 324 antea
630 291 772 323 Hunnos
804 289 991 333 vocatosfl,
1033 298 1204 337 postremo
1239 307 1258 328 a
1292 307 1374 340 rege
1402 307 1461 328 suo
1492 292 1657 329 Avaros⁴²
1690 297 1934 342 appellatos⁴³‚
1968 304 2024 346 qui

69 343 162 386 prius
190 344 221 376 in
251 344 364 376 ultima
391 343 565 376 Maeotide
599 342 682 375 inter
718 342 900 387 glacialem
926 344 1068 377 Tanaim
1104 351 1136 378 et
1171 346 1440 391 Massagetarum
1478 347 1638 380 immanes
1674 350 1822 393 populos
1849 351 2025 387 habitave-

70 399 153 428 runt.
203 396 335 428 Deinde
350 395 540 440 pernicibus
563 391 690 437 equit-‚⁴¹
718 395 859 428 Caucasi
877 396 1025 440 rupibus,
1054 398 1110 430 ubi
1137 398 1223 430 seras
1251 404 1366 443 gentes
1384 399 1565 432 Alexandri
1589 400 1734 433 claustra
1753 403 1926 446 cohibent,
1948 418 2024 439 eru-

69 443 246 489 perunt⁴⁵,
287 453 319 480 et
346 447 506 479 orientem
535 446 651 491 viginti
683 447 773 479 annis
800 445 1010 481 tenueruntni
1043 450 1213 493 captivum
1227 447 1269 490 ⁴³,
1311 455 1342 483 et
1378 451 1420 482 ab
1456 451 1632 496 Aegyptiis
1669 458 1769 496 atque
1797 455 2025 502 Aethiopibus

69 509 213 531 annuum
242 498 386 544 vectigal
413 504 604 543 exegerunt.

232 549 291 582 67.
345 550 568 583 Troianorum
595 561 677 595 gens
705 554 800 582 antea
814 546 838 566 *Β
864 550 1023 583 Dardana
1045 563 1064 583 a
1094 552 1252 584 Dardano
1291 548 1406 597 rege'9
1434 553 1611 585 nominata.

70 601 172 634 Iasius
199 601 314 634 fratres
325 598 350 617 ⁵⁰

69 652 181 697 ibique
207 654 333 698 primus
361 654 520 698 regnavit.

68 705 132 738 iani
158 706 339 749 nuncupati
362 710 445 738 sunt.

231 757 291 790 65.
346 757 489 790 Galatae
516 757 608 790 Galli
636 768 706 790 esse
734 762 929 798 noscuntur,
962 758 1019 801 qui
1047 758 1079 791 in
1119 759 1277 793 auxilium
1313 771 1331 791 a
1359 771 1441 804 rege
1472 758 1652 803 Bithyniae
1691 763 1840 803 evocati,
1883 776 2026 810 regnum

1666 556 1751 588 Nam
1788 557 1962 592 Dardanus
1993 567 2025 594 et

377 614 395 635 e
424 602 567 636 Graecia
596 602 757 645 profecti,
787 613 826 634 ex
854 602 891 634 iis
920 602 1019 635 lasius
1048 603 1091 636 ad
1126 603 1330 645 Thraciam,
1374 604 1549 637 Dardanus
1576 604 1618 637 ad
1648 606 1831 652 Phrygiam
1860 613 2025 654 pervenit,

574 654 653 686 l'ost
680 665 780 697 quem
808 654 895 686 lilius
923 655 990 687 eius
1018 655 1278 697 Erichthonius,
1308 656 1430 688 deinde
1455 668 1561 700 nepos
1589 657 1657 690 eius
1679 658 1784 700 Tros,
1813 673 1913 705 aquo
1933 664 2025 697 Tro-

68 818 143 841 cum
172 819 213 840 eo
242 815 379 853 peracta
411 809 548 842 victoria
576 809 778 849 diviserunt,
807 809 919 852 sicque
940 808 1063 843 deinde
1091 810 1230 844 Graecis
1257 810 1395 843 admixti
1423 811 1568 856 primum
1597 811 1836 858 Gallograeci,
1872 827 1959 851 nunc
1986 830 2026 853 ex

67 860 202 904 antiquo
235 861 415 893 Gallorum
442 860 574 894 nomine
603 860 745 893 Galatae
774 865 1016 905 nuncupantur.

232 912 291 946 69.
348 913 472 946 Graeci
499 918 575 945 ante
603 911 757 945 Thessali
784 924 802 944 a
830 912 1018 954 Thessalo,
1060 918 1176 957 postea
1205 926 1223 946 a
1259 913 1394 948 Graeco
1430 926 1512 960 rege
1541 914 1665 949 Graeci
1695 921 1769 948 sunt
1799 919 1979 964 nuncupati
1991 915 2023 954 ⁵¹.

66 963 153 996 Nam
182 963 306 998 Graeci
332 966 471 1009 proprie
498 963 655 997 Thessali
681 968 764 996 sunt.

232 1015 289 1048 70.
344 1015 508 1060 Lapithas
536 1020 647 1048 autem
674 1020 810 1059 gentem
837 1014 1034 1049 Thessaliae
1062 1016 1158 1049 fuisse
1186 1017 1292 1058 aiunt,
1322 1017 1410 1051 circa
1438 1018 1567 1051 Penion
1579 1014 1604 1035 ⁵²
1631 1030 1762 1052 amnem
1780 1020 1861 1053 olim
1892 1019 2025 1055 inhabi-

65 1072 208 1108 tantem,
237 1079 255 1100 a
281 1067 430 1112 Lapitha
451 1067 618 1112 Apollinis
645 1067 714 1099 filia
741 1072 959 1112 nuncupatos.

232 1119 290 1152 Π.
345 1116 541 1163 Sicyones⁵³
573 1118 696 1152 Graeci
718 1125 791 1152 sunt
818 1120 1017 1164 nuncupati,
1053 1131 1071 1152 a
1099 1131 1182 1164 rege
1219 1117 1410 1164 Sicyonem.
1466 1120 1511 1153 Hi
1540 1121 1687 1166 primum
1723 1119 1894 1166 Agialei⁵⁵
1921 1135 2024 1158 voca—

65 1169 201 1211 bantur,
239 1182 258 1203 a
286 1182 368 1216 rege
395 1171 548 1216 Agialio‚
581 1171 637 1214 qui
669 1171 796 1215 primus
823 1171 999 1216 imperavit
1033 1171 1196 1215 Sicyoniis
1211 1168 1252 1213 ⁵¹³,
1280 1184 1299 1204 a
1326 1184 1394 1215 quo
1423 1177 1456 1205 et
1482 1173 1627 1217 Agialea
1658 1173 1770 1207 civitas
1782 1171 1806 1190 ⁵²
1833 1180 2024 1220 nuncupata

65 1226 129 1261 est,
159 1234 246 1265 quae
273 1234 361 1256 nunc
388 1219 689 1267 Peloponnensis⁵¹⁹
716 1234 735 1254 a
758 1223 887 1266 Pelope
916 1234 997 1267 rege
1025 1234 1092 1256 suo.
1147 1223 1212 1267 Ipsi
1242 1228 1315 1255 sunt
1342 1228 1374 1255 et
1402 1223 1572 1265 Arcades,
1601 1224 1643 1257 ab
1668 1225 1802 1258 Arcade
1830 1237 1912 1271 rege
1937 1228 2024 1260 lovis

65 1280 97 1305 et
124 1272 277 1318 Calystus
287 1270 312 1291 5⁹
338 1274 409 1306 lilio
437 1274 526 1307 dicti.

230 1324 288 1356 72.
344 1325 451 1357 Danai
487 1336 506 1356 a
541 1324 658 1356 Danao
685 1334 767 1368 rege
801 1323 919 1356 vocati.
986 1323 1091 1355 Iidem
1125 1329 1158 1356 et
1192 1324 1327 1368 Argivi,
1364 1325 1407 1356 ab
1441 1325 1537 1370 Argo
1565 1325 1740 1359 conditore
1778 1329 2020 1372 cognominati,

65 1375 246 1418 Postquam
274 1381 385 1408 autem
416 1387 473 1408 rex
495 1375 705 1408 Graecorum
732 1371 851 1418 Apis⁶⁰
874 1379 1023 1407 mortuus
1047 1381 1113 1414 est,
1149 1374 1228 1407 huic
1255 1376 1342 1408 filius
1370 1377 1481 1420 Argus
1509 1377 1664 1411 successit
1690 1377 1722 1409 in
1749 1389 1892 1422 regnum
1903 1375 1945 1423 ⁶¹,
1989 1386 2022 1414 et

64 1438 104 1459 ex
125 1439 166 1459 eo
187 1427 305 1471 Argivi
334 1427 442 1460 vocati
469 1432 542 1460 sunt
553 1424 597 1466 ⁸⁵²,
625 1427 682 1469 qui
710 1426 809 1459 etiarn
833 1427 874 1458 ab
902 1427 948 1459 eis
971 1432 1049 1470 post
1076 1426 1203 1459 obitum
1225 1433 1259 1459 ut
1273 1424 1297 1443 ⁰³³
1326 1427 1417 1460 Deus
1443 1427 1563 1460 haberi
1592 1429 1722 1472 coepit,
1749 1430 1879 1473 templo
1908 1437 1940 1463 et
1967 1443 2020 1464 sa—

64 1478 189 1513 crilicio
216 1478 409 1511 honoratus.

226 1530 285 1562 73.
339 1528 487 1568 Achaei,
515 1528 571 1572 qui
600 1524 667 1560 et⁸⁴
695 1526 836 1567 Achivi,
864 1528 906 1560 ab
934 1527 1076 1560 Achaeo
1101 1528 1187 1560 Iovis
1215 1528 1284 1560 filio
1313 1527 1401 1561 dicti.

227 1580 285 1614 7⁴.
345 1580 478 1624 Pelasgi
506 1579 680 1620 nominati,
709 1579 787 1621 quia
810 1589 886 1612 cum
915 1579 995 1611 velis
1018 1580 1127 1624 pansis
1140 1576 1165 1596 ⁶⁵
1188 1590 1289 1612 verno
1310 1584 1465 1624 ternpore
1493 1579 1663 1614 advenisse
1689 1581 1820 1614 ltaliam
1851 1582 1907 1615 visi
1935 1591 2019 1625 sunt,

62 1638 97 1665 ut
124 1642 208 1665 aves.
263 1632 377 1665 Primo
401 1632 487 1664 enim
501 1628 526 1647 '³⁶
553 1631 661 1663 Varro
690 1630 821 1663 ltaliam
848 1630 1016 1675 appulisse
1028 1628 1052 1648 '⁵⁷
1081 1636 1334 1665 commemorat.
1388 1632 1511 1666 Graeci
1537 1643 1616 1666 vero
1638 1633 1800 1678 Pelasgos
1828 1635 1870 1667 ab
1899 1634 1984 1668 Iovis
1994 1634 2019 1653 ⁶⁸

63 1689 94 1716 et
121 1684 271 1718 Larissae
299 1684 370 1716 filio
381 1680 406 1700 ‘³⁹
433 1681 612 1727 perhibent
636 1682 752 1716 dictos

63 1786 111 1813 Sic
135 1786 191 1814 Gu.
213 1790 238 1818 1.
265 1802 300 1807 —
326 1785 535 1813 Amazonibus
557 1785 640 1823 vulg.
668 1801 702 1805 —
739 1784 788 1821 41)
814 1794 957 1811 vocamus
978 1784 1016 1812 al.
1063 1786 1164 1823 imper.
1190 1803 1226 1807 -—
1259 1789 1302 1819 57)
1327 1787 1437 1813 cis-itas
1454 1795 1511 1814 orn.
1529 1785 1578 1816 Ar.
1601 1801 1639 1807 —
1662 1788 1707 1822 58)
1726 1787 1899 1825 Pelopem-is
1923 1790 1978 1817 Gu.
1993 1793 2015 1821 1.

62 1838 108 1866 pr.
133 1844 174 1850 —
195 1827 244 1869 42)
267 1828 314 1856 Sic
339 1828 395 1856 Gu.
418 1831 442 1858 1.
466 1845 504 1849 —
529 1829 648 1856 Avares
668 1838 714 1856 va.
735 1843 776 1847 —
794 1827 913 1854 Abares
935 1827 1017 1864 vulg.
1062 1844 1104 1848 —
1127 1828 1351 1866 Peloponnesus
1369 1828 1414 1857 ed.
1432 1827 1521 1856 Goth.
1542 1828 1591 1858 Ar.
1609 1845 1648 1849 —
1668 1836 1792 1857 uocatur
1815 1830 1864 1859 hic
1883 1832 1951 1860 add.
1968 1843 2013 1871 pr.

62 1887 102 1891 -
125 1871 173 1908 43)
197 1870 282 1908 Vulg.
302 1870 372 1899 add.
397 1870 520 1906 dicunt,
544 1870 623 1909 quod
648 1880 704 1898 oni.
731 1871 826 1906 Gu.1.
846 1869 883 1897 al.
908 1879 952 1907 pr.
971 1879 1017 1897 va.
1064 1880 1110 1899 va.
1156 1870 1223 1900 Om.
1249 1878 1376 1900 vocatur
1399 1872 1453 1899 Gu.
1478 1874 1503 1901 1.
1526 1872 1554 1900 2.
1578 1881 1670 1908 quum
1694 1872 1774 1910 vulg.
1799 1873 1836 1901 sit
1858 1879 1927 1912 post
1949 1886 2015 1914 rege

62 1929 103 1934 -
125 1914 171 1947 44)
196 1915 280 1951 equis
304 1923 360 1941 om.
386 1913 443 1942 Gu.
465 1916 493 1944 2.
517 1929 558 1934 —
580 1916 628 1951 45)
652 1913 700 1941 Sic
725 1911 811 1940 Arev.
835 1921 871 1939 ex
896 1911 1017 1941 hieron.

62 1955 226 1994 Ep.30.—
239 1955 326 1992 Vulg.
338 1955 467 1994 rupibus
477 1956 569 1992 fera-s·
578 1961 681 1993 gentes
697 1953 868 1983 Alexandri
879 1954 1017 1982 claustra

62 1997 212 2026 cohibente
232 2003 379 2037 ruperunt
403 1998 632 2036 corruptissime.
661 1998 828 2026 cohibentes
851 1997 888 2026 al.
908 2007 954 2025 va.
974 2011 1015 2019 ——

61 2040 233 2068 cohibentia
247 2040 284 2069 al.
306 2057 348 2062 —
371 2040 459 2068 Arev.
483 2040 609 2069 coniecit
631 2041 766 2069 clanstro
789 2040 950 2069 cohibente.
973 2055 1014 2061 —

61 2084 106 2117 46)
130 2085 319 2111 retinuerunt
342 2082 416 2111 edit.
442 2082 532 2112 Goth.
556 2093 601 2122 pr.
624 2093 669 2112 va.
699 2100 742 2106 --
779 2082 827 2123 47)
858 2083 1013 2120 captivum

61 2125 101 2154 al.
126 2136 183 2154 om.
212 2143 250 2147 —
289 2123 337 2164 48)
368 2130 438 2152 ante
461 2125 517 2153 Gu.
540 2127 570 2155 2.
599 2141 640 2147 —-·
667 2127 712 2160 49)
736 2136 803 2164 rege
825 2136 882 2154 om.
904 2125 955 2153 Ar.
973 2141 1011 2146 —

60 2171 105 2202 50)
120 2169 227 2205 frater
249 2169 315 2196 cius
338 2167 375 2196 al.
398 2184 431 2188 -
457 2166 504 2206 51)
529 2166 604 2194 dicti
625 2173 696 2196 sunt
715 2169 751 2197 al.
773 2184 814 2190 —
837 2169 886 2205 52)
906 2168 1013 2195 Pelion

60 2209 117 2238 Gu.
139 2214 163 2242 1.
179 2213 207 2242 2.
225 2227 259 2232 —-
286 2212 418 2238 Peneum
433 2210 482 2237 Ar.
506 2225 545 2230 —
569 2211 617 2246 53)
638 2211 686 2238 Sic
704 2211 760 2239 Gu.
779 2213 804 2241 1,
820 2226 860 2232 —
879 2211 1013 2248 Slqvonii

60 2253 140 2291 vulg.
171 2271 208 2275 —
247 2251 293 2289 54)
316 2253 364 2280 Sic
384 2253 441 2281 Gu.
467 2255 493 2282 1.
515 2268 557 2273 —-
579 2251 664 2290 vulg.
682 2263 701 2279 a
717 2254 856 2290 Siqyonio
880 2264 954 2292 rege.
970 2269 1011 2274 —-

61 2307 81 2323 ιι
104 2297 217 2324 Sitione
240 2306 306 2333 rege
328 2295 385 2324 GU.
403 2298 432 2327 2.
456 2304 502 2322 va.
525 2309 566 2315 ·--
589 2293 635 2330 55)
658 2295 820 2334 Aegialaei
838 2317 844 2323 .
867 2317 874 2324 .
897 2296 1011 2334 Aegia-

62 2339 105 2365 leo
119 2339 169 2368 Ar.
184 2354 225 2359 —-
248 2338 385 2376 Agealca
399 2348 446 2376 pr.
466 2353 508 2358 —
530 2336 665 2375 Agealia
686 2347 733 2368 va,
757 2354 796 2359 —
819 2338 951 2376 Agialeo
973 2338 1011 2366 al.

64 2398 99 2401 —-
125 2381 255 2419 Aegialo
275 2381 313 2408 al.
338 2397 375 2402 —-
406 2381 453 2417 56)
476 2379 525 2407 Sic
550 2380 606 2407 Gu.
629 2382 655 2411 1.
677 2396 719 2402 —
748 2379 833 2418 Vulg.
860 2382 1010 2419 Sicyonii-5

101 2431 270 2461 ommam.
287 2440 355 2460 ιη.
369 2429 420 2459 111.

1061 1923 1126 1940 suo.
1148 1930 1191 1935 —
1220 1915 1267 1953 59)
1292 1915 1339 1942 Sic
1369 1913 1476 1952 scripsi
1499 1913 1536 1941 de
1566 1913 1744 1943 coniectura.
1773 1915 1886 1944 Callai
1909 1918 1964 1946 Gu.
1985 1920 2013 1948 2.

1062 1972 1099 1976 —
1128 1956 1295 1984 Calistmzis
1318 1957 1366 1985 Ar.
1388 1973 1423 1977 —
1453 1955 1589 1983 Cal-istae
1612 1956 1693 1994 vulg.
1718 1973 1760 1978 —
1789 1956 1838 1998 60)
1861 1960 1942 1997 Apis
1965 1972 2013 1988 rex

1062 1999 1116 2027 Gr.
1139 1999 1195 2028 Gu.
1213 2002 1242 2031 2,
1268 2016 1307 2021 —
1333 2000 1414 2037 Apis
1446 1999 1554 2028 Graec.
1577 2009 1627 2026 rex
1648 1999 1699 2027 Ar.
1724 2015 1761 2021 —-
1798 2002 1844 2037 61)
1867 2004 1900 2030 in
1922 2014 2011 2042 regno

1059 2040 1114 2069 Gu.
1136 2044 1166 2074 2.
1192 2058 1236 2064 -
1272 2045 1316 2077 ΘΞ)
1343 2042 1492 2079 appellati
1522 2047 1593 2069 sunt
1625 2052 1670 2080 pr.
1688 2052 1735 2071 va.
1757 2058 1799 2065 —-
1821 2042 1870 2084 63)
1895 2051 1928 2073 ut
1952 2056 2010 2074 om.

1058 2083 1156 2116 Gu.2.
1175 2100 1216 2106 —
1245 2086 1293 2122 64)
1320 2090 1346 2112 et
1369 2094 1425 2113 om.
1450 2084 1506 2114 Gu.
1524 2087 1553 2115 1.
1576 2100 1617 2106 —
1639 2083 1684 2123 65)
1712 2087 1831 2123 sparsis
1845 2087 1882 2117 al.
1899 2104 1940 2109 —
1958 2099 2008 2126 pf.

1056 2127 1124 2165 lagi
1146 2137 1210 2156 var.
1234 2127 1299 2156 lect.
1322 2138 1370 2166 ap.
1394 2126 1485 2156 Goth.
1512 2143 1546 2147 —
1572 2125 1618 2164 66)
1640 2137 1689 2154 eos
1711 2127 1780 2156 add.
1804 2130 1903 2168 vulg.,
1929 2130 2007 2169 quod

1056 2178 1112 2197 om.
1136 2170 1190 2199 Gu.
1209 2172 1234 2200 1.
1257 2186 1299 2192 --
1321 2169 1369 2209 67)
1393 2170 1491 2198 Italia
1510 2170 1758 2207 expulso-§fuisse
1775 2171 1830 2201 Gu.
1851 2175 1877 2204 1,
1894 2189 1932 2193 —
1947 2173 2006 2200 Ita-

1055 2211 1101 2238 lia
1124 2212 1263 2250 expulsos
1285 2224 1345 2240 esse
1364 2223 1426 2241 var.
1450 2213 1520 2241 lect.
1547 2222 1593 2251 ap.
1619 2211 1708 2242 Goth.
1726 2229 1769 2235 —
1793 2214 1887 2242 Italia
1905 2215 1957 2243 Gu.
1976 2216 2001 2244 1.

1055 2255 1082 2284 2.
1101 2254 1139 2282 al.
1161 2271 1203 2277 —
1233 2255 1278 2294 63)
1301 2256 1350 2284 Sic
1368 2257 1424 2283 Gu.
1447 2258 1472 2286 1.
1494 2271 1535 2277 -
1560 2255 1642 2283 lovis
1664 2255 1772 2284 omisso
1795 2256 1833 2284 ab
1857 2267 1900 2283 va.
1926 2271 1955 2276 -—
1983 2266 2001 2281 α

1054 2296 1135 2324 Iovis
1152 2297 1191 2328 al.
1210 2314 1251 2319 ——-
1276 2309 1295 2326 α
1318 2299 1449 2337 Pelasgo
1470 2297 1551 2326 Iovis
1567 2298 1619 2327 Ar.
1640 2314 1681 2319 -
1705 2298 1743 2326 ab
1768 2309 1823 2326 om.
1842 2298 1896 2325 Gu.
1915 2299 1940 2328 2.
1960 2313 1999 2318 -

1052 2349 1072 2367 a
1098 2339 1165 2368 Iove
1187 2340 1268 2379 vulg.
1292 2357 1332 2363 —·
1356 2341 1507 2380 69)filios
1532 2340 1587 2369 Gu.
1608 2342 1636 2371 2.
1664 2351 1707 2379 pr.
1729 2350 1774 2369 va.

1531 2434 1603 2468 Oo
