2264 2830
764 114 1011 150 OmGlNUM
1038 116 1182 150 LlssER
1208 117 1248 150 11.

878 206 902 227 ³15

200 213 259 245 ⁴2.

199 265 257 297 ⁴3.

313 213 523 257 Diusyrmus
549 224 605 253 ea,
631 223 717 255 quae
745 221 867 255 magna

1929 116 1978 151 85

929 215 1020 250 sunt,
1055 210 1161 243 verbis
1189 211 1321 250 minuit,
1349 215 1405 242 aut
1432 209 1566 242 minima
1595 209 1732 244 extollit.

316 261 479 309 flypheffl
507 269 571 304 est,
607 264 757 306 quotiens
784 263 815 294 in
844 261 965 294 eodem
992 273 1087 295 sensu
1123 262 1243 295 diutius
1270 263 1486 294 immoramur
1497 258 1536 293 ³‘⁴:
1586 260 1651 294 Cui
1679 261 1823 294 tandem
1847 273 1978 307 peper-

35 315 110 351 cit?
136 317 232 349 cuius
259 317 437 348 anzieitiae
458 314 578 361 fidem
607 309 848 354 (·uslmlivit³⁰‚
877 314 932 346 cni
956 313 1043 346 bono
1070 314 1229 347 inimicus
1254 325 1320 346 non
1337 312 1444 359 ficit?
1478 312 1621 358 qnando
1651 324 1717 346 non
1746 311 1842 346 αιιιω
1871 325 1977 347 accu-

35 370 124 402 savit
139 365 160 385 ⁴¹
185 368 354 412 aliquem,
383 371 443 399 aut
470 367 667 400 verberavit
679 363 724 405 ⁴²,
753 369 813 398 ant
837 363 1030 409 prodidit?

197 419 255 452 -Η,
308 418 515 463 Epangelia
546 424 593 451 est
622 418 814 462 promissio,
852 427 917 460 qua
944 416 1088 449 iudicem
1121 421 1279 450 attentum
1315 417 1474 458 facimus,
1516 415 1731 461 pollicentes,
1772 426 1834 448 nos
1869 416 1980 460 aliqua

37 483 158 516 magna
186 467 275 503 ειιιῑ13
307 470 441 502 minima
469 470 628 503 dicturos.

198 520 258 554 ⁴5.

36 626 154 658 dicens
162 648 171 665 ,
199 628 260 657 etc.

198 674 258 708 ⁴6.

310 521 573 566 I'rosopopoeia
601 525 664 561 est,
701 531 777 553 cum
803 518 1027 552 inanimalium
1060 515 1237 562 personau
1273 524 1305 552 et
1338 529 1446 551 sermo
1474 518 1620 563 tingitur.

36 574 119 606 lina:
162 572 299 605 Etenim
334 573 364 606 si
398 584 531 606 meeum
562 573 688 618 patria
721 582 822 612 mea,
869 581 960 616 quae
996 570 1082 602 mihi
1120 571 1194 603 vita
1229 582 1311 604 mea
1344 571 1453 603 multo
1488 574 1536 603 cst
1574 570 1716 610 carior,

1675 517 1796 551 Cicero
1824 517 1856 549 in
1885 517 1979 551 Cati-

1769 569 1978 613 loqueretur,

316 675 520 708 Par-athesis
532 671 556 691 ⁴⁵
584 680 647 715 est,
676 685 751 707 cum
778 673 870 717 quasi
899 672 1097 717 deponimus
1121 672 1247 717 aliquid
1275 673 1507 718 imperfectum
1536 672 1627 717 apud
1665 671 1858 704 memoriam
1892 671 1981 704 iudi-

37 738 112 761 cum
125 723 169 767 ⁴⁶‚
199 727 396 770 repetituros
423 738 480 759 nos
508 727 672 765 dicentes,
703 737 778 759 cum
807 730 1035 770 opportunum
1064 724 1172 757 fuerit.

197 777 259 811 47.
312 778 435 811 Pousis
462 782 509 811 est
542 777 754 820 soliloquium
766 773 807 816 ⁴⁷,
844 788 920 810 cum
955 776 998 808 ad
1026 777 1231 821 interrogata
1258 775 1320 819 ipsi
1349 775 1443 807 nobis
1472 774 1722 818 respondemus,

200 828 260 864 ⁴8.

35 881 164 914 mittant
190 880 310 914 dicere.

507 951 536 986 C
563 952 594 986 A
620 952 658 985 P.
712 952 819 986 xxu.
902 951 936 984 D
962 962 981 984 e

202 1029 233 1061 l.
288 1028 488 1062 Dialectica
517 1034 565 1062 est
591 1029 765 1072 disciplina
791 1029 834 1062 ad
862 1027 1095 1061 discernendas
1106 1025 1131 1044 ⁵³
1158 1039 1267 1060 rerum
1295 1037 1407 1060 causas
1421 1023 1445 1044 ⁵⁴
1473 1027 1614 1058 inventa.

316 827 555 873 Sym1eresis⁴⁸
581 834 648 870 est,
675 839 751 862 cum
778 828 963 861 differimus
977 824 1002 844 ⁴⁰

1024 827 1170 872 aliquid,
1198 832 1365 873 petentes,
1399 823 1470 859 ut³⁰
1496 827 1587 859 aliud
1613 826 1742 858 interim
1773 836 1831 857 nos
1843 821 1866 841 5¹
1896 834 1981 868 per-

1033 946 1514 985 Dialectica⁵².

1675 1024 1751 1068 ipsa
1788 1029 1836 1057 est
1863 1023 1984 1056 Philo-

36 1079 176 1124 sophiae
203 1080 346 1125 species,
373 1092 458 1124 quae
485 1081 617 1125 Logica
644 1081 780 1121 dicitur,
808 1081 842 1113 id
865 1085 912 1114 est
939 1079 1123 1119 rationalis,
1151 1078 1356 1118 diffiniendi,
1388 1077 1572 1121 quaerendi
1599 1081 1630 1109 et
1658 1076 1841 1108 disserendi
1855 1071 1879 1091 ³5
1917 1086 1984 1119 po-

34 1137 115 1165 tens.

35 1183 266 1217 diiudicentur.

167 1132 276 1165 Docet
309 1133 394 1164 enim
426 1132 459 1164 in
494 1133 644 1177 pluribus
669 1133 848 1177 generibus
877 1131 1126 1175 quaestionum,
1174 1130 1463 1174 quemadmodum
1492 1128 1696 1173 disputando
1724 1139 1803 1160 vera
1841 1131 1874 1159 et
1902 1127 1985 1159 falsa

199 1235 233 1270 2.
286 1234 383 1267 Hanc
410 1231 580 1276 quidem⁵⁵
607 1234 705 1278 primi
719 1231 743 1251 ⁵⁷
769 1233 971 1278 Philosophi
992 1234 1025 1266 in
1053 1233 1117 1265 suis
1143 1232 1342 1265 dictionibus
1370 1226 1610 1268 haliuerunt533
1635 1240 1702 1262 non
1729 1234 1839 1261 tamen
1867 1227 1910 1259 ad
1928 1238 1982 1259 ar-

35 1286 74 1318 tis
111 1285 274 1327 redegere
315 1285 478 1329 peritiam.

35 1333 235 1380 perduxitffl',
263 1341 295 1368 et
321 1336 538 1369 Dialecticam
560 1336 772 1380 nuncupavit,
801 1347 863 1379 pro
890 1347 932 1368 eo
961 1335 1055 1379 quod
1084 1335 1115 1367 in
1145 1333 1264 1367 eadem
1292 1333 1387 1367 dictis
1399 1329 1420 1349 ⁸¹
1452 1333 1649 1377 disputatur.

346 1387 427 1419 ldeo
456 1393 567 1420 autem
592 1393 668 1432 post
700 1386 919 1420 Rhetoricam
948 1387 1156 1431 disciplinam
1189 1385 1375 1418 Dialectica
1402 1385 1564 1427 sequitur,
1600 1383 1677 1426 quia
1705 1383 1736 1415 in
1765 1382 1874 1414 multis
1901 1380 1983 1414 utri-

35 1387 138 1420 dictio
165 1387 292 1421 dicitur.

34 1450 101 1482 que
114 1435 139 1455 ‘⁵³
171 1438 359 1472 communia
387 1439 533 1471 existunt.

168 1522 197 1556 C
223 1523 253 1556 A
280 1523 318 1558 P.
372 1522 496 1557 XXIII.

532 1286 612 1318 Post
646 1285 709 1317 hos
742 1284 937 1318 Aristoteles
970 1285 1012 1316 ad
1048 1284 1181 1328 regulas
1213 1283 1375 1325 quasdam
1410 1279 1541 1314 huius-5⁵³
1579 1280 1751 1313 doctrinae
1786 1283 1984 1323 argumenta

1705 1331 1792 1364 Nam
1820 1327 1945 1365 λικτόν
1958 1325 1982 1346 ⁶²

572 1521 638 1555 De
671 1521 952 1568 differentia
979 1521 1270 1555 Dialecticae
1303 1523 1341 1553 et
1366 1519 1648 1552 Rhetoricae
1681 1513 1853 1551 artisffl.

199 1598 233 1634 l.
286 1596 560 1632 Dialecticam⁶⁵
601 1604 634 1632 et
667 1598 886 1633 Rhetoricam
915 1599 1022 1633 Varro
1056 1599 1089 1632 in
1122 1610 1244 1633 novem
1280 1596 1532 1641 disciplinarum
1564 1596 1656 1628 libris
1682 1594 1740 1627 tali
1768 1592 1981 1626 similitudine

34 1650 203 1683 diffinivit:
227 1650 411 1685 Dialectica
434 1656 467 1684 et
492 1650 679 1684 Rhetorica
706 1656 764 1691 est,
791 1651 884 1694 quod
911 1652 943 1685 in
966 1662 1065 1684 manu
1082 1650 1225 1683 hominis
1252 1660 1385 1694 pugnus
1412 1648 1561 1682 astrictus

33 1702 91 1735 illa
113 1702 214 1735 verba
239 1702 455 1744 contrahens,
488 1702 551 1735 ista
578 1702 767 1735 distendens
777 1700 812 1735 ⁶⁷.

34 1800 76 1808 —
97 1782 143 1825 37)
166 1786 313 1825 Epimone
329 1787 377 1818 Ar.
400 1802 441 1808 —-
462 1785 510 1825 38)
534 1797 722 1815 remoramur
744 1787 781 1816 al.
807 1787 894 1825 Vulg.
911 1787 980 1816 add.

35 1829 95 1865 sic,
123 1828 203 1865 quod
222 1839 280 1860 om.
298 1829 352 1858 Gu.
372 1832 398 1861 1.
412 1845 453 1850 —
477 1835 511 1857 ut
532 1839 588 1868 pro
608 1831 652 1857 sic
670 1829 789 1858 exhibet
812 1830 868 1859 Gu.
883 1833 911 1862 2.
935 1840 980 1859 va.

35 1886 77 1892 —
98 1869 144 1908 39)
168 1873 298 1899 servavit
319 1872 374 1900 Gu.
390 1874 471 1902 2.—
495 1874 542 1909 40)
566 1883 626 1900 non
641 1878 697 1900 azct
712 1883 758 1901 va.
776 1889 810 1894 —
835 1874 882 1910 4))
907 1883 981 1900 calc-

35 1914 117 1940 savc't
132 1913 190 1942 Gu.
208 1915 234 1944 1.
259 1930 293 1934 ——
317 1912 364 1954 4⁶2)
390 1914 585 1942 verberaverit
610 1915 680 1944 edit.
698 1914 872 1944 Gothofred.
897 1915 980 1943 Unde

35 1959 132 1983 autem
147 1955 233 1983 locus
253 1955 304 1991 sit,
328 1966 384 1984 non
401 1961 524 1985 constat.
549 1974 587 1978 —-
610 1957 658 1995 43)
683 1968 724 1986 an
747 1959 801 1986 Gu.
818 1960 846 1988 2.
873 1973 905 1978 -—
932 1959 977 1992 44)

34 1997 124 2035 Vulg.
146 2004 171 2025 ez·
190 2008 336 2036 persona,
361 1999 411 2027 sed
437 1999 574 2038 copulam
591 2010 647 2030 om.
664 2000 720 2031 Gu.
739 2003 764 2031 1.
778 2000 812 2028 al.
838 2000 894 2028 Cfr.
915 2010 980 2039 cap,

37 2041 84 2071 13.
106 2056 149 2062 —
170 2040 216 2078 45)
236 2040 428 2068 Parfntlzesis
448 2042 502 2070 Gu.
524 2044 549 2072 1.
574 2058 614 2062 —
637 2043 685 2080 46)
708 2042 859 2071 iudicium
880 2043 935 2070 Gu.
956 2046 980 2073 1.

35 2096 76 2102 —
98 2083 142 2117 47)
166 2083 215 2111 Sic
230 2083 286 2111 Gu.
304 2086 329 2113 1.
344 2093 390 2114 va.
409 2099 448 2105 —
472 2085 590 2120 Paua-is,
608 2084 644 2112 id
656 2091 697 2112 est
713 2086 834 2123 soliloq.
852 2085 978 2122 vulg.—

35 2123 79 2156 48)
101 2126 250 2153 Sirenosis
271 2126 327 2155 Gu.
347 2128 372 2156 1.
404 2141 446 2147 -
475 2127 666 2165 §Jyncltoresis
688 2128 781 2157 Crial.
805 2133 833 2156 et
854 2128 941 2156 Arev.
964 2137 979 2156 e

36 2175 119 2203 mss„
141 2167 172 2196 in
193 2167 300 2206 quibus
317 2173 359 2195 est
379 2170 534 2207 syneresis.
560 2170 633 2198 Cum
650 2169 696 2198 his
716 2170 862 2198 consentit
881 2180 926 2208 pr.
940 2187 975 2191 —

37 2209 159 2246 ὁζιηυείε
173 2220 220 2239 va.
237 2226 278 2232 —-
300 2212 344 2245 49)
363 2209 527 2247 ‹laeserimus
545 2212 600 2242 Gu.
621 2215 648 2243 1.
673 2231 710 2235 —-
736 2214 783 2249 50)
807 2218 841 2240 ut
865 2223 921 2241 0111.
943 2213 980 2241 al.

39 2268 76 2272 —
100 2251 147 2287 51)
169 2253 217 2281 Sic
232 2253 280 2281 Ar.
297 2262 344 2280 va.
375 2269 402 2272 —
431 2263 485 2280 nos
504 2264 562 2281 non
575 2255 656 2291 vulg.
679 2271 720 2277 —
744 2254 792 2294 52)
821 2256 931 2293 Incipit
945 2256 981 2282 li—

38 2292 86 2320 bez·
101 2295 207 2323 tertius
226 2294 262 2322 de
278 2294 441 2323 dialectica
456 2305 502 2324 va.
527 2296 605 2325 Idem
622 2301 666 2324 est
688 2297 718 2325 in
735 2297 818 2326 libris
834 2298 980 2326 Tarraco-

38 2344 115 2366 nens.
140 2353 177 2357 —
202 2337 281 2365 Inter
292 2338 420 2376 figuras
443 2340 658 2366 sententiarum
674 2340 823 2377 incipiunt
839 2351 905 2378 cap.
924 2346 979 2370 etc.

39 2376 94 2405 Gu.
118 2381 146 2411 2.
166 2389 211 2418 pr.
228 2380 265 2409 al.
283 2397 324 2402 —
349 2381 420 2420 Cap.
433 2383 462 2411 7.
493 2380 570 2419 (sive
597 2383 689 2410 totius
711 2382 779 2411 libri
801 2385 862 2416 29.)
886 2387 930 2411 est
950 2383 980 2411 in

1574 1643 1599 1663 ⁶⁶
1627 1652 1659 1680 et
1684 1646 1799 1691 palma
1823 1645 1979 1678 distensa:

1026 1786 1082 1814 Gu.
1098 1789 1126 1817 2.
1149 1784 1185 1814 de
1197 1785 1346 1822 formulis
1367 1785 1622 1822 syllogismorum.
1645 1798 1686 1804 -—
1716 1781 1870 1819 Incipiunt
1888 1781 1977 1817 capi-

1025 1830 1095 1856 mla
1126 1828 1162 1856 de
1184 1828 1363 1857 Dialectica
1392 1827 1471 1864 vulg.
1505 1835 1581 1864 quae
1611 1830 1640 1854 et
1670 1824 1772 1853 titulos
1803 1833 1888 1862 capp.
1921 1832 1977 1850 ex-

1024 1870 1116 1901 hibet.
1145 1887 1187 1892 ——
1217 1869 1264 1908 53)
1294 1868 1521 1898 Discernenda-5
1551 1869 1607 1896 Gu.
1632 1871 1658 1898 1.
1682 1867 1718 1896 al.
1744 1867 1792 1895 Sic
1818 1876 1888 1894 mox
1912 1863 1977 1892 dis-

1024 1913 1142 1942 serendi
1163 1913 1199 1944 al.
1225 1911 1365 1941 exhibent
1392 1929 1432 1934 —
1454 1909 1682 1939 discernendum
1704 1909 1743 1939 al.
1779 1925 1815 1930 —
1848 1909 1893 1945 54)
1923 1918 1975 1934 re-

1022 1967 1091 1984 rum
1113 1958 1146 1984 in,
1167 1966 1278 1984 causus
1294 1965 1340 1993 pr.
1369 1971 1410 1977 -
1438 1954 1486 1992 55)
1512 1951 1700 1982 discernendi
1722 1952 1759 1981 al.
1785 1967 1827 1973 --
1856 1952 1904 1987 56)
1928 1949 1975 1977 Sic

1025 2000 1080 2028 Gu.
1099 2003 1124 2030 1.
1150 2009 1196 2027 va.
1222 1999 1271 2026 Ar.
1296 2013 1333 2019 --
1366 1996 1495 2036 quidam
1519 1997 1602 2034 vulg.
1634 2011 1676 2017 —-
1711 1995 1760 2031 57)
1782 1994 1918 2032 primum
1939 1992 1975 2020 al.

1022 2059 1063 2063 ——
1092 2042 1141 2080 58)
1171 2041 1334 2069 habuerint
1358 2040 1397 2069 al.
1433 2057 1476 2062 —
1518 2041 1564 2073 59)
1592 2038 1685 2066 huius
1714 2037 1750 2067 al.
1778 2046 1835 2064 om.
1856 2051 1897 2057 —
1930 2038 1973 2067 60)

1022 2085 1071 2112 Sic
1095 2085 1151 2112 Gu.
1172 2087 1199 2114 1.
1217 2086 1245 2114 2.
1275 2099 1309 2103 ——
1340 2081 1490 2120 produxit
1510 2081 1590 2119 vulg.
1624 2098 1665 2102 —
1702 2081 1747 2116 61)
1784 2079 1831 2107 Sic
1863 2078 1918 2107 Gu.
1947 2079 1974 2107 1.

1022 2130 1049 2158 2.
1080 2143 1115 2148 -
1145 2125 1229 2164 quod
1259 2124 1361 2153 eadem
1391 2125 1428 2153 al.
1469 2143 1507 2148 —
1548 2122 1633 2163 quod
1671 2124 1703 2150 in
1741 2133 1775 2150 ea
1812 2121 1847 2149 de
1883 2119 1973 2148 dictis

1020 2169 1099 2206 vulg.
1135 2186 1169 2190 -
1207 2167 1251 2206 62)
1282 2168 1331 2195 Sic
1366 2167 1421 2195 Gu.
1449 2171 1476 2198 1.
1500 2170 1529 2198 2.
1558 2177 1603 2206 pr.
1632 2175 1678 2194 va.
1709 2165 1759 2193 Ar.
1793 2163 1862 2203 (nisi
1891 2160 1969 2206 quod

1023 2211 1123 2240 latinis
1144 2211 1238 2240 literis
1255 2220 1394 2248 expressa
1413 2215 1455 2239 est
1472 2220 1548 2241 vox,
1573 2218 1661 2247 quam
1683 2217 1736 2244 ego
1753 2207 1872 2235 Graecis
1893 2213 1968 2232 serl-

1024 2254 1092 2292 Ρὸἰ.)
1114 2270 1155 2276 —-
1179 2253 1254 2290 λέξις
1277 2253 1357 2289 vulg.
1380 2270 1418 2274 --
1448 2255 1492 2286 63)
1518 2257 1648 2289 utraque
1666 2250 1721 2278 Gu.
1738 2253 1766 2281 2.
1789 2259 1834 2277 va.
1858 2247 1895 2274 al.
1926 2259 1967 2290 —j

1024 2302 1147 2334 uterque
1160 2307 1206 2335 pr.
1229 2312 1265 2317 —
1291 2296 1337 2328 64)
1357 2295 1463 2323 Totum
1485 2295 1543 2323 hoc
1558 2298 1648 2332 caput
1667 2292 1772 2321 iisdem
1789 2292 1848 2318 sere
1868 2286 1966 2331 verbis

1023 2339 1130 2376 legitur
1147 2338 1228 2377 apud
1245 2337 1414 2367 cassiodor.
1430 2338 1467 2366 de
1486 2337 1651 2365 malet-tica.
1665 2351 1698 2355 —
1720 2332 1767 2372 65)
1790 2332 1867 2368 vulg.
1884 2327 1964 2374 adtllt

1023 2392 1103 2419 vero,
1117 2381 1199 2420 quod
1215 2391 1271 2410 om.
1292 2381 1349 2409 Gu.
1366 2383 1393 2412 1.
1404 2396 1446 2402 —
1463 2378 1511 2420 66)
1521 2380 1680 2408 districtus
1697 2376 1753 2404 Gu.
1773 2377 1799 2405 1.
1812 2388 1852 2394 —·
1867 2370 1912 2409 67)
1926 2369 1963 2398 bl-
