2264 2830
181 185 256 222 viu,

141 675 170 703 P.
205 677 251 707 18.

143 779 158 784 -
204 761 249 791 19.

142 1159 155 1163 -
199 1140 249 1174 25.
292 1159 307 1163 -

140 1202 153 1206 -
197 1184 247 1213 28.
292 1201 306 1205 -

140 1244 153 1248 -
198 1226 248 1257 38.

139 1287 153 1291 -
198 1269 247 1298 39.

140 1497 153 1501 -
199 1478 247 1508 40.
290 1497 305 1502 -

140 1583 153 1587 -
198 1562 248 1594 41.

140 1667 152 1672 -
197 1647 246 1678 43.
291 1667 305 1671 -

138 1710 152 1714 -
197 1690 248 1722 49.

138 1794 151 1797 -
197 1774 246 1804 51.

139 1836 153 1840 -
198 1817 248 1850 53.

139 1878 152 1882 -
197 1860 246 1889 55.
291 1877 304 1881 -

140 1920 153 1924 -
197 1903 248 1932 61.
292 1919 306 1924 -

141 1963 154 1965 —
199 1944 248 1973 62.
291 1961 305 1966 -

140 2132 152 2135 -
198 2113 247 2142 63.
290 2130 305 2134 -

140 2216 155 2220 -
199 2197 247 2229 64.

279 268 310 343 03>
279 187 308 220 ,ω

278 439 307 514 §00³

763 88 1061 123 EMENDANDA
1100 89 1172 122 ET
1221 88 1427 122 ERRATA.

356 186 382 213 7.
406 183 468 220 lege
489 181 534 210 his
557 181 696 212 omnibus.
742 183 817 212 Vide
839 184 966 212 iudicem
989 193 1072 211 erro-

395 235 460 253 rum
485 224 520 252 nd
545 235 571 263 p.
595 226 664 256 254.
688 230 750 254 not.
773 228 823 258 32.

355 271 372 299 7
395 272 423 296 et
446 269 474 297 8.
498 267 562 295 dele
585 268 751 296 asteriscos.

331 313 380 342 61.
414 320 470 348 pro
505 309 838 341 Tessaresdeoaccatitae
873 311 891 338 l.
921 310 1070 338 Tessares-

397 350 602 381 caedecatitae.

332 398 381 426 (57.
404 404 459 432 pro
483 393 617 423 Euticlzis
641 395 658 423 l.
682 393 827 434 Eurycliis.

333 440 381 469 12.
425 455 441 461 -
487 437 662 474 Cyrinaicus
685 438 703 465 l.
730 438 913 474 Cyrenaicus.

335 482 381 511 13.
426 498 440 503 -
483 489 501 506 α
512 477 713 521 Persisferitar
721 474 843 508 allatum
857 480 954 508 ''arro
969 477 1041 508 [licit
1052 479 1069 506 l.

390 532 409 549 α
420 521 512 550 Persis
525 520 649 550 allatum
661 522 759 550 I'arro
770 522 850 551 (licit.
869 523 927 550 (Isr.
943 522 1068 550 indicem

393 573 528 593 errorum
551 565 582 592 in
596 569 681 593 notas
698 565 736 593 ad
762 568 871 604 p.268.
891 566 1068 596 not.22.23·

794 623 1050 659 ERR

417 718 633 747 Praefationem
657 719 686 748 iu
709 728 834 749 recensu
857 718 1028 748 editionum.

295 773 309 777 ·
353 762 402 791 36.
425 770 480 798 pro
504 759 568 789 Iesa
590 761 608 789 Ι.
633 760 706 790 lesu.

502 802 570 831 Nau
596 803 614 832 l.
640 803 733 833 Naue.

351 844 399 875 48.
422 843 505 873 Hauc
529 850 628 874 notatu
652 846 691 874 ita
716 845 848 883 corrige:
877 851 996 883 propter
1018 854 1071 872 ηο-

412 887 492 916 mina
514 886 625 918 scilicet
645 886 758 917 Graeca
775 886 916 916 exhibent
937 887 1069 917 Gu.1.2.

413 939 512 968 pava.
526 933 549 960 1.
560 932 588 960 2.
600 930 649 959 Ar.
662 948 697 951 —
715 929 800 967 Vulg.
820 940 876 959 011).
892 927 1011 958 scilicet.
1035 928 1068 956 In

413 982 493 1011 seqq.
511 970 584 1000 duas
599 983 627 1001 ss
643 971 785 1001 exhibent
800 972 855 1002 Gu.
868 975 892 1002 1.
916 971 972 1000 Sed
991 971 1069 999 scri-

413 1013 541 1043 bendum
566 1019 607 1042 est
630 1012 705 1043 duas
720 1026 743 1044 ε.
762 1030 800 1036 -
825 1015 908 1052 vulg.
936 1012 996 1042 Sed
1013 1024 1069 1052 pro

413 1067 430 1085 z
441 1067 470 1084 ss
483 1055 682 1095 ponebant—
698 1056 786 1088 Arev.
799 1067 846 1088 va.
863 1061 891 1089 2.
913 1054 970 1086 duo
983 1067 1070 1085 ss,—

410 1096 468 1128 duo
491 1109 505 1127 s
528 1108 573 1138 pr.
595 1108 641 1128 va.
667 1102 694 1129 1.

352 1141 403 1171 60.
427 1139 520 1169 adde:
546 1141 624 1179 vulg.
650 1141 702 1171 iste
724 1142 790 1181 ipse.

353 1185 400 1213 17.
423 1192 478 1222 pro
502 1183 561 1213 ictu
585 1184 641 1212 Gu.
657 1185 682 1214 1.
706 1184 724 1212 l.
747 1185 807 1215 ictu
828 1183 906 1223 vulg,

293 1244 306 1248 -
351 1226 400 1255 36.
422 1224 513 1254 adde:
536 1226 676 1265 κρίσιμον
698 1224 795 1265 vulgo.

291 1287 305 1291 -
349 1266 398 1298 46.
426 1267 518 1295 adde:
545 1266 818 1308 vaignfuerunt.

345 1308 395 1340 48.
419 1309 540 1338 Scribe:
569 1309 620 1338 Sic
643 1310 749 1348 scripsi
763 1322 776 1338 e
791 1311 969 1340 coniectura.
996 1310 1067 1339 For-

411 1358 485 1379 tasse
508 1359 603 1380 iamen
628 1350 749 1392 defendi
768 1360 861 1391 polest
883 1352 1004 1392 vulgata
1030 1355 1064 1382 ἰη

411 1391 598 1423 liminari.

345 1436 395 1466 55.
418 1445 474 1474 pro
498 1436 672 1465 Persunnius
694 1436 712 1464 l.
739 1438 922 1466 Persannius.

370 1481 398 1509 7.
421 1482 491 1516 post
512 1478 696 1507 inveniuntur
717 1479 810 1509 adde:
833 1478 910 1519 vulg.

347 1522 397 1552 33.
421 1520 485 1549 dele
507 1530 665 1550 numerum
689 1527 775 1551 notae
805 1531 864 1550 una
888 1532 954 1550 cum
979 1522 1065 1552 linea.

291 1582 305 1586 -
349 1562 399 1594 59.
422 1562 488 1592 delo
503 1563 608 1593 verba:
630 1570 656 1593 et
675 1571 796 1593 metrum
813 1563 846 1594 id
861 1565 962 1597 reiicit.
994 1564 1065 1595 Hoc

407 1615 503 1634 verum
522 1613 572 1634 est.

349 1649 398 1680 68.
421 1657 478 1687 pro
501 1646 659 1678 huiusnudi
682 1648 702 1677 l.
723 1647 899 1679 huiusmodi.

291 1709 306 1714 -
349 1690 398 1721 43.
421 1689 499 1721 adde
527 1694 597 1730 post
623 1688 833 1731 idemloquium
863 1690 934 1723 alii:
975 1690 1063 1731 Vulg.

403 1729 435 1760 id
457 1738 497 1761 est
520 1731 675 1772 eloquium.

291 1793 303 1797 -
348 1776 396 1805 32.
418 1779 489 1814 post
511 1774 601 1803 Areu.
625 1775 718 1805 adde:
740 1782 766 1806 et
787 1774 866 1815 vulg.

292 1835 307 1839 -
350 1816 398 1848 56.
422 1815 487 1846 dele
509 1816 616 1847 verba:
639 1816 715 1849 unde
737 1816 819 1848 locus
839 1825 969 1857 sumptus
992 1826 1042 1848 est.

348 1858 398 1887 49.
423 1868 478 1897 pro
501 1859 557 1889 sint
580 1859 598 1889 l.
625 1860 670 1891 sit.

350 1901 399 1931 65.
423 1900 489 1932 dele
511 1901 617 1932 verba:
639 1903 683 1932 sic
704 1913 752 1933 va.

371 1944 400 1974 7.
422 1953 477 1981 pro
501 1941 541 1973 al.
564 1943 643 1984 lege:
667 1943 746 1985 vulg.

347 1986 394 2015 11.
438 2004 453 2008 -
496 1985 669 2019 Particulas.
693 1987 742 2015 Sic
759 1987 852 2020 Gu.l.
868 1985 1062 2025 Lparticulas

409 2026 465 2057 Gu.
488 2029 514 2057 1.
530 2043 572 2051 -—
590 2039 664 2067 quae
687 2029 744 2060 Gu.
765 2033 792 2065 1.
805 2033 834 2065 2.

346 2067 396 2099 40.
421 2079 476 2108 pro
501 2067 595 2110 Saf’a
621 2070 639 2101 1.
665 2070 749 2111 Susa,

349 2111 397 2141 58.
421 2121 476 2149 pro
500 2113 704 2151 temperantius
723 2125 776 2153 pr.
807 2114 827 2145 l,
858 2112 1061 2152 temperantius

410 2151 505 2191 vulg.

292 2214 307 2220 -
350 2194 398 2225 24.
423 2195 498 2223 adde
521 2200 588 2233 post
609 2195 659 2224 in:
682 2196 768 2234 Vulg.
788 2196 939 2236 propheta.

347 2239 396 2268 26.
420 2239 459 2265 ita
483 2237 618 2266 emenda:
639 2236 690 2268 Sic
706 2237 740 2266 de
757 2240 922 2268 coniectura
937 2237 1063 2270 Arevali

412 2280 524 2318 scripsi.
576 2279 721 2310 Timothte
748 2279 846 2321 vulg.
864 2297 901 2302 -—
929 2281 1062 2322 Thymo—

414 2321 486 2350 thees
521 2320 580 2350 Gu.
606 2325 631 2354 1.
657 2339 694 2345 -
734 2320 889 2362 Cymothoe
918 2322 968 2352 al.
1009 2334 1062 2361 ap.

413 2362 529 2392 Grial.
571 2363 617 2392 De
640 2363 799 2394 Phemonoe
819 2363 884 2395 vide
914 2364 1063 2397 Fortuna-

413 2406 482 2437 tian.
505 2406 535 2435 in
555 2413 617 2434 arte
639 2405 675 2435 de
697 2404 806 2446 dactyl.

1170 182 1219 216 ix,

1159 224 1223 260 xn,

1990 96 2066 128 63„

1276 184 1306 217 2,
1330 184 1378 212 97.
1401 191 1457 219 pro
1481 181 1627 220 Angriari
1649 183 1668 210 l.
1691 184 1861 223 Angrivari-

1270 227 1296 260 1,

1321 225 1370 254 53.
1415 243 1429 247 -
1474 224 1598 252 Mine-us
1622 225 1640 252 l.
1665 225 1804 264 Myrteus.

1323 267 1371 296 55,
1417 285 1432 289 -
1477 265 1562 294 redas
1585 266 1728 297 [rhedas.
1757 269 1835 297 {dem
1858 271 1960 300 vitium
1974 275 2065 310 paulo

1383 313 1452 347 post
1476 309 1613 338 recurrit.

1142 351 1223 387 XlH,
1247 353 1298 387 22,
1343 351 1370 381 3.
1395 361 1450 388 pro
1475 350 1686 391 Amphityonis
1711 353 1728 380 l.
1752 353 1989 395 Amphictyonis.

1145 394 1225 429 xvi,

1129 478 1221 513 xvu,

1154 563 1220 599 xx,

1128 622 1159 656 A

1136 759 1301 788 -72.-

1136 861 1150 864 -
1195 840 1245 872 74.
1289 861 1303 864 -

1287 903 1301 907 -
1345 883 1394 913 54.

1268 396 1297 428 7,

1344 395 1372 423 2.
1417 412 1432 416 -
1479 392 1560 422 disco
1584 401 1683 432 operta
1708 395 1726 424 l.
1753 394 1947 435 discooperta.
1990 399 2064 428 vide

1385 435 1545 463 Porcellini
1568 436 1708 465 'rhenan
1732 448 1755 466 s.
1780 437 1807 466 h.
1834 448 1862 467 v.

1266 480 1295 514 9,
1318 476 1368 507 47.
1395 487 1450 516 pro
1477 475 1658 518 Cliamatlrys
1681 480 1699 507 l.
1726 478 1929 521 Chamaetltys.

1321 520 1370 551 52.
1416 539 1431 544 —

1476 518 1662 560 dactylintem
1687 523 1705 552 l,
1730 521 1908 563 dactylitem.

1247 564 1294 592 11.
1318 562 1348 590 iu
1386 562 1460 590 itulo
1484 572 1538 600 pro
1562 561 1641 592 stalis
1663 564 1682 592 l.
1706 563 1793 593 sellis.

1240 621 1272 655 Τ

1134 903 1148 908 -
1192 886 1242 914 77.

1133 946 1147 950 -
1191 928 1242 957 79.

1133 989 1147 993 ..
1193 971 1242 1000 81.
1286 987 1300 991 -

1288 1030 1302 1033 -
1349 1010 1396 1040 14.

1135 1031 1149 1036 -
1194 1013 1244 1042 86.

1133 1074 1147 1078 -
1192 1055 1241 1084 87.
1285 1072 1300 1076 -

1134 1116 1148 1120 -
1193 1097 1244 1127 92.
1288 1114 1303 1119 -

1286 1157 1300 1161 -
1345 1138 1396 1168 39.

1133 1158 1147 1162 -
1191 1140 1241 1169 93.

1133 1242 1147 1247 -
1192 1222 1242 1254 94-
1286 1241 1300 1244 -

1132 1266 1240 1308 596.
1283 1282 1298 1288 -

1130 1349 1298 1381 -98.-

1132 1453 1146 1459 -
1172 1435 1239 1464 100.

1131 1537 1145 1542 -
1170 1520 1239 1549 101.
1282 1536 1297 1541 -

1130 1579 1145 1584 -
1170 1561 1237 1592 103.
1281 1579 1296 1583 -

1129 1664 1143 1668 -
1167 1644 1237 1676 104.
1280 1663 1294 1667 -

1128 1707 1142 1711 -
1168 1687 1236 1721 105.

1130 1791 1144 1796 -
1170 1773 1238 1802 111.
1283 1791 1297 1795 -

1130 1833 1144 1838 -
1170 1814 1237 1845 115.

1126 1876 1141 1881 -
1169 1858 1236 1888 118.
1280 1876 1294 1881 -

1126 1960 1141 1965 -
1166 1943 1234 1972 119.
1278 1959 1292 1964 -

1127 2045 1141 2049 -
1166 2025 1236 2056 124.
1280 2044 1295 2048 -

1125 2087 1140 2092 -
1165 2068 1234 2099 125.
1276 2087 1291 2094 -

1125 2129 1139 2134 -
1164 2111 1232 2141 133.
1276 2129 1290 2134 -

1128 2384 1141 2388 -
1167 2364 1234 2395 134.
1277 2385 1292 2389 -

1127 2426 1141 2432 -
1165 2407 1234 2439 135.

1351 620 1382 654 A

271 679 332 703 nol.
356 676 405 706 30.
430 685 484 713 pro
508 686 551 704 av.
576 675 637 715 lege
658 687 703 705 va.
728 681 755 704 ct
775 676 816 703 sic
839 686 966 714 semper.
997 675 1071 704 Vide
1131 673 1162 701 Ρ.
1194 674 1242 704 65-
1268 677 1327 700 ¹101-
1353 674 1401 703 68.
1428 681 1484 709 pro
1508 670 1591 702 Hinc
1618 685 1673 704 om.
1705 673 1758 703 Gu.
1784 679 1808 706 1.
1838 676 1950 706 scribe:
1980 676 2062 707 Hinc

1403 712 1471 742 inde
1495 715 1592 753 vulg.,
1616 717 1667 745 sed
1690 717 1758 747 hinc
1781 728 1837 746 om.
1862 720 1917 747 (ju.
1938 723 1963 749 1.

1366 759 1396 788 2.
1422 766 1476 794 pro
1497 755 1587 795 fidem
1605 759 1811 789 assertionibus
1824 759 1910 800 facit
1927 759 1981 790 (ἴα.
1996 766 2019 793 1.
2047 763 2062 791 Ι,

1403 796 1493 836 fidem
1517 801 1684 830 assertionis
1697 801 1783 841 facit
1807 803 1887 839 vulg.

1369 843 1397 871 2.
1422 840 1509 868 adde:
1533 841 1629 881 vulg.
1653 844 1760 872 exitus.

1420 882 1514 911 adde:
1537 883 1610 913 dicii
1632 884 1727 923 vulg.

1286 945 1301 949 -
1345 927 1395 957 37,
1421 929 1491 963 post
1514 927 1606 965 recepi
1629 927 1720 956 adde:
1743 938 1783 955 ea:
1808 927 1870 957 eod.
1896 928 1960 957 cod.

1344 968 1393 998 46.
1418 967 1510 996 adde:
1529 969 1630 998 Locus
1644 970 1827 1008 esieCic.pr.
1836 970 1947 1001 Milon.
1957 974 2052 1010 22‚b9

1423 1009 1516 1040 adde:
1539 1010 1636 1050 vulg.
1659 1013 1745 1051 quiet.
1769 1019 1794 1039 et
1816 1012 1932 1042 immob.
1956 1015 2001 1045 sit.

1344 1053 1393 1083 68.
1418 1051 1509 1082 adde:
1533 1061 1714 1083 monstratur
1739 1054 1816 1091 iulg.

1368 1097 1396 1125 7.
1422 1094 1512 1123 adde:
1535 1103 1637 1125 notata
1652 1097 1733 1134 vulg.

1417 1136 1509 1166 adde:
1532 1149 1600 1177 ergo
1620 1139 1741 1177 vulgata
1764 1138 1873 1177 ubique
1897 1140 2024 1170 exhibet.

1339 1179 1390 1211 50.
1413 1178 1506 1209 adde:
1533 1179 1665 1212 directim
1689 1181 1769 1218 vulg-

1347 1224 1394 1252 11.
1418 1226 1488 1259 post
1510 1221 1562 1252 Sic
1588 1221 1641 1253 Gu.
1664 1227 1688 1255 1.
1714 1223 1803 1252 adde:
1828 1224 1906 1262 vulg.
1931 1233 1956 1252 ct
1980 1236 2035 1253 0111.

1363 1262 1391 1293 4.
1415 1263 1507 1292 adde:
1534 1263 1632 1304 vulg.
1658 1266 1698 1294 rei
1717 1264 1873 1305 prqfermr.

1338 1306 1387 1339 30.
1411 1305 1500 1335 adde:
1522 1305 1622 1346 vulg.
1649 1307 1776 1338 honoris.

1343 1349 1392 1380 13.
1414 1352 1483 1386 post
1506 1346 1583 1387 vulg.
1604 1360 1693 1388 perge
1716 1350 1771 1379 ita:
1803 1349 1917 1378 verba
1947 1348 2057 1379 Latine

1399 1388 1573 1428 generaliter
1595 1403 1656 1421 om.
1687 1390 1748 1421 Gn.
1775 1395 1800 1422 1.

1284 1451 1298 1456 -
1345 1432 1392 1464 14.
1415 1443 1471 1471 pro
1488 1430 1714 1463 collucationem
1735 1435 1799 1471 lege
1822 1432 2056 1465 collucutionem.

1342 1477 1389 1505 18.
1414 1474 1490 1503 adde
1513 1480 1580 1512 post
1608 1475 1692 1515 Virg.
1714 1488 1740 1506 υ.
1753 1475 1808 1506 84:
1831 1477 1912 1514 vulg.
1936 1478 2056 1506 invasse.

1340 1518 1391 1548 33.
1417 1527 1472 1555 pro
1487 1516 1605 1558 faciem
1629 1517 1850 1558 Lsaciendam.

1339 1561 1388 1589 26.
1397 1559 1473 1588 adde
1481 1563 1550 1598 post
1559 1557 1724 1599 disciplinis
1733 1560 1770 1590 ad
1779 1565 1956 1590 extremum:
1971 1559 2055 1592 (ἔαρ.

1337 1603 1386 1632 29.
1412 1601 1503 1631 adde:
1527 1601 1612 1641 vulg.
1636 1601 1812 1633 huiusmodi.

1338 1645 1387 1677 32.
1409 1654 1465 1682 pro
1488 1651 1621 1683 sequetur
1643 1645 1661 1678 Ι,
1684 1646 1820 1685 sequitur.

1280 1705 1295 1714 φ
1338 1686 1388 1718 45.
1414 1691 1484 1725 post
1505 1684 1544 1717 al.
1569 1686 1662 1720 adde:
1687 1688 1767 1726 vulg.
1791 1688 1889 1716 nescit.

1338 1730 1388 1761 62.
1414 1729 1509 1760 adde:
1533 1729 1610 1769 vulg.
1633 1731 1676 1761 sic
1699 1728 1734 1758 d:
1756 1728 1834 1759 aliis.

1342 1772 1392 1805 48.
1415 1771 1507 1803 adde:
1533 1771 1612 1809 vulg.
1630 1770 1789 1803 secundum
1810 1782 1876 1801 vero
1896 1782 1989 1810 geom.

1280 1833 1295 1837 -
1338 1816 1389 1846 32.
1413 1814 1506 1843 adde:
1529 1813 1610 1852 vulg,
1636 1812 1775 1852 dipondo.

1359 1858 1388 1887 3.
1411 1856 1503 1885 adde:
1538 1855 1624 1894 Vulg.
1654 1855 1808 1888 vinnolata
1836 1867 1898 1886 vox
1921 1864 1960 1885 est
1983 1855 2051 1885 levis

1394 1905 1420 1926 et
1442 1896 1551 1926 mollis.

1336 1941 1386 1971 51.
1412 1939 1504 1968 adde:
1529 1939 1610 1979 vulg.
1634 1947 1660 1971 et
1685 1949 1831 1980 argentea.

1333 1985 1383 2017 65.
1408 1982 1502 2013 adde:
1526 1982 1604 2020 vulg.
1628 1981 1754 2013 barbita.

1342 2027 1389 2055 13.
1412 2025 1505 2055 adde:
1527 2025 1606 2063 vulg.
1628 2033 1720 2064 parte.

1335 2068 1384 2101 54,
1430 2072 1499 2105 post
1520 2077 1585 2095 nox
1599 2067 1676 2099 adde
1697 2067 1799 2108 vulg.

1333 2112 1384 2141 70.
1409 2119 1463 2146 pro
1499 2107 1647 2149 Hesperus
1684 2122 1740 2151 pro
1781 2110 1928 2150 Hesperus
1967 2109 2045 2148 lege:

1392 2150 1542 2191 Hesperus
1559 2163 1615 2192 pro
1644 2152 1679 2181 V
1674 2165 1797 2193 esperus.

1332 2196 1382 2230 74.
1406 2194 1526 2232 corrige
1552 2194 1608 2227 ita:
1640 2195 1736 2227 Locus
1766 2195 1851 2227 Statii
1879 2199 1922 2222 est
1954 2190 2043 2218 Theb.

1396 2236 1445 2273 VI,
1469 2238 1557 2272 289..
1591 2237 1692 2276 ibique
1717 2235 1900 2277 deprenditur
1929 2232 2042 2270 legitur,

1395 2279 1478 2317 quod
1500 2279 1703 2318 recipiendum
1725 2286 1776 2309 est.

1332 2324 1381 2356 76.
1405 2321 1498 2354 adde:
1523 2322 1604 2360 vulg.
1627 2321 1709 2352 dicti.

1357 2368 1385 2397 8,
1410 2364 1504 2396 adde:
1526 2364 1604 2403 vulg.
1627 2365 1697 2404 quia
1719 2363 1748 2390 in
1773 2360 1832 2388 eius
1854 2360 1955 2398 capite.

1279 2427 1293 2432 -
1337 2408 1386 2439 57.
1411 2407 1487 2437 adde
1502 2411 1585 2446 post:
1606 2413 1632 2434 et
1654 2413 1792 2443 cygnum:
1814 2400 1895 2439 vulg.
