2264 2830
815 95 1060 131 ORIGINUM
1102 96 1246 130 LIBER
1273 96 1347 130 Vll.
1993 100 2066 134 221

282 190 315 223 9.
369 192 444 224 Non
465 192 575 234 itaque
603 202 661 223 nos
689 191 798 223 salvos
832 192 911 225 fucit
938 191 1127 235 quicunque
1154 203 1226 234 rex,
1255 192 1313 225 sed
1342 203 1399 224 rex
1427 192 1591 227 Salvator.
1645 194 1748 234 Quod
1786 192 1962 227 verbum³⁴³
1997 197 2064 230 La-

114 243 179 275 tina
208 242 321 288 lingua
349 250 443 276 antea
471 255 535 275 uon
564 242 729 282 habebut,
759 243 817 275 sed
847 243 972 275 habere
1002 249 1150 287 poterat,
1179 245 1263 277 sicut
1295 244 1421 288 potuit,
1453 245 1586 287 quando
1618 246 1732 278 voluit.

285 295 338 327 10.
392 293 553 327 Enumuel
582 305 621 326 ex
649 294 807 326 Hebraeo
834 295 865 327 in
893 295 1048 328 Latinum
1075 296 1239 339 significat
1271 295 1446 328 nobiscum
1478 297 1586 337 Deus,
1626 298 1770 338 scilicet,
1804 297 1881 340 quia
1912 310 1972 342 per
2000 299 2063 330 vir-

112 348 340 394 ginemhnatus
361 347 448 379 Deus
477 346 666 378 hominibus
694 346 725 377 in
752 358 850 378 carne
869 347 998 379 mortali
1018 348 1193 391 apparuit,
1222 353 1257 380 ut
1279 348 1413 380 terrenis
1431 347 1515 380 viam
1533 349 1644 381 salutis
1685 349 1727 381 ad
1752 350 1885 382 coelum
1912 351 2064 395 aperiret.

112 399 167 433 Ad
196 399 368 432 divinitatis
396 397 609 430 substantimn
622 394 647 413 ⁴⁰
674 409 759 440 quae
786 399 967 442 pertinent,
1001 396 1091 431 ista*¹
1122 404 1209 441 sunt,
1241 399 1347 439 Deus,
1376 396 1578 433 Dominus-⁸².

282 450 337 482 ll.
393 449 480 481 neus
505 454 614 481 autem
643 449 749 481 (lictus
776 456 916 495 propter
944 451 1068 483 unitam
1082 447 1105 467 ⁴³
1132 461 1207 483 cum
1238 451 1335 483 Patre
1362 451 1585 483 substantiam.

212 497 406 534 Dominusn
430 506 570 545 propter
596 501 790 533 servientem
819 507 1015 536 creaturam.

278 553 334 586 12.
388 552 477 585 Deus
505 559 614 585 autem
643 558 675 585 et
708 552 829 591 homo,
861 555 938 596 quia
967 555 1114 587 verbum
1143 558 1175 586 et
1202 564 1290 586 caro.
1346 552 1446 586 Unde
1481 558 1513 585 et
1525 549 1547 569 ²⁵
1582 553 1630 585 bis
1657 554 1785 598 genitus
1813 553 1951 595 dicitur,
1992 555 2058 588 sive

110 604 187 647 quia
214 604 313 636 Pater
341 616 414 636 eum
444 604 560 648 genuit
588 605 655 637 sine
684 610 786 637 matre
815 606 845 637 in
873 607 1082 647 aeternitate,
1114 606 1182 638 sive
1207 606 1286 648 quia
1313 610 1419 637 mater
1446 605 1512 637 sine
1545 611 1640 648 patre
1669 607 1701 637 in
1728 612 1889 649 tempore.

278 654 333 687 13.
388 656 585 699 Unigenitus
619 662 730 688 autem
766 655 936 690 νοοειῑιιι·ω
972 658 1154 691 secundum
1189 657 1366 689 divinitatis
1398 657 1646 696 excellentiam,
1687 657 1765 699 quia
1800 658 1867 689 sine
1903 657 2057 689 frutribus

107 705 350 750 primogenitus
365 703 390 722 ⁴⁷
417 708 599 740 secundum
628 709 871 752 susceptionem
899 709 1059 750 hominis,
1094 710 1126 741 in
1155 720 1221 752 qua
1250 720 1312 753 per
1344 707 1565 752 adoptionem
1593 708 1722 753 gratiae
1733 705 1757 724 ⁴²⁵
1783 708 1899 740 fratros
1931 707 2057 741 habere

107 757 262 802 (lignatus
288 764 351 799 est,
379 760 498 801 quibus
526 764 608 792 osset
636 760 888 804 primogenitus.

275 810 331 845 14.
386 808 600 844 Οιιιυιιεὶοῡ*9
628 809 752 843 Pati-‘1³⁰
778 813 821 844 ab
851 813 973 845 unitate
999 811 1198 844 substantiae
1226 811 1416 855 appellatur
1427 806 1461 843 ⁵¹.
1515 811 1703 844 Substantia
1731 811 1829 851 enim,
1849 811 1900 842 vel
1918 811 2055 842 essentia

106 859 240 893 Graece
269 860 372 897 οὐσία
404 863 541 903 (licitur,
569 861 663 907 ὅμως
685 874 784 895 unum
796 860 829 896 ⁵².
894 863 1083 906 [numque
1114 874 1196 908 ergo
1208 859 1233 879 5³
1264 864 1476 897 coniunctum
1508 868 1603 895 sonat
1637 875 1700 895 una
1727 862 1916 895 substantia.
1979 862 2056 894 Hoc

106 907 228 946 σειιίιιιω
264 920 402 947 vocatur
431 915 624 956 omousion,
657 915 750 957 quod
781 920 844 956 est,
886 916 964 960 Ego
993 920 1025 947 et
1053 916 1151 948 Pater
1182 926 1282 948 unum
1310 926 1436 956 sumus,
1477 914 1545 948 hoc
1573 919 1642 956 est,
1677 915 1825 947 eiusdem
1854 925 1928 947 cum
1958 914 2055 945 Patre

104 966 312 1001 substantiae.

270 1018 327 1050 lz’).
382 1017 484 1058 Quod
512 1029 633 1050 nomen
660 1017 718 1050 etsi
750 1018 909 1062 scriptum
943 1018 975 1051 in
1002 1018 1119 1051 sanctis
1148 1018 1247 1050 literis
1278 1029 1343 1050 non
1377 1013 1609 1058 inveniatur⁵⁵‚
1643 1017 1675 1048 in
1703 1017 1880 1049 assertione
1893 1012 1917 1032 ⁵⁶
1945 1021 2053 1048 tamen

102 1072 200 1104 totius
214 1067 238 1087 ⁵⁷
266 1070 433 1102 Trinitatis
461 1069 670 1111 defenditur,
696 1071 773 1112 quia
810 1071 907 1102 (latur
933 1071 1033 1111 ratio,
1074 1070 1162 1102 unde
1190 1075 1280 1103 recte
1307 1070 1373 1103 dici
1401 1069 1609 1110 ostendatur,
1640 1069 1721 1102 sicut
1749 1074 1780 1100 et
1806 1069 1906 1101 Pater
1933 1069 1963 1100 in
1992 1068 2053 1100 illis

102 1123 193 1157 libris
218 1133 378 1164 nusquam
402 1121 570 1165 lngenitus
598 1121 737 1166 legitur,
764 1121 822 1154 sed
851 1128 962 1154 tamen
991 1122 1151 1154 dicendus
1180 1134 1249 1154 esse
1277 1127 1377 1164 atque
1404 1120 1591 1154 credendus
1612 1132 1679 1152 non
1708 1120 1887 1154 dubitatur.

268 1174 326 1206 16.
383 1169 618 1206 Omoeusios⁵⁸
645 1173 758 1205 similis
792 1174 1009 1214 substantiae,
1044 1174 1121 1216 quia
1155 1169 1296 1217 qualis⁵⁹
1324 1173 1430 1213 Deus,
1472 1173 1546 1205 talis
1575 1178 1622 1205 est
1657 1172 1757 1205 etiam
1770 1168 1794 1187 ⁶⁰
1822 1172 1936 1216 imago
1973 1171 2049 1203 eius.

102 1225 272 1260 Invisibilis
300 1225 390 1257 Deus
414 1231 446 1257 et
472 1225 586 1269 imago
599 1220 622 1240 ‘⁵¹
650 1224 829 1257 invisibilis.

269 1276 326 1309 17.
382 1276 603 1319 Principium,
632 1287 672 1307 eo
701 1276 794 1318 quod
822 1276 864 1307 ab
884 1275 957 1319 ipso
984 1271 1092 1307 sunt⁶²
1119 1274 1249 1317 omnia,
1278 1279 1310 1307 et
1336 1274 1415 1317 quia
1441 1278 1516 1306 ante
1543 1285 1619 1306 eum
1648 1272 1741 1305 nihil.

269 1328 326 1359 18.
381 1327 472 1359 Finis
500 1332 565 1364 est,
593 1326 670 1369 quia
681 1323 705 1342 ‘⁵³⁵
730 1327 887 1371 dignatus
915 1331 962 1358 est
987 1326 1020 1359 in
1047 1327 1113 1359 fine
1140 1322 1365 1359 seculorumM
1392 1325 1561 1357 humiliter
1587 1325 1619 1357 in
1647 1335 1746 1358 carne
1777 1324 1865 1357 nasci
1893 1329 1925 1355 et
1953 1323 2047 1363 mori,

101 1385 133 1413 et
157 1378 367 1412 novissimum
394 1378 552 1411 iudicium
563 1373 588 1393 ‘⁵⁵
614 1378 685 1422 ipse
705 1379 887 1422 suscipere,
914 1378 968 1410 vel
992 1379 1069 1422 quia
1095 1377 1254 1421 quicquid
1283 1377 1412 1421 agimus
1439 1376 1612 1410 referimus
1640 1376 1683 1408 ad
1711 1372 1849 1410 illum‘ffi.
1903 1375 1948 1407 Et
1972 1385 2046 1408 cum

100 1432 144 1464 ad
172 1442 247 1464 eum
271 1430 517 1475 pervenerimus
531 1426 573 1470 ⁵⁷,
609 1430 695 1462 ultra
722 1430 814 1472 quod
842 1440 1038 1472 quaeramus
1065 1441 1131 1462 non
1158 1429 1321 1461 habemus
1332 1425 1367 1461 ⁶³.

268 1482 325 1514 19.
380 1481 428 1515 Os
456 1481 519 1513 Dei
546 1485 609 1522 est,
634 1481 711 1523 quia
733 1482 875 1514 verbum
903 1477 1005 1513 eiusffll
1034 1486 1090 1513 est.
1144 1481 1229 1513 Nam
1246 1481 1329 1512 sicut
1356 1489 1418 1523 pro
1440 1478 1563 1519 verbis,
1591 1489 1676 1521 quae
1703 1488 1764 1521 per
1788 1476 1937 1521 linguam
1965 1476 2047 1508 fiunt

99 1546 200 1579 saepe
226 1533 384 1574 dicimus,
409 1532 468 1565 illa
499 1538 532 1565 et
556 1532 611 1564 illa
638 1532 772 1577 lingua,
807 1532 851 1564 ita
879 1537 912 1565 et
938 1543 1002 1576 pro
1031 1532 1094 1565 Dei
1120 1532 1225 1565 verbo
1253 1542 1289 1563 os
1317 1529 1470 1575 ponitur,
1504 1529 1582 1572 quia
1605 1540 1678 1562 mos
1706 1533 1771 1569 est,
1804 1533 1841 1561 ut
1869 1539 1925 1560 ore
1947 1529 2045 1561 verba

97 1587 290 1620 formentur.

262 1635 323 1670 20.
377 1634 526 1668 Verbum
555 1639 665 1668 autem
688 1633 766 1667 ideo
794 1633 930 1676 (licitur,
958 1635 1036 1678 quia
1064 1645 1125 1678 per
1149 1645 1224 1667 eum
1252 1629 1384 1666 Pater⁷⁰
1411 1632 1524 1665 omnia
1550 1630 1720 1672 condidit,
1751 1631 1818 1664 sive
1843 1630 1942 1663 iussit.

263 1687 321 1720 21.
377 1687 523 1730 Veritas,
550 1687 627 1730 quia
650 1697 716 1719 non
743 1686 846 1728 fallit,
874 1686 933 1718 sed
961 1686 1092 1727 tribuit,
1120 1697 1206 1730 quae
1218 1682 1241 1702 ²¹
1270 1685 1431 1730 promisit.

96 1789 146 1817 Sic
169 1788 226 1816 Gu.
247 1791 273 1819 1.
291 1790 320 1819 2.
335 1803 376 1809 —
392 1789 470 1815 enim
489 1788 568 1825 vulg.
589 1802 631 1808 -
652 1788 698 1820 34)
718 1791 743 1814 et
763 1787 794 1815 Z.
820 1802 853 1806 —
885 1788 931 1817 35)
952 1787 1001 1814 Sic
1017 1787 1047 1814 Z.
1091 1790 1167 1815 esset
1190 1785 1402 1815 coessentialis.
1429 1801 1466 1807 —
1491 1782 1536 1821 53)
1554 1783 1603 1812 Sic
1622 1783 1678 1813 Gu.
1699 1786 1724 1813 1.
1741 1799 1777 1804 —-
1795 1783 1894 1821 igitur
1911 1781 2041 1820 vulg.—

97 1832 157 1860 Gu.
182 1834 207 1861 1.
230 1833 260 1861 2.
278 1840 323 1869 pr.
339 1829 390 1858 Ar.
407 1846 442 1851 ——
461 1830 621 1858 vocabitur
636 1829 714 1867 vulg.
732 1834 761 1857 et
776 1827 880 1857 Matth.
901 1831 927 1864 1,
943 1832 992 1860 21.
1006 1845 1048 1849 —
1090 1830 1142 1866 54)
1165 1829 1214 1857 Sic
1237 1830 1267 1857 Z.
1292 1830 1348 1857 Gu.
1366 1831 1390 1859 1.
1405 1845 1443 1849 -
1470 1831 1570 1855 autem
1592 1826 1672 1864 vulg.
1695 1842 1737 1848 —
1760 1825 1808 1861 55)
1832 1827 1986 1853 invenitur
2003 1824 2040 1854 al.

96 1876 144 1911 36)
166 1873 214 1901 Sic
237 1873 269 1902 Z.
293 1873 349 1900 Gu.
367 1876 392 1903 1.
408 1874 436 1902 2.
463 1873 499 1900 al.
522 1883 569 1911 pr.
592 1882 637 1902 va.
662 1889 700 1894 —
734 1871 820 1909 Vulg.
843 1872 927 1899 lesus
950 1871 985 1898 id
1005 1876 1047 1898 est
1092 1888 1128 1893 ——
1153 1873 1201 1909 56)
1225 1883 1356 1900 sermone
1375 1871 1411 1899 al.
1440 1886 1481 1891 —
1510 1871 1556 1905 57)
1574 1867 1723 1896 secundae
1745 1868 1854 1904 Gu.1.‚
1879 1867 1959 1906 quod
1981 1877 2040 1896 non

96 1917 178 1944 Salv.
200 1933 231 1936 —
253 1915 304 1944 Ar.
322 1915 419 1943 lesum
441 1915 555 1943 omissis
578 1925 627 1943 vv.
647 1913 683 1942 id
701 1920 743 1942 est
767 1914 919 1942 Salvator.
944 1930 985 1935 —-
1002 1917 1046 1949 37)
1089 1914 1232 1951 intelligo,
1257 1931 1295 1936 --
1319 1913 1365 1953 58)
1394 1913 1559 1942 Omousion
1575 1911 1605 1939 Z.
1631 1912 1686 1939 Gu.
1710 1913 1736 1942 1.
1749 1913 1779 1942 2.
1800 1921 1844 1949 pr.
1861 1920 1907 1939 va.
1928 1926 1968 1931 —
1992 1912 2038 1946 59)

95 1959 145 1987 Sic
169 1959 226 1986 Gu.
246 1960 270 1989 1.
286 1974 327 1979 —
346 1959 420 1995 quia
444 1958 525 1995 iulg.
544 1974 580 1979 -
600 1959 663 1995 ipse
679 1959 755 1985 enlm
766 1957 799 1986 Z.
818 1972 859 1978 —
879 1956 924 1995 38)
941 1967 960 1983 a
976 1966 1045 1994 pec·
1088 1962 1130 1984 est
1154 1957 1222 1986 add.
1247 1957 1303 1985 Gu.
1327 1959 1354 1987 2.
1378 1971 1419 1977 —
1442 1954 1487 1994 60)
1515 1954 1564 1982 Sic
1587 1955 1642 1982 Gu.
1661 1956 1686 1985 1.
1704 1969 1747 1975 —
1771 1958 1798 1981 et
1820 1953 1899 1991 vulg.
1923 1969 1960 1973 —-
1992 1954 2038 1985 61)

96 2003 176 2030 catis
199 2011 300 2028 eorum
323 2000 390 2028 add.
413 2000 449 2028 al.
471 2016 513 2021 —
535 1999 580 2038 39)
592 2001 695 2038 patris
718 2000 786 2030 add.
811 2000 867 2028 Gu.
882 2001 907 2029 1.
932 2016 971 2020 —
994 2001 1043 2037 40)

95 2045 143 2074 Sic
158 2044 189 2073 Z.
208 2044 263 2071 Gu.
278 2048 300 2074 1.
310 2045 337 2073 2,
355 2043 406 2071 Ar.
429 2059 462 2063 —-
479 2041 535 2070 Ad
555 2041 649 2070 divin.
667 2048 770 2070 aulem
793 2042 887 2069 suh-st.
910 2041 1044 2079 vulg.—

95 2085 144 2126 41)
168 2086 226 2114 illa
246 2086 278 2116 Ζ.
301 2100 344 2107 -·
367 2082 414 2123 42)
437 2085 486 2112 Sic
512 2085 567 2113 Gu.
589 2088 613 2116 1.
629 2087 658 2116 2.
680 2087 728 2115 Ar.
752 2101 793 2106 —
814 2086 901 2112 Deus
926 2090 952 2111 et
975 2086 1044 2112 Do-

96 2131 197 2158 minus
211 2129 242 2157 Z.
261 2138 306 2157 va.
326 2145 359 2148 —
379 2128 533 2155 Dominus
548 2133 574 2155 et
588 2128 675 2155 Deus
693 2127 775 2165 vulg.
798 2143 839 2148 —
861 2129 907 2161 43)
921 2129 1045 2154 unicam

96 2174 145 2201 Ar.
168 2187 207 2192 —
232 2170 278 2210 44)
297 2169 382 2207 Vulg.
401 2175 502 2198 autem
524 2170 608 2206 add„
641 2170 720 2208 quod
744 2180 801 2199 om.
827 2170 858 2198 Z.
883 2170 940 2198 Gu.
966 2173 992 2200 1.
1015 2172 1043 2201 2.

94 2217 145 2243 Ar.
170 2232 208 2236 —
231 2214 279 2251 45)
302 2218 327 2241 et
351 2223 407 2241 om.
430 2223 475 2241 va.
499 2229 539 2234 —-
561 2214 606 2248 46)
629 2218 755 2240 vocatu-5
777 2212 814 2243 al.
835 2229 872 2233 —
897 2214 942 2250 47)
958 2212 1043 2250 Vulg.

94 2264 135 2285 esc
154 2256 240 2293 add.,
264 2255 345 2294 quod
361 2266 417 2283 om.
435 2255 464 2282 Z.
483 2255 538 2284 Gu.
556 2258 582 2286 1.
596 2257 624 2285 2.
638 2264 683 2283 va.
699 2256 749 2284 Ar.
767 2271 807 2276 —
829 2254 877 2292 48)
894 2265 951 2293 per
968 2254 1042 2282 ado-

88 2301 209 2340 ptioni-s·
228 2300 365 2338 gratiam
389 2298 428 2326 al.
450 2314 492 2319 -—
520 2298 566 2333 49)
595 2297 758 2325 Omousion
781 2297 812 2326 Z.
836 2298 893 2326 Gu.
914 2302 938 2329 1.
957 2300 985 2328 2.
1004 2297 1041 2325 al.

94 2353 141 2381 pr.
165 2352 209 2370 va.
233 2358 273 2362 —
303 2341 347 2379 50)
371 2346 462 2379 pater
481 2341 511 2369 Z.
538 2356 576 2360 —
607 2339 652 2378 51)
672 2340 845 2377 appellatus
869 2340 905 2368 al.
928 2356 970 2361 —
992 2339 1040 2378 52)

95 2385 143 2414 Sic
158 2384 214 2414 Gu.
231 2388 255 2417 1.
267 2386 293 2415 2.
310 2384 358 2413 Ar.
374 2394 420 2425 pr.
439 2393 485 2413 va.
507 2400 544 2404 —
574 2382 641 2411 Una
658 2383 786 2412 coniecit
803 2382 942 2420 Vulcan.‚
958 2382 1039 2422 quod

1087 1999 1173 2037 Vulg.
1197 2001 1262 2028 eius
1283 1998 1367 2033 add.,
1391 1998 1472 2037 quod
1496 2007 1551 2025 om,
1574 1997 1604 2026 Z.
1628 1997 1683 2025 Gu.
1702 1998 1729 2027 1.
1744 1998 1773 2026 2.
1789 2006 1835 2024 va.
1854 1997 1903 2025 Ar,
1926 2010 1968 2016 —·
1991 1993 2035 2031 62)

1087 2047 1162 2070 sant
1182 2053 1237 2080 pro
1261 2043 1322 2069 sint
1337 2042 1368 2070 Z.
1392 2042 1446 2069 Gu.
1466 2043 1491 2071 1.
1510 2055 1551 2060 —
1574 2042 1619 2075 63)
1639 2039 1726 2076 Vulg.
1743 2039 1791 2066 vel
1812 2040 1898 2076 quia,
1923 2036 1973 2065 sed
1993 2037 2038 2064 wel

1087 2096 1145 2114 om.
1164 2086 1194 2114 Z.
1214 2086 1270 2113 Gu.
1288 2087 1330 2120 1.‚
1354 2084 1405 2122 qui
1427 2082 1517 2112 habet
1542 2082 1629 2110 sz's
1648 2087 1698 2110 est.
1721 2097 1762 2102 —
1792 2080 1838 2119 64)
1858 2081 1907 2109 Sic
1932 2080 1986 2107 Gu.
2011 2083 2034 2110 1.

1085 2144 1128 2149 -
1153 2134 1319 2166 temporum
1343 2127 1424 2163 vulg.
1447 2141 1489 2147 -
1517 2124 1563 2164 65)
1591 2125 1640 2154 Sic
1670 2125 1728 2152 Gu.
1748 2127 1774 2155 1.
1797 2140 1832 2145 -
1860 2122 1955 2151 [udde.
1978 2132 2033 2149 nu—

1085 2172 1156 2200 viss.
1179 2171 1259 2208 vulg.
1285 2185 1322 2191 -
1355 2167 1402 2208 66)
1426 2169 1475 2196 Sic
1499 2168 1556 2197 Gu.
1581 2170 1608 2198 1.
1629 2183 1672 2189 ——
1691 2165 1736 2194 acl
1756 2166 1847 2194 illum
1876 2166 2032 2203 referimus

1087 2213 1168 2251 vulg.
1190 2230 1232 2234 ——-
1258 2212 1301 2250 67)
1321 2213 1459 2239 venimus
1475 2211 1505 2239 Ζ.
1528 2226 1571 2232 —
1600 2214 1644 2244 68)
1666 2210 1715 2238 Sic
1739 2209 1795 2238 Gu.
1821 2212 1845 2239 1.
1869 2213 1896 2240 2.
1923 2208 1969 2235 Ar.
1991 2221 2031 2226 --

1085 2255 1171 2294 Vulgi
1191 2255 1378 2284 habebimus.
1401 2268 1442 2275 --
1465 2251 1513 2294 69)
1533 2253 1664 2281 Verbum
1685 2252 1734 2280 dei
1753 2252 1789 2280 al.
1812 2267 1853 2272 —
1875 2249 1921 2288 70)
1940 2250 2029 2276 latter

1085 2298 1186 2327 addidi
1209 2308 1224 2327 e
1242 2299 1272 2326 Z.
1297 2297 1353 2325 Gu.
1371 2300 1397 2327 1.
1413 2297 1559 2327 2·va-Ar.
1583 2313 1623 2318 —-
1645 2293 1695 2335 71)
1709 2294 1758 2323 Sic
1782 2294 1836 2323 Gu.
1854 2296 1878 2324 1.
1894 2308 1932 2314 -
1948 2287 2029 2329 quod

1083 2341 1165 2380 vulg.
1183 2357 1225 2363 -
1242 2341 1398 2380 promittit
1420 2339 1456 2368 al.
