2264 2830
772 93 1016 128 ORIGINUM

1059 95 1204 130 LIBER
1231 97 1305 130 Xll.
1940 98 2013 132 377

234 192 293 226 3⁴.
347 191 408 225 Uri
443 196 587 236 agrestes
614 190 718 222 boves
746 194 818 222 sunt
851 189 882 221 in
911 189 1109 229 Germania,
1145 191 1306 224 habentes
1335 201 1458 224 cornua
1487 187 1682 223 immensa²⁴⁵
1716 190 1746 222 in
1775 191 1951 234 tantum²⁷‚
1979 199 2014 227 ut

69 244 169 289 regiis
196 244 314 276 mens-is
340 244 458 288 insigni
487 242 671 287 capacitate
699 253 737 273 ex
767 242 811 273 eis
837 242 976 285 gerulae
1003 242 1083 274 liant
1094 240 1127 274 ²⁸.

235 304 293 338 35.

348 304 491 337 Canu-lis
524 313 622 336 causa
657 312 779 334 nomen
807 302 919 343 dedit,
956 303 1023 334 sive
1051 303 1142 345 quod
1172 303 1307 346 quando
1335 307 1528 343 onerantur,
1571 306 1607 334 ut
1640 301 1806 334 breviores
1843 308 1875 335 et
1902 303 2014 336 hurni-

71 355 117 387 les
131 351 155 370 ²¹³
182 355 279 393 fiant,
308 350 524 394 accubant-³⁰,
549 354 626 397 quia
655 353 787 387 Graece
814 353 928 398 χαμαὶ
956 353 1084 386 humile
1113 360 1144 387 et
1173 356 1274 387 breve
1296 355 1415 388 dicitur
1429 351 1463 395 ³¹,
1491 354 1556 387 sire
1583 353 1661 397 quia
1688 365 1807 386 curvus
1832 359 1879 386 est
1903 356 2013 388 dorso.

70 403 229 440 Carnur³²
257 408 343 440 enim
356 403 381 423 ³³
418 406 551 439 Graeco
592 405 695 437 verbo
708 402 730 421 ³¹
765 416 903 439 curvum
935 405 1109 450 significat.

901 458 986 490 Nam
1015 458 1148 491 Arabici
1175 458 1251 490 bina
1280 458 1396 490 tubera
1430 457 1461 489 in
1498 457 1598 489 dorso
1632 457 1774 497 liabent,
1815 458 2015 502 reliquarum

69 458 194 490 Arabia
220 459 389 502 plurimos.
445 457 611 490 Diss'erunt
639 463 747 490 auten}
777 458 847 490 sibi.

70 511 243 555 regionum
270 509 408 554 singula.

70 618 101 644 vt
129 623 248 645 nomen
276 612 362 645 habe

69 664 154 708 plius
201 660 324 696 inilia⁴⁰
372 660 470 696 una⁴¹
519 663 574 696 die
622 674 765 708 pergere
813 664 898 696 solet
911 660 945 697 ⁴².

70 716 216 748 ruminat.

366 618 377 644 t
388 609 421 646 305·

232 766 291 799 37.
346 767 537 800 Ruminatio
565 772 675 798 autem
704 762 824 799 dicta¹¹
852 779 870 798 a
895 766 1022 798 rumine

68 819 128 850 bus
155 830 173 850 a
197 819 292 851 certis
318 824 492 852 revocatur
517 818 712 850 animalibus
725 814 756 852 ⁸¹⁵.

345 560 515 593 Dromeda
548 571 654 604 genus
683 566 730 592 est
751 561 974 602 camelorum,
1009 560 1143 592 minoris
1176 560 1313 603 quidem
1350 564 1510 598 staturae,
1552 559 1608 590 sod
1644 560 1816 592 velocioris
1829 556 1863 591 ³⁵.

476 612 563 644 Nam
592 610 724 658 δρόμος
752 612 884 645 Graece
912 623 1024 645 cursus
1048 608 1240 645 velocitas-³⁷
1268 612 1467 656 appellatur.

1021 663 1122 704 Quod
1171 663 1291 696 animal
1339 664 1422 696 sicut
1470 663 1537 694 ovis
1584 667 1617 694 et
1663 662 1722 695 bos
1735 660 1758 679 ³³⁵
1796 668 1827 695 et
1872 664 2014 697 camelus

1179 407 1250 439 Hos
1285 406 1363 439 licet
1397 410 1428 438 et
1465 406 1548 437 aliae
1582 406 1737 450 regiones
1772 406 1916 447 mittant,
1957 407 2014 439 sed

1916 560 2015 593 Unde

1521 609 1661 643 Centum
1698 612 1783 644 enim
1795 609 1819 628 ³²¹
1847 617 1879 644 et
1892 607 1916 627 ³³¹
1943 623 2015 644 am-

1081 766 1246 799 eminente
1274 765 1414 811 gutturis
1441 770 1547 809 parte,
1575 775 1636 808 per
1664 775 1763 807 quam
1792 764 1940 798 dimissus
1967 766 2015 798 ci-

232 878 292 911 38.
345 879 463 911 Asinus
493 884 524 911 et
551 878 671 911 asellus
698 889 716 909 a
744 876 893 909 sedendo
920 876 1026 910 dictus
1037 874 1078 918 ⁴⁷,
1106 877 1197 920 quasi
1226 877 1359 910 assedus
1370 873 1411 909 ⁴¹³:
1440 876 1500 908 sed
1527 875 1595 910 hoc
1622 887 1760 916 nomen,
1789 875 1880 919 quod
1909 877 2016 920 magis

68 930 158 972 equis
187 930 427 968 conveniebat,
467 930 543 963 ideo
579 929 646 962 hoc
682 928 803 961 animal
819 924 839 944 ¹⁰
869 929 1026 972 sumpsit,
1068 929 1145 972 quia
1177 929 1370 973 priusquam
1399 939 1503 971 equos
1540 934 1699 972 caperent
1726 927 1893 969 homines,
1936 927 2016 961 huic

69 981 259 1025 praesidere
294 988 485 1024 coeperunt.

68 1033 171 1066 honio
197 1033 370 1066 substravit
381 1030 413 1065 ³⁰.

233 1085 291 1117 39.
345 1084 483 1128 Onager
510 1084 741 1128 interpretatur
768 1082 874 1116 asinus
901 1079 1032 1115 ferus⁵¹.

244 1137 313 1168 [los
340 1136 455 1168 Africa
482 1135 586 1168 habet
613 1147 770 1180 magnos,
805 1140 838 1167 et
865 1135 1041 1167 indomitos
1069 1140 1102 1167 et
1129 1135 1159 1167 in
1189 1135 1318 1168 deserto
1346 1140 1514 1179 vagantes.

570 1187 787 1219 Nascentibus
819 1187 972 1219 masculis
985 1183 1010 1203 ⁵²
1047 1187 1171 1227 celant,
1208 1193 1240 1219 et
1274 1187 1440 1221 testiculos
1476 1197 1591 1218 eorum
1629 1181 1774 1218 morsu53
1809 1184 2013 1223 detruncant,

68 1136 186 1171 serum.

67 1199 138 1220 rum
166 1188 326 1232 gregibus
353 1193 518 1231 praesunt.

540 981 672 1014 Animal
707 981 836 1024 quippe
871 980 1003 1013 tardum
1037 986 1068 1013 et
1099 981 1191 1014 nulla
1219 982 1344 1014 ratione
1376 980 1536 1020 renitens,
1579 980 1705 1019 (statim,
1738 984 1773 1012 ut
1800 979 1922 1019 voluit,
1955 978 2015 1012 sibi

1082 1082 1193 1119 ’Ὸιόν
1229 1084 1357 1129 quippe
1394 1083 1519 1116 Graeci
1554 1083 1679 1115 asinum
1714 1087 1852 1115 vocant:
1887 1080 2015 1125 ἄγριον

1569 1134 1701 1178 Singuli
1736 1139 1845 1165 autem
1873 1132 2013 1164 femina-

67 1239 159 1282 quod
173 1236 197 1256 ⁵⁴
224 1242 376 1272 caventes
402 1244 522 1271 inatres
550 1249 608 1271 eos
635 1238 666 1270 in
694 1238 826 1271 secretis
850 1238 930 1271 locis
958 1237 1137 1271 occultant.

231 1299 289 1330 40.
341 1299 460 1330 Asinos
488 1298 670 1331 Arcadicos
698 1292 847 1333 dictos⁵⁵,
876 1308 916 1329 eo
927 1294 951 1313 ⁵⁶
979 1297 1071 1339 quod
1100 1297 1142 1329 ab
1170 1297 1316 1329 Arcadia
1343 1298 1488 1340 primum
1517 1295 1602 1329 vecti
1629 1291 1722 1327 sint³⁷
1750 1294 1863 1338 magni
1887 1299 1920 1326 et
1946 1294 2011 1326 alti.

69 1349 180 1381 Minor
206 1356 315 1382 autern
349 1349 469 1381 asellus
499 1360 582 1392 agro
611 1349 685 1392 plus
712 1348 913 1380 necessarius
941 1355 1004 1387 est,
1038 1348 1115 1391 quia
1142 1353 1174 1381 et
1202 1348 1350 1381 laborem
1378 1348 1498 1380 tolerat
1523 1352 1555 1380 et
1582 1347 1821 1391 negligentiam
1833 1342 1858 1362 ᾗ·
1885 1356 2014 1389 prope·

70 1401 205 1433 modum
234 1413 300 1433 non
327 1406 466 1432 recusat.

68 1510 99 1534 et
123 1502 242 1535 similes
271 1514 366 1536 cursu
394 1502 646 1546 copulabantur.

230 1562 290 1596 42.

231 1673 288 1706 43.

68 1780 243 1820 κάμηρός
275 1794 333 1817 τις
366 1778 466 1812 οὖσα.
520 1782 578 1811 Csr.
612 1781 716 1809 Festus
749 1792 778 1819 p.
808 1780 857 1810 34.
898 1790 924 1807 v.
957 1780 1016 1808 Ga-

68 1835 165 1852 mara.
186 1830 213 1852 et
238 1826 434 1854 Commentar.
459 1824 495 1852 ad
521 1824 609 1853 eund.
633 1825 689 1852 loc.
705 1834 733 1862 p.
750 1825 821 1853 362.
841 1822 887 1850 ed·
906 1823 1015 1851 Linde-

69 1876 165 1895 mann.
191 1867 276 1904 Corp
311 1868 439 1894 Cranno
465 1867 530 1896 Vol.
554 1867 588 1895 H.
613 1867 702 1895 AreV.
726 1866 797 1893 citat
817 1874 904 1892 suum
930 1875 1015 1894 com-

68 1913 191 1937 mentar.
215 1910 251 1936 ad
275 1909 415 1938 prudent.
439 1908 506 1948 περὶ
521 1919 602 1947 61qu-
620 1912 667 1944 12,
682 1910 730 1940 53-
747 1925 788 1928 —
810 1906 856 1945 33)
866 1909 943 1934 enim
961 1919 1015 1937 om.

69 1952 125 1979 Gu.
148 1954 172 1980 l.
196 1968 237 1973 —
259 1951 304 1990 54)
329 1952 377 1979 Sic
396 1952 452 1979 Gn.
471 1954 498 1982 1.
520 1967 560 1972 -—
592 1951 679 1989 Vulg.
702 1950 790 1978 verbo
816 1950 941 1979 Graeco.
966 1950 1016 1980 Ar.

70 1994 190 2021 velbum
223 1994 384 2021 Graecum.
420 2010 461 2014 —
497 1996 542 2025 35)
575 2004 684 2022 cursus
721 1993 757 2021 al.
788 1991 854 2021 add.
890 2009 932 2013 —
970 1996 1015 2027 36)

67 2036 176 2063 hahent
200 2036 256 2064 Gu.
271 2038 300 2066 2.
328 2052 360 2057 —-
387 2038 432 2070 37)
457 2041 482 2062 ct
506 2036 562 2064 vel.
586 2037 640 2064 Gu.
654 2040 681 2068 1.
706 2036 742 2065 al.
766 2045 810 2074 pr.
833 2051 875 2056 —
900 2035 946 2062 vel
963 2036 1015 2065 vel.

69 2079 126 2106 Gu.
143 2082 170 2110 2,
203 2095 240 2100 -
270 2077 317 2116 38)
342 2078 420 2105 enim
447 2077 549 2106 addidi
572 2088 586 2107 e
609 2080 665 2107 Gu.
686 2082 713 2110 1.
731 2081 759 2109 2.
786 2094 827 2099 —
863 2078 910 2109 39)
935 2083 961 2105 et
983 2088 1015 2106 eo

67 2121 159 2158 ampl.
183 2130 228 2147 va.
251 2137 292 2141 —
314 2119 360 2158 40)
384 2119 433 2147 Sic
456 2120 511 2150 Gu.
530 2123 556 2151 1.
580 2120 629 2149 Ar.
655 2138 687 2143 —
719 2122 860 2149 miliaria
882 2120 1016 2158 vulg.—

67 2169 185 2191 cenlum
210 2164 288 2190 enim
309 2163 399 2190 milia
428 2168 454 2189 εἰ
483 2163 573 2200 ampl.
595 2163 688 2194 Gn.2.
721 2180 764 2185 -—-·
799 2160 848 2202 41)
873 2173 936 2190 lma
959 2173 1014 2201 pro

68 2217 128 2233 ww
151 2206 206 2233 Gu.
226 2208 252 2236 1.
272 2208 299 2237 2.
325 2221 366 2227 —
391 2204 439 2240 42)
462 2210 588 2232 currunt
613 2206 669 2233 Gu.
684 2208 783 2236 2.·-—-
813 2204 860 2241 43)
884 2206 932 2233 Sic
957 2207 1014 2234 Gu.

70 2252 96 2280 1.
122 2265 154 2269 —
182 2247 235 2275 bos
256 2253 282 2274 et
304 2249 371 2275 ovis
392 2247 474 2284 vulg.
511 2264 549 2268 --
587 2248 631 2283 44)
653 2253 695 2274 est
717 2247 784 2278 add.
806 2248 901 2285 vulg„
935 2248 1014 2287 quod

69 2300 123 2318 om.
150 2290 206 2318 Gu.
225 2293 253 2321 1.
281 2306 322 2311 -—-
357 2288 402 2329 ι45)
426 2299 517 2318 ruma
540 2289 590 2317 Ar.
610 2300 673 2318 var.
696 2290 761 2318 lect.
786 2301 832 2330 ap.
858 2290 948 2320 Goth.
974 2308 1007 2312 -—

69 2334 112 2368 46)
137 2333 184 2360 Sic
211 2333 267 2360 Gu.
291 2335 317 2363 1.
340 2334 370 2363 2.
400 2347 437 2354 -
470 2343 489 2360 α
512 2333 601 2360 certi-s·
623 2343 674 2361 (ιη.
698 2343 756 2360 rev.
778 2333 858 2371 vulg.
889 2350 930 2355 -
963 2334 1011 2370 47)

120 2383 282 2411 GRAMMAT.
304 2393 372 2411 LAT.
387 2382 436 2411 Ill.

346 1562 504 1593 caballus
531 1566 642 1594 antem
669 1574 687 1593 a
710 1570 793 1593 cavo
821 1559 911 1603 pede
939 1557 1080 1594 ‹lictus‘⁵⁰

67 1624 136 1646 ram
164 1610 376 1654 concavatffl,
404 1613 495 1656 quod
525 1613 651 1655 reliqua
678 1611 832 1644 animalia
858 1623 922 1643 non
949 1611 1085 1644 habent.

346 1452 433 1494 h'qni
461 1451 556 1489 dicti,
585 1462 624 1482 eo
652 1449 742 1493 quod
771 1444 944 1493 quando³⁹
971 1448 1142 1494 quadrigis
1170 1450 1410 1494 iungebantur,
1445 1449 1686 1492 aequabantur,
1715 1458 1878 1492 paresque
1905 1447 2013 1479 forma

1090 1585 1098 1599 ‚
1141 1565 1281 1604 propter
1307 1559 1397 1604 quod
1426 1558 1582 1603 gradiens
1611 1558 1736 1602 ungula
1763 1558 1923 1602 impressa
1949 1562 2011 1590 ter-

1139 1612 1223 1645 Inde
1250 1617 1282 1645 et
1307 1612 1458 1655 sonipeS‚
1486 1609 1577 1653 quod
1605 1610 1748 1654 pedibus
1768 1615 1869 1641 sonat.

344 1672 507 1707 vivacitas
540 1683 704 1715 equorum
741 1672 862 1704 multa:
903 1671 1049 1704 exultant
1077 1672 1163 1704 enim
1196 1672 1228 1704 in
1264 1671 1407 1716 campis,
1445 1666 1658 1703 οιὶοηιηῐιιῐϋ2
1685 1669 1829 1702 bellum.
1867 1669 2011 1702 excitan—

1061 1780 1177 1809 dicitur
1199 1782 1236 1810 al.
1269 1800 1306 1804 —
1337 1779 1383 1821 48)
1408 1778 1542 1808 acia-edus
1564 1779 1600 1808 al.
1625 1789 1671 1817 ap.
1696 1777 1786 1806 Goth.
1811 1794 1852 1800 —
1888 1777 1935 1816 49)
1958 1778 2013 1805 hoc

1061 1834 1117 1852 om.
1141 1826 1239 1856 Gu.2.
1270 1840 1310 1845 —
1339 1824 1395 1850 lzoc
1416 1823 1454 1850 ab
1478 1823 1616 1859 antiqui-›-
1646 1832 1694 1848 (ιη.
1719 1821 1755 1849 al.
1784 1836 1825 1841 —
1856 1820 1902 1856 50)
1925 1821 2012 1848 homo

1060 1867 1120 1894 sibi
1136 1867 1248 1898 ιςιιίιείν,
1263 1877 1309 1895 va.
1324 1882 1362 1888 —
1378 1866 1522 1902 51)serox
1537 1865 1590 1893 Gu⁴
1608 1867 1637 1895 2.
1653 1879 1694 1884 -—-
1710 1863 1906 1900 &Mun-vulis
1921 1863 1974 1890 Gu.
1987 1866 2012 1893 1.

1059 1925 1100 1930 —-
1123 1911 1168 1946 53)
1184 1909 1335 1938 morsibus
1352 1908 1390 1936 al.
1413 1924 1455 1929 -
1477 1907 1523 1946 54)
1539 1907 1619 1944 vulg.
1639 1905 1705 1934 add.
1730 1912 1839 1941 lamen,
1859 1906 1938 1943 quod
1955 1916 2009 1934 om.

1059 1952 1192 1984 Gu.1.2.
1205 1963 1249 1992 pr.
1261 1969 1299 1975 —
1315 1952 1445 1979 celantes
1458 1950 1503 1979 ed.
1516 1948 1605 1978 Goth.
1616 1966 1651 1971 —-
1672 1948 1716 1976 Al.
1733 1958 1783 1976 vv.
1795 1947 1894 1986 quod.
1911 1969 1933 1976 ..
1951 1958 2010 1976 vce.

1061 2005 1118 2024 om.
1138 2011 1178 2016 —
1201 1995 1249 2033 55)
1264 1993 1459 2023 Accusativos
1481 2003 1537 2031 pro
1559 1991 1749 2020 nominativis
1768 1990 1890 2020 exhibet
1911 1991 1967 2018 Gu.
1985 1993 2009 2020 1.

1060 2037 1097 2065 al.
1128 2054 1167 2058 —-
1199 2037 1245 2076 56)
1280 2049 1310 2065 eo
1342 2035 1443 2065 addidi
1475 2045 1489 2064 e
1519 2036 1577 2064 Gu.
1606 2037 1632 2065 1.
1653 2037 1681 2065 2.
1703 2043 1750 2062 va.
1782 2050 1824 2054 —
1864 2031 1910 2070 57)
1941 2039 2010 2060 sunt

1060 2080 1116 2108 Gu.
1141 2083 1167 2111 1.
1193 2096 1236 2101 —
1259 2082 1304 2118 58)
1334 2079 1537 2117 negligentias
1564 2087 1610 2105 va.
1642 2093 1683 2098 —
1711 2077 1759 2112 59)
1780 2086 1874 2114 quum
1900 2076 1938 2104 al.
1969 2090 2011 2096 -

1059 2120 1107 2162 60)
1131 2122 1180 2150 Sic
1213 2123 1270 2150 Gu.
1299 2126 1326 2154 1.
1361 2138 1398 2143 —
1445 2121 1531 2158 Vulg.
1565 2119 1714 2148 caballus
1740 2130 1759 2147 α
1790 2117 1928 2146 cavando
1959 2116 2007 2144 ‹li-

1059 2169 1133 2192 ctus.
1155 2165 1210 2194 Ed.
1229 2175 1275 2194 va.
1298 2165 1345 2193 his
1370 2164 1548 2203 praeponit:
1587 2162 1737 2191 Cat-allas
1771 2167 1861 2189 antea
1890 2172 1909 2188 α
1935 2170 2006 2187 cmv

1058 2205 1170 2237 (lictu-9.
1208 2224 1249 2229 —-—-
1288 2208 1345 2236 Gu.
1370 2210 1398 2238 2.
1424 2206 1573 2235 cavallus
1600 2210 1691 2233 antea
1717 2214 1790 2232 caro
1819 2203 1928 2232 dictus.
1966 2215 2005 2221 --

1057 2247 1105 2288 61)
1126 2249 1173 2278 Sic
1205 2251 1262 2281 (ἆυ,
1288 2253 1313 2282 1.
1337 2253 1366 2281 2.
1401 2266 1436 2270 —-
1480 2249 1568 2287 Vulg.
1591 2253 1741 2276 concavet.
1773 2262 1812 2267 —
1846 2245 1890 2281 62)
1915 2244 2004 2269 etiam

1056 2291 1124 2320 add.
1145 2301 1192 2321 va.

1494 2383 1604 2417 Bbb
