2264 2830
799 91 1044 127 ORIGINUM
1081 94 1227 130 LIBER
1253 98 1312 132 lx.

1956 102 2032 137 299

254 188 313 225 27.
366 189 540 222 Praetores
566 187 683 228 iidem,
710 187 767 230 qui
795 191 827 220 et
853 187 1034 232 praefecti,
1062 192 1156 233 quasi
1183 192 1439 236 praepositores.

253 241 313 275 26.

365 241 537 274 Praesides
565 250 643 272 vero
670 239 766 279 dicti,
792 240 870 283 quia
897 240 1032 274 alicuius
1059 242 1126 275 loci
1149 246 1286 277 tutelam
1311 242 1552 288 praesidialiter
1578 246 1699 276 tenent.

255 292 312 324 29.
365 292 507 325 Tribuni
533 291 658 331 vocati,
685 291 778 334 quod
806 291 981 333 militibus,
1009 293 1077 325 sive
1101 295 1255 338 plebibus
1282 296 1352 328 iura
1381 295 1524 327 tribuant
1535 290 1568 326 ³¹.

254 344 313 379 30.
365 339 614 377 Chiliarchae³²
641 348 731 386 sunt,
766 344 823 386 qui
856 342 949 376 mille
981 351 1138 388 praesunt
1151 343 1194 388 ³³,
1229 358 1311 391 quos
1347 358 1406 379 nos
1440 345 1640 379 millenarios
1672 343 1885 389 vocamus”‚
1923 353 1954 381 et
1986 355 2033 382 est

89 394 257 428 Graecum
284 406 405 428 nomen
416 392 450 428 ³⁵.

254 447 312 479 31.

366 445 580 480 Centuriones
604 445 683 478 dicti
707 457 765 486 eo,
792 445 885 489 quod
913 450 1046 479 centum
1073 449 1219 492 praesint
1230 446 1253 465 ³⁶
1282 449 1456 488 militibus,
1484 448 1566 480 sicut
1598 449 1890 493 quinquagenarii,
1918 451 1974 494 qui
2001 451 2033 485 in

88 497 198 542 capite
224 503 296 531 sunt
308 495 332 515 ³²
351 498 591 542 quinquaginta
619 497 774 537 militum,
798 498 880 532 sicut
906 497 1026 531 decani
1054 510 1094 531 eo
1107 496 1143 540 ³⁸,
1172 501 1265 543 quod
1290 501 1410 534 decem
1437 500 1596 532 militibus
1610 497 1635 516 ³⁹
1661 501 1907 543 praeferuntur.

251 549 310 582 32.
364 549 464 582 Miles
488 549 611 590 (lictus,
639 549 716 591 quia
744 549 833 582 inille
861 554 952 582 erant
978 556 1074 583 antea
1086 547 1111 567 ⁴⁰
1140 551 1172 584 in
1200 563 1338 585 numero
1367 563 1452 591 uno,
1480 552 1533 584 vel
1560 551 1637 594 quia
1662 563 1743 584 unus
1772 557 1819 585 est
1843 554 1965 586 electus
1992 566 2032 588 ex

89 599 221 635 millefl.
260 601 425 634 Romulus
451 605 561 633 autem
589 601 715 645 primus
743 612 782 633 ex
807 601 939 646 populo
967 602 1084 635 milites
1111 604 1249 649 sumpsit
1276 609 1308 636 et
1335 603 1533 648 appellavit.

88 653 176 686 litiae
198 652 348 685 ordinem
377 653 500 686 docuit.

251 704 310 738 33.

85 807 169 840 milis
196 808 339 841 militiae.

365 704 464 737 Miles
490 708 601 737 autem
629 702 814 736 ordinarius
837 703 974 747 dicitur,
1013 710 1069 738 aut
1096 705 1384 741 extraordinarius,

86 767 162 788 nem
189 755 323 797 militat,
350 767 413 790 nec
440 755 554 789 adhuc
581 755 727 798 aliquem
751 761 946 790 consecutus
974 762 1021 789 est
1047 758 1192 801 gradum
1220 757 1368 794 honoris.

391 807 679 841 Exti-aordinarius
706 818 784 839 vero
797 804 838 849 ⁴²,
866 809 922 851 qui
949 808 994 841 ob
1022 809 1171 843 virtutem
1197 816 1416 854 promovetur
1443 821 1483 843 ex
1511 809 1638 842 ordine.

1587 602 1690 635 Liber
1716 615 1795 636 vero
1818 605 1943 649 primus
1969 606 2032 638 mi-

1446 705 1641 739 Ordinarius
1668 709 1732 746 est,
1767 707 1824 748 qui
1852 717 1914 750 per
1941 707 2033 740 ordi-

1422 759 1482 791 Est
1504 758 1589 790 enim
1617 758 1813 802 gregarius,
1840 758 1873 790 id
1903 764 1950 792 est
1968 759 2033 792 hu-

250 859 309 891 3⁴.
362 860 501 893 Emeriti
528 859 682 892 dicuntur
699 859 844 892 veterani
861 860 1028 903 solutique
1041 861 1175 902 militia,
1204 863 1259 905 qui
1286 863 1352 895 iam
1380 862 1413 894 in
1440 873 1498 895 usu
1520 861 1638 905 praelii
1665 871 1730 893 non
1748 864 1839 900 sunt,
1866 856 1932 893 et⁴³
1958 861 2035 903 quia

86 910 204 943 mereri
241 911 381 944 militare
417 911 553 954 dicitur,
585 907 663 942 abn
689 910 861 954 stipendiis
886 912 1031 953 scilicet,
1059 924 1145 955 quae
1168 919 1345 947 merentur.

1401 913 1508 946 Iidem
1536 918 1569 945 et
1591 912 1736 945 veterani
1755 911 1931 953 dicuntur,
1958 913 2035 955 quia

84 961 150 994 iam
177 962 210 994 in
237 974 296 996 usu
324 963 443 1008 praelii
469 973 535 995 non
562 966 650 1002 sunt,
686 961 745 994 sed
772 967 849 1005 post
874 963 997 996 multos
1024 964 1160 997 militiae
1186 966 1319 999 labores
1344 966 1465 1009 quietis
1493 964 1691 1009 suffragium
1719 968 1973 1006 consequuntur.

251 1013 310 1047 35.

85 1064 202 1098 ordIne
213 1062 246 1099 ⁴³.

365 1016 542 1059 Equestres
569 1014 687 1046 milites
714 1011 833 1047 dicti⁴⁵
861 1026 919 1056 eo,
954 1015 1048 1059 quod
1075 1028 1163 1060 equo
1191 1017 1328 1051 sedeant
1341 1014 1372 1050 ⁸¹⁵.

1425 1017 1511 1050 Item
1544 1017 1663 1050 militat
1687 1016 1768 1056 ille,
1807 1015 1865 1058 qui
1893 1016 2035 1059 equestri

250 1115 309 1149 36.
363 1117 505 1149 Tirones
533 1116 687 1150 dicuntur
715 1115 817 1149 fortes
845 1117 959 1161 pueri,
987 1119 1080 1161 quod
1092 1116 1116 1136 ⁴⁸
1140 1120 1183 1153 ad
1211 1119 1360 1153 militiam
1389 1119 1598 1164 deligantur,
1626 1123 1726 1162 atque
1754 1117 1852 1150 armis
1879 1117 2035 1162 gerendis

85 1167 213 1201 habiles
241 1169 390 1201 existunt.

85 1219 125 1251 ris
152 1220 376 1253 existimantur
386 1217 420 1252 ⁵⁰.

85 1282 148 1302 non
176 1276 259 1304 sunt.

250 1322 308 1354 37.

489 1220 591 1254 Unde
619 1224 652 1252 et
677 1220 800 1253 tirones
827 1220 929 1263 dicti,
972 1219 1050 1264 qui⁵

363 1322 538 1354 Romanae
565 1326 676 1354 autem
704 1321 840 1353 militiae
868 1332 940 1353 mos
967 1321 1028 1355 suit
1043 1319 1067 1339 ⁵⁴
1094 1323 1239 1367 puberes
1271 1323 1381 1367 primo
1396 1319 1420 1340 ⁵⁵
1448 1323 1592 1357 exerceri

445 1169 491 1202 Hi
522 1169 609 1201 enim
637 1179 704 1201 non
731 1179 772 1201 ex
798 1169 870 1201 sola
897 1169 1105 1213 professione
1132 1172 1325 1212 nativitatis,
1353 1171 1412 1204 sed
1436 1176 1575 1215 aspectu
1588 1167 1613 1187 ⁴⁹
1641 1175 1674 1203 et
1703 1169 1885 1202 valitudine
1909 1180 2034 1213 corpo-

1054 1219 1063 1238 ¹
1098 1228 1277 1266 antequam
1307 1228 1514 1256 sacramento
1549 1221 1684 1266 probati
1698 1218 1723 1238 ⁵²
1755 1217 1881 1261 suut⁵³,
1918 1221 2035 1254 milites

1603 1319 1628 1339 56

1655 1322 1763 1355 armis.
1830 1322 1862 1354 N
1864 1333 1917 1354 am
1944 1327 2034 1355 sexto

85 1372 219 1406 decimo
231 1370 255 1390 ⁵⁷
281 1384 367 1405 anno
394 1373 517 1405 tirones
544 1373 749 1412 militabant,
776 1383 844 1415 quo
873 1372 972 1406 etiam
999 1374 1072 1407 solo
1099 1374 1161 1408 sub
1189 1374 1383 1408 custodibus
1411 1376 1575 1420 agebant,
1603 1374 1645 1407 de
1673 1374 1791 1417 quibus
1822 1370 2034 1418 Virgilius⁵⁸z

315 1424 362 1457 Et
386 1425 571 1469 primaevo
583 1421 608 1440 ⁵⁰
632 1423 732 1469 flore
766 1424 932 1457 iuventus.

250 1474 308 1508 38.
361 1476 483 1508 Servos
510 1487 587 1508 sane
614 1486 781 1517 nunquam
810 1475 964 1508 militasse
1000 1480 1146 1515 constat,
1180 1476 1238 1509 nisi
1267 1477 1423 1509 servitute
1458 1475 1630 1520 deposita,
1664 1479 1807 1518 excepto
1839 1474 2035 1506 Hannibalis

84 1532 254 1570 ternpore,
284 1538 360 1560 cum
383 1533 461 1571 post
488 1526 662 1560 Cannense
674 1524 698 1543 ⁰⁰
725 1526 891 1569 praelium
918 1526 951 1559 in
977 1531 1067 1560 tanta
1094 1528 1290 1561 necessitate
1317 1528 1455 1561 fuissent
1477 1526 1643 1567 Romani,
1669 1531 1762 1559 utne
1784 1525 2035 1558 liberandorum

82 1577 220 1621 quidem
246 1589 415 1611 servorum
442 1579 577 1611 daretur
602 1577 751 1611 facultas.

247 1628 306 1662 39.
359 1630 554 1663 Desertores
580 1629 689 1663 vocati
719 1640 777 1669 eo,
805 1628 898 1671 quod
926 1628 1062 1662 desertis
1095 1629 1291 1663 militaribus
1326 1629 1446 1663 officiis
1483 1633 1675 1674 evagantur.

1734 1628 1779 1661 Hi
1806 1627 1839 1660 in
1865 1628 1946 1660 alios
1972 1638 2034 1659 nu-

83 1690 193 1713 meros
220 1681 355 1714 militiae
381 1692 504 1714 nomen
531 1681 613 1714 dare
639 1680 875 1726 prohibentur,
910 1680 970 1714 sed
997 1681 1023 1713 si
1050 1692 1116 1714 non
1144 1682 1258 1726 magni
1285 1682 1446 1726 temporis
1474 1680 1696 1714 contraxerint
1722 1680 1857 1724 culpam
1871 1676 1911 1721 ⁸¹,
1947 1679 2033 1711 caesi

82 1731 225 1764 numeris
250 1732 313 1765 suis
339 1735 559 1766 restituuntur.

82 1788 170 1816 tores
197 1789 366 1817 vocantur.

88 1860 112 1888 1.
130 1873 172 1879 —
193 1858 331 1886 tribuunt
354 1859 434 1897 vulg.
456 1875 497 1880 —
524 1861 568 1895 32)
598 1859 770 1888 Chiliarclzi
793 1860 849 1886 Gu.
874 1861 904 1890 2.
925 1868 970 1897 pr.
987 1869 1033 1887 va.

86 1917 123 1921 -—
152 1899 201 1938 33)
224 1900 312 1938 Vulg.
335 1901 403 1930 add.
428 1901 597 1938 militibus,
622 1902 703 1940 quod
727 1913 783 1930 om.
807 1902 862 1928 Gu.
882 1904 907 1932 1.
929 1903 978 1929 Ar.
993 1917 1033 1922 —-

82 1943 129 1977 34)
152 1942 199 1970 Sic
217 1942 273 1973 Gu.
291 1945 318 1972 1.
334 1959 376 1965 —
397 1954 607 1982 nuncupamus
620 1955 666 1983 pr.
683 1961 722 1965 —-
739 1944 930 1982 appellamus
952 1944 1032 1982 vulg.

84 2001 123 2006 -
152 1985 197 2023 35)
214 1985 264 2014 Sic
284 1985 340 2014 Gu.
361 1988 387 2017 1.
410 1996 458 2024 pr.
482 1996 528 2015 va.
551 2002 592 2008 —-
613 1997 719 2015 nomen
744 1989 850 2016 Graec.
883 1985 965 2023 vulg.
993 2004 1031 2008 ——

84 2028 170 2064 Quos
197 2038 252 2055 nos·
275 2048 282 2056 .
306 2049 312 2054 .
337 2049 344 2056 .
366 2034 438 2057 cent.
462 2038 512 2066 pr.
534 2029 596 2057 mil.
625 2040 683 2060 orn.
708 2030 765 2059 Gu.
783 2032 813 2062 2.
846 2045 882 2049 -
915 2027 961 2068 36)
984 2029 1032 2057 Sic

83 2070 140 2098 Gu.
159 2073 186 2102 1.
207 2087 242 2091 —
264 2069 351 2107 Vulg.
365 2076 523 2108 praesunt.
545 2085 587 2092 —·
611 2072 658 2110 37)
681 2072 730 2100 Sic
754 2072 811 2104 Gu.
830 2073 856 2102 1.
875 2073 903 2102 2.
926 2081 1030 2110 pr-va-

83 2113 133 2140 Ar.
155 2129 197 2135 --—
219 2112 305 2150 Vulg.
335 2114 390 2151 qui
417 2119 489 2141 sunt
519 2115 550 2142 in
578 2124 643 2152 cap.
664 2131 706 2137 —
742 2114 788 2154 38)
810 2113 896 2152 Vulg.
920 2113 958 2142 ab
989 2124 1031 2151 eo,

83 2154 135 2183 sed
167 2155 206 2182 ab
228 2166 284 2185 om.
317 2155 375 2185 Gu.
398 2158 424 2187 1.
451 2171 494 2178 ·-—
528 2153 575 2195 39)
598 2156 646 2184 Sic
669 2156 724 2185 Gu.
748 2160 774 2189 1.
802 2159 832 2188 2.
853 2166 899 2195 pr.
924 2166 970 2185 va.
989 2172 1032 2178 —

83 2197 171 2235 Vulg.
197 2198 287 2226 milit.
312 2197 419 2226 decem.
447 2213 489 2219 -
523 2198 568 2234 40)
591 2197 640 2226 Sic
663 2199 720 2227 Gu.
739 2202 764 2230 1.
794 2217 832 2222 —
858 2204 927 2227 ante
949 2199 1030 2237 vulg.

82 2256 123 2261 -
145 2241 190 2276 41)
216 2240 266 2268 Sic
289 2240 345 2269 Gu.
367 2243 393 2271 1.
416 2255 457 2262 --
486 2239 575 2277 Vulg.
607 2250 640 2268 ex
664 2241 746 2270 mille
768 2242 886 2272 electus.
916 2258 950 2263 -—-
982 2242 1030 2277 42)

82 2282 131 2310 Sic
155 2282 212 2312 Gu.
232 2286 259 2315 1.
286 2285 314 2314 2.
336 2283 386 2312 Ar.
405 2281 682 2311 Exitum-dinarius
703 2288 760 2320 cst,
801 2286 864 2322 qui.
903 2300 945 2306 —
984 2284 1031 2324 43)

83 2325 131 2353 Sic
162 2326 218 2353 Gu.
250 2329 276 2357 1.
301 2328 330 2356 2.
360 2341 403 2348 —-
432 2325 518 2363 Vulg.
541 2326 624 2363 qnia.
649 2342 685 2347 —-
716 2324 763 2364 44)
787 2326 824 2354 ab
853 2337 908 2365 pro
931 2337 951 2355 α
974 2327 1032 2357 Gu.

89 2370 112 2396 1.
135 2369 164 2398 2.
198 2385 229 2388 —
272 2369 320 2404 45)
350 2367 497 2396 (licuntur
526 2368 564 2397 al.
599 2383 639 2390 —-
684 2368 731 2403 46)
754 2368 906 2398 insideant
929 2369 966 2398 al.
993 2386 1030 2391 —

617 1732 687 1766 Sed
715 1737 748 1766 et
773 1732 830 1776 qui
841 1729 866 1749 ⁰²
893 1732 1049 1766 deserunt
1075 1734 1276 1775 exercitum,
1311 1733 1355 1767 ad
1395 1733 1509 1766 hostes
1536 1737 1741 1766 transeuntes
1768 1736 1800 1765 et
1830 1730 1891 1775 ipsi
1919 1730 2034 1764 deser-

1076 1860 1121 1892 47)
1147 1859 1196 1888 Sic
1226 1861 1282 1888 Gu.
1305 1862 1332 1890 1.
1366 1878 1403 1882 -
1436 1859 1525 1896 Vulg.
1558 1859 1674 1886 militat
1705 1858 1755 1886 ille
1778 1857 1937 1898 (militant
1963 1857 2030 1893 illi)

1076 1904 1208 1939 equestri
1231 1902 1345 1931 ordine.
1372 1919 1413 1924 —
1443 1904 1489 1937 48)
1520 1902 1575 1939 qui
1598 1921 1606 1930 .
1638 1920 1646 1930 .
1679 1922 1685 1928 .
1709 1900 1887 1939 deliguntur
1916 1900 1967 1928 Ar.
1992 1915 2032 1921 —

1076 1944 1256 1983 delegantur
1282 1955 1328 1984 pr.
1353 1961 1395 1965 -—
1432 1945 1488 1982 qui
1518 1964 1526 1971 .
1594 1967 1600 1973 .
1634 1942 1814 1982 delfgcmtur
1843 1953 1888 1971 va.
1911 1958 1954 1963 —
1983 1942 2031 1978 49)

1076 1986 1162 2025 Vulg.
1186 1998 1219 2015 ex
1242 1998 1324 2025 asp„
1364 1986 1416 2015 sed
1446 1998 1478 2015 ex
1512 1995 1569 2014 om.
1601 1986 1657 2015 Gu.
1689 1990 1717 2017 1.
1751 2001 1793 2007 -
1827 1987 1873 2022 50)
1903 1985 1952 2013 Sic
1975 1984 2030 2012 Gu.

1077 2033 1104 2061 1.
1130 2032 1159 2061 2.
1190 2041 1235 2069 pr.
1257 2040 1303 2058 va.
1327 2028 1376 2058 Ar.
1408 2044 1445 2049 -—
1478 2030 1683 2057 aestimantur
1705 2029 1787 2066 vulg.
1817 2044 1858 2049 —
1893 2026 1939 2066 51)
1963 2028 2029 2065 qui-

1075 2082 1133 2111 que
1155 2073 1212 2101 Gu.
1238 2075 1264 2103 1.
1289 2074 1317 2103 2.
1339 2072 1375 2099 al.
1399 2082 1446 2102 va.
1476 2089 1515 2092 —
1559 2073 1604 2107 52)
1636 2072 1739 2110 rogati
1762 2072 1813 2100 Ar.
1843 2086 1883 2092 —
1913 2068 1958 2108 53)
1981 2069 2028 2096 Sic

1074 2115 1130 2143 Gu.
1149 2118 1178 2147 1.
1197 2117 1227 2146 2.
1250 2131 1286 2136 —
1315 2115 1377 2141 sint
1400 2115 1437 2144 al.
1452 2114 1503 2142 Ar.
1524 2129 1566 2135 -ψ
1588 2115 1710 2151 fuerint
1733 2114 1810 2152 vulg.
1841 2129 1882 2134 —
1913 2114 1960 2147 54)
1980 2111 2027 2138 Sic

1074 2157 1130 2186 Gu.
1156 2160 1185 2188 1.
1206 2160 1236 2189 2.
1262 2167 1310 2186 va.
1331 2157 1379 2186 Ar.
1401 2173 1443 2179 —
1461 2158 1532 2195 suit
1561 2167 1626 2185 mos
1654 2157 1735 2195 vulg.
1763 2173 1805 2178 —
1839 2155 1888 2193 55)
1908 2156 2026 2193 primos

1075 2199 1131 2228 Gu.
1153 2203 1182 2231 2.
1204 2216 1247 2222 —
1269 2202 1316 2235 56)
1340 2210 1468 2228 exercere
1491 2209 1535 2228 va.
1561 2216 1596 2220 —
1622 2201 1671 2237 57)
1690 2201 1739 2228 Sic
1763 2200 1819 2227 Gu.
1839 2199 1866 2228 1.
1881 2201 1910 2230 2.
1927 2207 2023 2225 va.—

1073 2241 1160 2280 Vulg.
1185 2241 1299 2271 decimo
1322 2248 1410 2271 sexto.
1431 2259 1472 2263 -
1495 2245 1539 2277 58)
1566 2241 1637 2272 Aen.
1659 2242 1722 2279 vu,
1750 2244 1818 2274 162.
1850 2257 1884 2260 —
1909 2237 1956 2275 5⁹)
1975 2236 2021 2264 Sic

1075 2285 1130 2313 Gu.
1153 2287 1179 2318 1.
1203 2285 1252 2314 Ar.
1277 2301 1313 2306 —
1338 2287 1441 2324 primo
1464 2284 1546 2322 vulg.
1576 2300 1619 2305 —
1646 2287 1691 2319 60)
1718 2283 1953 2320 Carthaginem-se
1973 2288 2019 2306 va.

1076 2344 1114 2348 -—
1139 2330 1182 2363 61)
1205 2329 1253 2356 Sic
1277 2328 1332 2356 Gu.
1358 2331 1386 2359 1.
1404 2344 1446 2350 -
1482 2327 1569 2364 Vulg.
1596 2328 1720 2366 culpam
1756 2331 1885 2354 contra-r.
1903 2337 1943 2342 —
1972 2320 2017 2350 Al.

1075 2372 1303 2401 construxerint.
1336 2387 1377 2392 —
1411 2369 1458 2411 62)
1482 2368 1567 2409 quod
1588 2370 1643 2397 Gn.
1669 2373 1694 2400 1.
1716 2385 1756 2390 -—

1501 2413 1619 2456 Pp*
