2264 2830
769 88 1016 123 ORIGINUM
1051 90 1198 126 LIBER
1225 93 1315 127 Vlll.
1939 100 2015 136 275

63 186 262 220 beneficium
287 184 408 218 emissis
435 185 611 218 seminibus
639 184 837 224 liberentur,
864 183 958 226 quod
984 184 1073 218 idem
1102 186 1207 221 Liber
1229 187 1383 221 muliebri
1411 192 1444 220 et
1471 187 1619 221 delicato
1647 198 1791 234 corpore
1818 193 1967 238 pingitur
1977 192 2010 229 ²².

64 239 188 273 Dicunt
213 238 299 270 enim
326 237 480 270 mulieres
507 237 536 269 ei
563 236 732 268 attributas
760 240 792 268 et
817 235 928 268 vinum
954 241 1096 281 propter
1122 240 1330 274 excitandam
1357 239 1538 272 libidinem.

230 297 289 330 Η.
342 297 442 329 Unde
477 301 509 329 et
544 296 633 328 frons
668 297 736 328 eius
769 297 931 340 pampino
965 297 1124 341 cingitur;
1167 300 1226 332 sed
1254 300 1331 332 ideo
1363 310 1522 333 coronam
1550 300 1670 333 viteam
1708 305 1740 333 et
1767 312 1871 336 cornu
1898 303 2012 347 habet,

64 349 142 393 quia
170 360 245 383 cum
269 353 366 394 grate
400 353 431 381 et
456 347 629 381 moderate
657 348 766 380 vinum
794 348 935 388 bibitur,
976 349 1135 383 laetitiam
1175 356 1336 394 praestat,
1364 361 1440 384 cum
1468 352 1554 384 ultra
1588 352 1746 394 modum,
1784 355 1904 388 excitat
1931 356 2013 398 lites,

64 401 99 434 id
127 406 175 434 est
201 401 294 444 quasi
320 411 443 433 cornua
470 396 570 432 dat²³.
625 399 721 431 Idem
752 404 861 432 autem
889 404 921 432 et
942 400 1076 444 Lyaeus
1111 399 1184 437 α’πό
1214 405 1280 438 τοῦ
1317 399 1468 443 Mecum,
1506 403 1598 446 quod
1626 404 1732 437 multo
1758 406 1834 439 vino
1862 409 2014 441 membra

64 453 242 487 solvantur.
295 452 361 485 Iste
388 456 420 483 et
447 451 580 484 Graece
607 449 786 490 Διόνυσος
798 448 822 468 ²⁵
845 464 865 484 a
891 458 1004 485 monte
1031 453 1146 487 Indiae
1173 455 1273 495 Niso,
1307 454 1363 486 ubi
1390 454 1509 487 dicitur
1543 467 1612 489 esse
1635 457 1781 491 nutritus.
1834 457 2013 493 Caeterum

64 510 112 538 cst
136 505 214 538 Nisa
225 501 250 521 ²⁶
277 503 405 544 civitas,
433 503 465 534 in
489 514 554 546 qna
581 503 699 535 colitur
726 503 815 535 idem
842 500 999 547 Liber²⁷,
1028 503 1152 538 unde²⁸
1178 506 1316 538 Nisaeus
1343 506 1449 539 dictus
1477 511 1532 538 est.

228 561 286 595 45.
340 562 547 596 Mercurium
581 574 769 596 sermonem
800 561 1101 608 interpretantur²⁹.
1154 565 1240 598 Nam
1274 566 1352 598 ideo
1380 565 1568 600 Mercurius
1602 567 1695 609 quasi
1722 568 1850 601 medius
1878 580 2012 603 currens

64 615 185 649 dicitur
210 614 417 659 appellatus,
440 614 534 658 quod
560 626 668 648 sermo
683 620 791 647 currat
812 616 895 648 inter
921 615 1073 649 homines
1102 617 1239 650 medius.
1269 617 1352 650 Ideo
1381 622 1413 649 et
1434 616 1575 665 ”Ερμης
1599 618 1742 660 Graece,
1770 620 1863 663 quod
1892 633 2012 663 sermo,

64 667 117 700 vel
142 666 386 710 interpretatio,
414 678 501 710 quae
528 667 571 699 ad
598 678 785 700 sermonem
813 667 925 711 utique
952 668 1113 712 pertinet,
1145 669 1316 716 ἑρμηνεία
1344 669 1474 704 dicitur.

227 725 287 759 46.
340 726 424 759 Ideo
452 731 486 759 et
513 726 677 759 mercibus
704 737 877 770 praeesse,
905 729 982 770 quia
1010 728 1094 760 inter
1119 728 1298 761 vendentes
1325 735 1358 762 et
1381 734 1526 762 ementes
1554 740 1663 762 sermo
1691 729 1729 762 fit
1756 730 1892 764 medius.
1945 732 2013 773 Qui

62 776 139 810 ideo
166 778 304 823 tingitur
331 777 459 810 habere
487 774 666 821 pennas³‘¹,
694 778 771 821 quia
799 779 893 812 citius
920 779 1023 812 verba
1050 779 1247 813 discurrunt.
1307 780 1409 814 Unde
1444 785 1475 813 et
1509 780 1607 813 velox
1636 785 1668 813 et
1696 792 1806 814 errans
1833 782 2012 817 inducitur:

61 830 128 862 alas
141 826 164 847 ³¹
192 830 261 863 eius
288 829 320 861 in
348 830 459 875 capite
487 835 519 862 et
545 829 576 861 in
603 830 744 873 pedibus
772 830 960 874 significare
986 831 1157 864 volucrem
1183 844 1246 877 per
1270 844 1348 865 aera
1375 843 1560 865 sermonem
1587 832 1659 865 fieri
1669 829 1702 864 ³².

1865 893 1910 926 Et
1935 893 2013 926 ideo

1476 944 1618 990 Virgam
1644 949 1753 986 tenet,
1780 956 1847 989 qua
1874 957 2012 990 serpen-

224 887 286 924 47.
339 890 505 923 Nuncium
533 889 676 931 dictum,
710 890 867 932 quoniam
903 902 965 935 per
998 903 1185 925 sermonem
1219 893 1329 925 omnia
1364 893 1514 938 cogitata
1551 890 1810 926 enunciantur³³.

60 951 136 973 eum
147 937 171 957 ³⁴
198 940 278 973 furti
304 942 498 985 magistrum
527 941 656 982 dicunt,
700 941 779 984 quia
806 953 914 975 sermo
941 943 1067 976 animos
1094 944 1299 977 audientium
1327 945 1422 978 fallit.

60 996 108 1025 tes
136 992 270 1037 dividit,
306 992 339 1025 id
369 998 416 1025 est
442 1005 577 1025 venena.

224 1043 285 1076 48.
337 1045 423 1077 Nam
450 1045 611 1077 bellantes
638 1055 677 1077 ac
699 1043 893 1077 dissidentes
921 1046 1137 1091 interpretum
1161 1047 1312 1079 oratione
1333 1047 1500 1087 sedantur,
1528 1044 1652 1080 unde³⁵
1676 1047 1859 1082 secundum
1881 1047 2012 1080 Livium

61 1094 165 1138 legati
191 1095 284 1139 pacis
305 1095 554 1130 caduceatores
582 1095 748 1131 dicuntur.
802 1097 896 1130 Sicut
923 1099 1009 1131 enim
1036 1110 1101 1143 per
1123 1099 1260 1132 feciales
1286 1099 1376 1132 bella
1403 1096 1685 1143 indicebantur³⁶‚
1712 1100 1757 1132 ita
1783 1110 1849 1144 pax
1875 1110 1937 1143 per
1956 1111 2013 1133 ca-

60 1145 256 1179 duceatores
278 1147 390 1182 fiebat.

223 1205 280 1241 ⁴9.
334 1207 478 1239 Hermes
513 1210 623 1238 autem
639 1202 663 1222 ³⁷
690 1204 858 1240 Graece‘ffl
885 1205 960 1243 α’πό
991 1209 1054 1255 τῆς
1081 1212 1145 1255 ἑρμ
1175 1209 1286 1252 veloce,
1322 1209 1442 1242 Latine
1475 1209 1654 1254 interpres,
1696 1209 1754 1252 qui
1787 1209 1832 1242 ob
1860 1209 2011 1242 virtutem

59 1255 338 1301 multarumque³⁹
365 1258 482 1290 artium
516 1257 684 1290 scientiam
708 1255 979 1302 Trimegistusffl,
1019 1259 1052 1291 id
1088 1257 1157 1292 est*
1198 1266 1247 1293 ter
1277 1261 1436 1293 maximus
1463 1261 1648 1293 nominatus
1684 1265 1740 1292 est.
1801 1260 1870 1293 Cur
1902 1266 2012 1293 autem

59 1319 135 1340 eum
163 1310 272 1353 capite
295 1309 413 1342 canino
445 1309 591 1351 tingunt,
618 1307 704 1342 haec
734 1309 817 1341 ratio
846 1309 982 1351 dicitur,
1010 1310 1102 1353 quod
1131 1310 1214 1344 inter
1241 1311 1352 1344 omnia
1378 1311 1532 1344 animalia
1559 1311 1648 1344 canis
1674 1311 1920 1356 sagacissimum
1948 1323 2011 1356 ge-

61 1370 120 1392 nus
147 1366 180 1393 et
206 1361 383 1404 perspicax
409 1359 585 1392 habeatur.

225 1418 283 1452 50.
338 1420 483 1452 Martem
512 1418 612 1451 deum
639 1418 719 1451 belli
747 1430 816 1451 esse
843 1419 975 1463 dicunt,
1016 1425 1048 1453 et
1075 1420 1221 1453 Martem
1249 1421 1477 1465 appellatum,
1517 1422 1595 1464 quia
1622 1432 1684 1465 per
1708 1422 1796 1454 viros
1830 1427 2011 1466 pugnatur,

61 1474 95 1502 ut
122 1470 161 1503 sit
188 1470 280 1503 Mars
308 1482 378 1504 mas
389 1468 431 1512 ⁴²,
457 1471 536 1504 licet
564 1474 596 1502 et
622 1469 683 1501 tria
706 1466 803 1502 sint¹³
829 1481 954 1514 genera
982 1472 1281 1513 consuetudinum,
1309 1473 1392 1505 sicut
1418 1472 1641 1516 Scytharum,
1668 1473 1726 1505 ubi
1753 1471 1954 1505 foeminae⁴⁴
1981 1478 2013 1506 et

60 1521 120 1553 viri
152 1522 184 1554 in
213 1533 365 1567 pugnam
402 1527 490 1556 eunt.
545 1522 774 1562 Amazonum,
816 1522 872 1554 ubi
907 1523 998 1555 solae
1026 1523 1207 1557 foeminae:
1246 1524 1478 1557 Romanorum
1505 1524 1712 1567 aliarumque
1745 1524 1912 1568 gentium,
1956 1525 2012 1557 ubi

59 1572 122 1605 soli
147 1585 264 1606 mares.

223 1624 283 1659 51.
337 1625 421 1657 Item
448 1620 630 1656 Marte1n⁴⁵
655 1624 747 1666 quasi
774 1623 970 1657 effectorem
997 1625 1163 1658 mortium.
1215 1627 1303 1659 Nam
1323 1638 1343 1659 a
1366 1625 1477 1660 Marte
1501 1637 1590 1659 mors
1616 1630 1836 1670 nuncupatur.
1878 1626 1977 1661 Hunc
1988 1623 2012 1643 ⁴⁶

59 1679 91 1708 et
118 1675 306 1709 adulterum
328 1676 459 1716 dicunt,
483 1675 562 1718 quia
588 1675 863 1720 belligerantibus
891 1675 1034 1710 incertus
1063 1682 1119 1710 est.

224 1736 284 1772 52.
340 1736 444 1778 Quod
480 1746 562 1768 vero
589 1736 680 1768 nudo
703 1741 842 1780 pectore
873 1741 952 1777 stat,
988 1742 1023 1770 ut
1058 1737 1150 1770 bello
1183 1749 1218 1770 se
1251 1737 1392 1781 quisque
1426 1737 1494 1770 sine
1521 1736 1700 1770 formidine
1729 1736 1839 1770 cordis
1866 1736 2010 1772 obiiciat.

60 1784 153 1819 Mars
178 1793 289 1821 autem
317 1787 409 1832 apud
437 1783 623 1820 Graecos⁴⁷
649 1787 816 1821 Gradivus
841 1787 977 1828 dicitur,
1013 1799 1054 1821 eo
1089 1788 1183 1832 quod
1206 1789 1240 1821 in
1266 1789 1359 1823 bello
1386 1789 1530 1834 gradum
1565 1789 1727 1830 inferant,
1764 1788 1820 1831 qui
1848 1794 2009 1833 pugnant,

60 1841 116 1869 aut
141 1839 234 1882 quod
260 1840 403 1884 impigre
429 1839 633 1884 gradiantur.

60 1947 91 1978 2.
112 1955 157 1984 pr.
179 1956 228 1976 va.
264 1965 302 1970 —
339 1946 389 1986 27)
410 1946 460 1975 Sic
483 1946 539 1975 Gu.
563 1948 588 1979 1.
608 1949 638 1979 2.
661 1957 707 1987 pr.
729 1957 777 1977 va.
806 1946 856 1978 Ar.
882 1945 960 1976 idem
983 1953 1010 1976 et

59 1988 153 2017 Liber
174 1990 257 2028 vulg.
275 2006 318 2012 -—
338 1988 387 2028 28)
411 1988 490 2018 unde
511 1995 538 2017 et
561 1990 630 2019 edit.
655 1989 743 2020 Goth.
763 1989 814 2020 Ar.
831 2001 878 2020 va.
900 2007 941 2012 —
960 1992 1009 2026 29)

58 2030 109 2059 Sic
132 2032 187 2060 Gu.
205 2035 232 2064 1.
248 2035 280 2063 2.
307 2032 345 2061 al.
368 2032 419 2061 Ar.
441 2047 485 2054 ——
514 2032 601 2070 Vulg.
625 2035 798 2062 Mercurius
821 2055 828 2063 .
853 2057 860 2065 .
883 2056 889 2062 .
913 2034 1011 2062 inter-

58 2079 207 2112 pretatur.
230 2091 274 2097 —-
296 2076 565 2113 interpretaverunt
589 2076 654 2105 cod.
679 2079 707 2109 1.
729 2076 855 2106 Archiv.
879 2076 944 2107 vat.
966 2092 1010 2099 --

59 2117 109 2153 30)
126 2119 242 2155 pinna-⁹
264 2117 321 2147 Gu.
335 2120 364 2149 2.
386 2133 429 2140 -
453 2116 499 2156 31)
522 2119 600 2146 enim
622 2118 689 2148 add.
711 2120 809 2158 vulg,
843 2119 926 2158 quod
951 2129 1008 2148 om.

61 2157 121 2188 Gu.
145 2162 171 2190 1.
191 2164 219 2192 2.
243 2171 288 2199 pr.
312 2171 359 2189 va.
383 2178 421 2183 --—
445 2160 492 2197 32)
515 2160 564 2189 Sic
583 2161 639 2189 Gu.
654 2165 680 2193 1.
695 2178 737 2183 —
759 2162 846 2201 Vulg.
861 2163 935 2200 fieri
952 2173 1008 2200 per

60 2211 120 2231 aer.
143 2213 282 2232 ‹vernn—
304 2201 354 2243 33)
376 2204 563 2232 nunciantur
586 2203 642 2231 Gu.
658 2206 689 2234 2.
710 2219 750 2227 ·-·
775 2204 821 2244 34)
844 2206 893 2234 Sic
914 2206 1007 2237 Gu.1.

61 2242 130 2272 Ideo
153 2251 255 2273 autem
276 2246 358 2274 Ιιιιησ
382 2246 476 2285 (hunc
499 2256 554 2274 om.
579 2245 635 2276 Gu.
658 2248 688 2276 2.
711 2247 762 2284 al.)
785 2248 866 2286 vulg.
892 2266 929 2271 —
960 2250 1006 2279 35)

61 2285 148 2325 Vulg,
171 2288 251 2316 unde
273 2294 317 2326 et,
350 2288 403 2318 sed
425 2294 451 2317 et
473 2298 534 2317 om.
557 2288 613 2317 Gu.
631 2290 656 2319 1.
674 2291 703 2320 2.
740 2289 836 2320 Locus
860 2290 937 2319 Livii
963 2294 1008 2318 est

63 2328 111 2359 lib.
127 2329 262 2367 XXXII,
285 2333 334 2364 32.
361 2348 395 2353 —
421 2333 466 2365 36)
490 2329 712 2367 inducebantar
727 2331 782 2360 Gu.
801 2335 829 2366 1,
852 2333 889 2362 al.
910 2344 1007 2373 pr.—

1052 1950 1097 1984 37)
1122 1953 1222 1977 autem
1245 1959 1303 1978 om.
1327 1948 1385 1977 Gu.
1408 1949 1437 1978 2.
1458 1956 1506 1986 pr.
1531 1956 1575 1977 va.
1597 1946 1667 1976 edit.
1691 1944 1778 1976 Goth.
1803 1961 1840 1968 —-
1864 1945 1911 1986 38)
1927 1947 2008 1977 dict*-

1053 1996 1103 2019 tur
1125 1991 1194 2021 add.
1218 1992 1315 2029 vulg.‚
1339 1989 1420 2032 quod
1444 2000 1501 2018 om.
1526 1990 1580 2019 Gu.
1604 1993 1630 2021 1.
1653 2007 1694 2012 —
1716 1987 1765 2025 39)
1789 2000 1846 2030 que
1869 2000 1927 2020 om.
1952 1992 2006 2020 Gu.

1053 2036 1080 2065 1.
1108 2050 1151 2056 —
1180 2033 1226 2074 40)
1257 2035 1388 2073 Termeg.
1419 2043 1467 2062 va.
1504 2034 1647 2073 Triameg.
1672 2033 1722 2062 Ar.
1754 2049 1792 2054 -—
1822 2029 1871 2072 41)
1902 2032 1939 2061 id
1964 2040 2006 2062 est

1051 2076 1153 2106 addidi
1176 2087 1191 2106 e
1214 2077 1271 2105 Gu.
1293 2080 1319 2110 1.
1337 2080 1365 2109 2.
1392 2086 1439 2115 pr.
1463 2075 1515 2108 Ar.
1547 2091 1589 2098 —
1632 2076 1680 2113 42)
1703 2075 1789 2113 Vulg.
1814 2077 1907 2114 quasi
1928 2087 2003 2113 mas,

1050 2119 1101 2149 sed
1124 2121 1216 2159 quasi
1238 2131 1294 2149 orn.
1321 2120 1376 2148 Gu.
1398 2122 1423 2150 1.
1439 2118 1476 2148 al.
1493 2119 1541 2147 Ar.
1556 2135 1591 2140 —
1612 2129 1680 2147 cum
1697 2121 1738 2147 sit
1760 2119 1848 2146 Mars
1868 2128 1934 2147 mas
1957 2129 2000 2150 va.

1049 2178 1091 2184 —
1112 2164 1208 2190 maris
1229 2173 1281 2190 ars
1302 2173 1359 2201 pro
1382 2172 1449 2189 mas
1472 2161 1523 2191 Ar.
1547 2177 1588 2183 —-
1618 2160 1666 2199 43)
1689 2161 1737 2190 Sic
1760 2160 1816 2190 Gu.
1831 2163 1857 2193 1.
1887 2171 1933 2200 pr.
1957 2172 2000 2190 va.

1050 2204 1100 2234 Ar.
1123 2211 1193 2234 sunt
1206 2206 1284 2243 vulg.
1305 2221 1347 2226 —
1368 2205 1412 2240 44)
1433 2203 1522 2243 Vulg.
1546 2210 1572 2231 et
1585 2205 1673 2242 fem„
1696 2204 1747 2234 sed
1770 2209 1796 2231 et
1821 2214 1877 2232 om.
1901 2204 1954 2231 Gu.
1970 2206 1995 2233 1.

1050 2253 1076 2274 et
1099 2249 1158 2276 viri
1179 2254 1205 2277 et
1222 2249 1296 2286 fem.
1313 2257 1362 2277 va.
1377 2263 1420 2269 —
1442 2246 1488 2286 45)
1513 2247 1597 2285 Vulg.
1614 2246 1680 2276 add.
1704 2246 1818 2280 dicunt,
1844 2245 1921 2284 quod
1938 2254 1993 2274 om.

1051 2290 1109 2320 Gu.
1126 2293 1151 2321 1.
1167 2294 1196 2323 2.
1224 2307 1265 2312 -
1294 2290 1340 2327 46)
1372 2290 1421 2320 Sic
1446 2289 1502 2318 Gu.
1526 2292 1552 2321 1.
1576 2289 1625 2319 Ar.
1659 2289 1742 2318 Unde
1763 2289 1841 2326 vulg.
1871 2301 1910 2307 —
1946 2286 1993 2323 47)

1050 2332 1136 2372 apud
1163 2333 1295 2363 Thracas
1318 2333 1369 2364 Ar.
1395 2331 1516 2361 Graecis
1541 2329 1670 2373 θούριος
1693 2330 1774 2371 ι’ἕρης.

1467 2374 1505 2409 Μ
1519 2387 1551 2409 m
1574 2376 1593 2396 ²⁸
