2255 2819
219 98 294 134 446
897 84 1078 120 ISIDORI
1112 82 1295 117 HISPAL.
1333 83 1478 119 EPISC.

222 188 480 234 Carthaginem,
506 180 715 220 Numidiam,
743 178 980 211 Mauritaniam
1006 175 1235 220 Sitifensem¹,
1270 177 1504 211 Mauritaniam
1541 173 1799 223 Tingitanam²,
1833 182 1867 211 et
1893 178 1982 212 cirea
2008 179 2083 212 solis
2109 191 2163 212 ar-

221 244 341 277 dorem
367 235 582 280 Aethiopiam
594 230 615 263 ³.

387 290 420 324 4,
472 287 578 327 Libya
598 281 791 326 Cyrenensis
818 281 849 313 iu
877 277 1051 324 partibus⁴
1078 280 1215 314 Africae
1242 280 1350 324 prima
1377 285 1440 321 est,
1467 292 1487 312 a
1513 279 1644 324 Cyrene
1673 281 1756 314 urbe
1780 280 1980 324 metropoli,
2009 291 2096 324 quae
2118 287 2165 314 est

222 347 256 379 in
283 346 351 377 eius
378 340 512 377 finibus,
539 339 737 378 nuncupata.
790 329 902 366 Ηὶιιο5
930 332 972 364 ab
989 332 1115 364 oriente
1138 334 1315 376 Aegyptus
1339 336 1405 373 est,
1433 332 1476 364 ab
1504 343 1625 366 occasu
1653 333 1766 376 Syrtes
1789 332 1930 365 maiores
1956 337 1988 365 et
2014 332 2166 378 Troglo-

222 391 362 441 dyffle⁶‚
391 403 409 424 a
425 386 647 432 septentrione
674 396 765 418 mare
791 384 972 427 Libycum,
1001 395 1020 416 a
1042 383 1182 416 meridie
1207 383 1393 427 Aethiopia
1419 388 1452 415 et
1479 384 1693 417 barbarorum
1721 385 1831 417 variae
1858 384 2024 424 nationes,
2051 390 2083 417 et
2110 395 2166 417 so-

224 447 375 481 litudines
402 437 657 478 inaccessibiles,
685 448 770 480 quae
799 437 897 468 etiam
925 435 1093 468 basiliscos
1120 441 1286 479 serpentes
1313 439 1435 468 creant.

384 491 417 525 5.
470 489 661 534 Pentapolis
690 488 821 521 Graeca
846 488 961 531 lingua
989 499 1007 519 a
1030 488 1176 530 quinque
1201 487 1339 519 urbibus
1362 491 1569 531 nuncupata,
1596 487 1629 519 id
1645 484 1716 520 est⁷
1744 487 1924 527 Berenice,
1956 481 2167 525 Teucl1ira⁹‚

222 545 425 593 Apollonia,
456 538 676 582 Ptolemaisfl,
705 540 845 584 Cyrene,
875 550 913 572 ex
943 539 1061 582 quibus
1092 538 1270 571 Ptolemais
1303 543 1335 570 et
1361 538 1523 571 Berenice
1553 550 1571 570 a
1598 539 1731 583 regibus
1759 539 1949 571 nominatae
1974 543 2057 571 sunt.
2108 537 2169 570 Est

223 606 333 633 autem
360 594 552 639 Pentapolis
578 593 708 636 Libyae
735 591 915 635 Cyrenensi
942 591 1115 631 adiuncta,
1144 596 1176 622 et
1203 590 1270 622 eius
1303 590 1421 622 finibus
1435 586 1458 606 ¹⁰
1481 590 1651 633 deputata.

388 647 422 681 6.
474 645 718 689 Tripolitanam
745 655 881 686 quoque
910 643 1113 686 provinciam
1141 641 1264 675 Graeci
1291 642 1406 686 lingua
1432 638 1523 674 suan
1551 642 1681 685 signant
1694 637 1717 657 ¹²
1743 640 1786 673 de
1813 652 1951 673 numero
1973 640 2071 672 trium
2095 650 2169 672 ma-

225 712 365 749 gnarum
394 699 543 738 urbium,
580 693 727 737 Oeca¹³,
763 691 977 736 Sabratae&
1005 694 1121 737 Leptis
1154 690 1347 737 magnae¹53
1382 693 1467 726 haec
1496 689 1633 725 habet16
1666 693 1709 725 ab
1736 693 1860 725 oriente
1887 692 2002 736 Syrtes
2029 691 2170 724 maiores

226 760 259 787 et
283 750 538 796 Troglodytas,
575 760 594 780 a
624 747 847 791 septentrione
875 757 965 778 mare
996 745 1220 785 Adriaticum,
1255 745 1297 777 ab
1329 755 1448 778 occasu
1477 745 1659 789 Byzacium
1673 741 1712 784 ¹⁷,
1753 756 1772 776 a
1798 744 1937 777 meridie
1970 743 2111 776 Getulos
2139 747 2172 775 et

226 806 446 840 Garamantes
460 798 483 818 ¹²
510 811 612 842 usque
639 800 682 831 ad
711 798 885 832 Oceanum
911 797 1149 841 Aethiopicum
1177 796 1420 840 pertendentes.

392 853 426 886 Ἰ,
480 852 655 895 Byzacena
668 847 690 866 'f’
717 850 810 894 regio
840 861 878 882 ev
904 849 1033 881 duobus
1061 848 1267 880 nobilissimis
1295 848 1428 892 oppidis
1443 844 1468 864 ²⁰
1495 858 1616 880 nomen
1631 847 1743 879 sortita
1772 850 1836 888 est,
1862 857 1902 879 ex
1924 845 2043 889 quibus
2070 856 2172 878 unum

227 906 431 940 Adrumetus
442 900 465 920 ²¹
493 898 675 937 vocaturn.
736 898 866 934 Haec²³
891 901 952 933 sub
980 899 1114 944 Tripoli
1143 904 1209 938 est,
1251 906 1366 943 patens
1394 911 1547 943 passuum
1576 899 1736 937 ducenta,
1769 898 1822 930 vel
1851 898 1995 942 amplius
2023 893 2172 937 millia²⁸‚

227 956 395 991 foecunda
424 956 519 993 oleis,
556 960 587 986 et
614 953 724 998 glebis
748 954 790 985 ita
819 952 1053 997 praepinguis,
1089 956 1124 984 ut
1150 952 1270 984 iactata
1297 951 1343 983 ibi
1372 952 1494 983 semina
1510 948 1534 967 ²³*
1562 962 1637 984 cum
1650 947 1673 967 ²⁰
1707 951 1912 983 incremento
1945 960 2032 993 pene
2060 952 2173 982 cente-

227 1010 309 1042 simo
323 1004 347 1025 ²⁷
374 1007 479 1051 frugis
490 1004 515 1023 ²³
542 1010 763 1038 renascantur.

389 1057 423 1090 8.
478 1057 618 1100 Zeugis,
647 1053 738 1088 abr-'¹³
766 1055 940 1099 Carthago
968 1051 1137 1099 magnam).
1189 1054 1266 1098 Ipsa
1277 1050 1299 1070 ³¹
1324 1060 1357 1086 et
1384 1065 1463 1086 vera
1492 1053 1606 1086 Africa
1633 1053 1716 1084 inter
1743 1052 1944 1095 Byzantium
1957 1047 1982 1068 ³²
2009 1056 2041 1084 et
2054 1049 2175 1083 Numi-

229 1111 317 1143 diam
345 1109 420 1146 sita,
449 1120 467 1140 a
495 1107 717 1151 septentrione
745 1107 826 1138 mari
852 1107 965 1138 Siculo
994 1107 1120 1145 iuncta,
1149 1110 1181 1137 et
1209 1118 1226 1137 a
1254 1102 1427 1137 meridie³³³
1464 1116 1566 1147 usque
1593 1104 1635 1136 ad
1666 1104 1869 1136 Getulorum
1897 1103 2071 1147 regionem
2097 1112 2176 1146 por-

229 1168 336 1201 recta,
372 1161 463 1193 cuius
490 1158 643 1203 proxima
670 1169 822 1199 quaeque
846 1158 1008 1200 frugifera
1036 1162 1124 1196 sunt,
1159 1157 1316 1189 ulteriora
1344 1162 1453 1188 autem
1482 1156 1591 1188 bestiis
1619 1160 1651 1187 et
1684 1155 1892 1199 serpentibus
1920 1155 2036 1198 plena,
2077 1160 2176 1196 atque

230 1212 363 1257 onagris
391 1211 518 1255 magnis
545 1211 576 1241 in
605 1210 735 1241 deserto
765 1209 970 1252 vagantibus.

334 1263 469 1296 Getulia
496 1267 605 1294 autem
633 1260 767 1293 Africae
796 1271 872 1303 pars
900 1258 1142 1291 mediterranea
1167 1262 1223 1290 est.

394 1313 428 1347 9.
482 1312 638 1346 Numidia
655 1313 697 1343 ab
724 1311 839 1344 incolis
867 1311 987 1355 passim
1010 1309 1206 1354 vagantibus
1233 1309 1278 1341 sic
1301 1314 1434 1348 vocata,
1464 1307 1555 1351 quod
1578 1307 1703 1340 nullam
1725 1312 1849 1340 certam
1864 1306 2028 1339 haberent
2051 1305 2176 1340 sedem.

231 1367 317 1400 Nam
344 1365 460 1411 lingua
486 1376 601 1398 eorum
627 1364 772 1396 incertae
800 1368 831 1395 ct
859 1374 965 1406 vagae
993 1362 1088 1393 sedes
1104 1358 1145 1401 ³³,
1175 1360 1340 1393 Numidae
1352 1357 1376 1377 ³³
1404 1360 1567 1394 dicuntur.
1621 1359 1742 1403 Incipit
1767 1362 1877 1390 autem
1898 1369 1917 1390 a
1935 1357 2068 1390 flumine
2094 1357 2179 1390 Am-

233 1429 340 1462 psaga
352 1414 395 1455 ³⁰,
422 1418 455 1449 in
484 1417 706 1461 zeugitanum
736 1416 874 1447 limitem
902 1410 1072 1451 desinitffl,
1108 1412 1234 1445 habens
1261 1413 1304 1444 ab
1332 1416 1406 1443 ortu
1434 1414 1547 1455 Syrtes
1579 1411 1740 1444 minores.
1773 1421 1792 1442 a
1819 1409 2043 1454 septentrione
2079 1420 2180 1448 mare,

233 1469 326 1512 quod
350 1465 490 1500 tendit³⁵
517 1468 723 1505 Sardiniam,
751 1468 794 1498 ab
818 1477 939 1499 occasu
969 1465 1202 1497 Mauritaniam
1230 1464 1440 1503 Sitifensem,
1468 1475 1486 1495 a
1511 1463 1649 1495 meridie
1677 1460 1885 1506 Aethiopum
1911 1466 2045 1506 gentes:
2085 1460 2181 1505 regio

235 1520 362 1563 campis
386 1520 610 1563 praepinguis.
667 1519 733 1550 Lbi
763 1524 870 1549 autem
900 1522 947 1549 est
969 1517 1120 1548 silvestris
1133 1513 1168 1556 ³³⁹,
1196 1516 1282 1547 feras
1307 1515 1429 1547 educat
1442 1512 1476 1554 ⁴⁰,
1501 1516 1557 1546 ubi
1586 1514 1671 1558 iugis
1699 1513 1821 1553 ardua,
1843 1524 1948 1556 equos
1977 1518 2010 1544 et
2036 1522 2182 1556 onagros

235 1578 409 1616 procreat,
443 1571 562 1604 eximio
590 1570 688 1602 etiam
717 1580 882 1602 marmore
910 1568 1144 1612 praedicatur,
1181 1567 1273 1611 quod
1307 1563 1553 1599 Numidicum⁴¹
1582 1566 1711 1599 dicitur.
1764 1565 1878 1597 Habet
1911 1569 2021 1596 autem
2032 1560 2057 1580 ⁴²
2084 1563 2182 1596 urbes

234 1623 430 1668 praecipuas
456 1623 653 1667 Hipponem
680 1622 828 1665 Regium
856 1626 888 1653 et
913 1619 1116 1653 Rusicadam
1126 1616 1160 1651 ⁴³.

403 1673 459 1706 10.
513 1673 714 1707 Mauritania
740 1678 861 1707 vocata
888 1684 907 1704 a
933 1672 1051 1706 colore
1077 1670 1297 1716 populorum.
1331 1668 1456 1703 Graeci
1474 1667 1560 1702 enim
1575 1667 1708 1713 nigrum
1723 1665 1868 1714 μαῦρον
1882 1669 2012 1699 vocant.
2053 1661 2183 1698 Sicut⁴⁴

296 1773 324 1814 l)
339 1775 564 1802 Mauritaniam
577 1775 799 1802 Caesariensem
817 1773 885 1803 add.
899 1773 979 1811 vulg.
990 1790 1031 1795 —-
1053 1773 1118 1802 Om.
1129 1773 1186 1802 Gn.

242 1820 267 1847 1.
287 1816 333 1844 Ar.
352 1833 392 1837 -—
413 1818 541 1845 Mmm't.
567 1817 651 1846 Cae-x.
674 1818 757 1855 Sitis.
783 1828 843 1852 va.,
868 1816 974 1845 deinde
995 1816 1095 1844 eadem
1118 1816 1188 1844 cdii.

240 1859 368 1888 Mam-it.
384 1865 450 1887 ante
474 1861 582 1897 Tt'ngl'l.
600 1871 657 1889 oni.
683 1876 724 1882 —
747 1858 778 1899 Ξ)
802 1861 1007 1896 Tingilanimn
1029 1860 1061 1887 Z.
1088 1860 1143 1887 Gu.
1163 1862 1188 1889 1.

242 1911 286 1930 va.
310 1916 350 1922 --
372 1904 402 1937 3)
422 1903 600 1941 Aethiopum·
624 1914 670 1942 pr.
706 1920 742 1924 —
777 1903 807 1940 4)
830 1903 878 1930 Sic
904 1903 960 1933 Gu,
985 1905 1008 1932 1.
1031 1902 1067 1930 al.
1090 1918 1131 1922 —
1156 1902 1189 1928 in

237 1949 327 1983 parte
345 1944 424 1981 vulg.
453 1960 487 1965 -—
524 1945 552 1984 5)
577 1947 661 1972 Ilm'c
684 1946 739 1973 Gu.
758 1948 786 1976 2·
806 1945 857 1975 Ar.
885 1962 925 1966 --
954 1947 980 1982 6)
1010 1943 1190 1982 Tfogoditae

242 1985 353 2023 ubique
372 1985 457 2014 codd.
481 2002 521 2007 -—
544 1988 571 2024 7)
592 1988 699 2024 (simne
717 1987 799 2015 addit
814 1987 842 2018 h,
859 1988 878 2016 l.
897 1987 988 2017 Arev.
1008 1988 1063 2014 Gn.
1077 1990 1101 2017 1.
1123 1991 1190 2025 post

243 2029 370 2057 Ptolem,
399 2043 437 2048 —
463 2031 488 2061 5)
506 2028 552 2054 Sic
571 2028 655 2059 Arcv.
673 2041 687 2059 e
703 2031 826 2059 Prolem.
845 2030 902 2058 tab.
917 2030 943 2060 4.
969 2029 1092 2057 Ceno-ia
1110 2029 1190 2066 vulg.

243 2087 282 2092 .-
306 2071 336 2107 9)
358 2068 547 2097 Ptolemaide
566 2070 615 2100 Ar.
650 2090 685 2093 —
713 2072 755 2112 lO)
775 2079 799 2099 ‹l
814 2075 846 2100 ln
871 2073 1007 2110 ‹iasfim
1027 2073 1056 2100 Z.
1082 2072 1139 2101 Cu.
1163 2074 1191 2102 2.

245 2112 295 2142 Ar.
321 2129 356 2135 -ν-
385 2116 427 2145 11)
447 2114 478 2139 ιἠ,
496 2112 569 2148 ling.
592 2124 649 2140 stat
672 2115 728 2142 Gu.
749 2118 777 2145 2.
805 2133 841 2136 —
875 2118 916 2153 12)
938 2117 1061 2151 signant
1079 2115 1110 2144 Z.
1136 2116 1192 2143 Gu.

249 2159 275 2186 l.
292 2158 318 2186 2.
339 2164 386 2183 va.
403 2155 452 2182 Ar.
475 2172 511 2175 —
530 2154 644 2193 ‹le-sign.
667 2157 744 2194 vulg.
761 2173 800 2177 —
822 2159 901 2193 sign.
919 2164 945 2185 et
961 2152 1017 2185 Cu.
1037 2159 1063 2186 1.
1083 2172 1125 2177 —-
1149 2158 1192 2195 13)

248 2197 296 2225 sic
316 2197 399 2225 Arev.
420 2207 433 2224 e
453 2196 543 2224 Solin.
564 2206 589 2224 c.
607 2199 655 2227 30.
673 2214 714 2219 —
741 2200 820 2227 Osca
837 2200 917 2236 vulg.
940 2217 974 2220 —
1004 2200 1067 2227 Oea
1089 2199 1145 2227 Gu.
1168 2203 1194 2229 1.

250 2256 285 2262 -—
315 2239 413 2267 Oeam
427 2239 454 2267 Z.
474 2254 509 2260 -
539 2238 615 2265 Ocsa
631 2239 686 2266 Gu.
703 2243 730 2270 2.
754 2257 794 2262 —
820 2245 860 2276 14)
879 2243 927 2270 Sic
944 2242 994 2271 Ar,
1017 2260 1054 2264 -—-
1078 2242 1195 2269 Τιιὺνα-

249 2293 299 2308 ‹ue
315 2281 393 2319 vnlg.
419 2299 453 2304 »-
480 2280 628 2308 Ilzbrecne
642 2282 672 2309 Z.
694 2298 727 2301 —
749 2283 864 2310 Subicit*
886 2285 942 2313 Gu.
961 2287 986 2314 1.
1005 2299 1045 2305 —
1076 2284 1196 2312 Tillll'cle

251 2324 305 2352 Gu.
323 2325 351 2353 2.
375 2339 415 2345 --
447 2326 490 2358 15)
514 2334 628 2360 magna
653 2323 683 2352 Ζ,
709 2323 764 2353 Gu.
787 2327 812 2354 1.
828 2327 856 2354 2.
885 2342 927 2347 —
957 2325 1003 2362 16)
1026 2326 1113 2354 lmlxee
1137 2337 1195 2356 oin.

251 2368 306 2393 Gn.
320 2369 342 2395 l.
369 2381 408 2386 —
435 2368 475 2401 17)
496 2366 678 2402 Bhszacicum
693 2365 747 2394 Gu.
765 2368 789 2397 1.
807 2383 846 2387 —
870 2369 1033 2406 Byzacium
1050 2369 1099 2398 Ar.
1121 2379 1195 2398 sem-

1231 1782 1294 1812 per.
1312 1788 1352 1793 —
1368 1770 1555 1809 Byzantium
1571 1769 1651 1806 vulg.
1672 1784 1713 1790 -—
1737 1769 1780 1806 18)
1801 1767 2006 1796 Garamantas
2026 1766 2084 1796 Gu.
2097 1767 2125 1797 2.
2136 1775 2183 1804 pr.

1231 1825 1277 1843 va.
1301 1830 1342 1835 —-
1365 1813 1410 1854 19)
1428 1813 1474 1841 sie
1491 1813 1521 1842 Z.
1539 1814 1594 1842 Gu.
1614 1815 1637 1842 1.
1655 1810 1703 1839 Ar.
1720 1821 1784 1839 var.
1799 1810 1865 1839 lect.
1890 1821 1938 1849 ap.
1954 1808 2045 1838 Goth.
2058 1824 2100 1830 —-
2115 1806 2184 1846 By·-

1234 1867 1363 1885 :anzena
1386 1857 1466 1894 vulg.
1491 1871 1531 1876 —
1561 1855 1609 1891 ΞΟ)
1629 1854 1677 1881 Sic
1700 1854 1730 1882 Z.
1757 1854 1814 1882 Gu.
1837 1856 1863 1884 1.
1889 1856 1918 1885 2.
1941 1853 1989 1882 Ar.
2007 1868 2048 1873 --
2063 1850 2184 1879 duabus

1233 1917 1274 1921 —
1290 1900 1415 1928 urbibus
1437 1899 1518 1935 vulg.
1539 1902 1567 1926 et
1589 1908 1668 1933 ιιιιιι,
1706 1897 1811 1924 aller-a.
1834 1912 1877 1917 -
1906 1895 1955 1933 21)
1978 1894 2133 1924 Adromet.
2153 1893 2184 1921 Z.

1234 1943 1291 1971 Gu.
1317 1946 1342 1974 1.
1364 1945 1394 1974 2.
1419 1953 1461 1980 pi.
1482 1951 1528 1968 va.
1550 1956 1591 1960 ——-
1616 1940 1664 1978 222)
1688 1940 1786 1967 altera
1810 1937 1957 1978 (alteram
1980 1936 2041 1978 Ar.)
2060 1938 2185 1974 Bizan-

1234 1987 1312 2013 tium
1335 1985 1417 2022 vulg.
1438 1983 1525 2017 add„
1549 1981 1628 2020 quod
1653 1993 1709 2010 orn.
1726 1983 1756 2010 Z.
1780 1982 1837 2009 Gn.
1855 1984 1881 2012 1.
1902 1983 1931 2011 2.
1953 1982 2004 2010 Ar.
2030 1995 2067 2001 —
2096 1981 2141 2013 23)
2159 1984 2185 2005 ct

1236 2030 1265 2058 ἰ.
1284 2045 1323 2050 —
1340 2029 1386 2066 24)
1402 2027 1600 2055 ducentorum
1617 2025 1738 2052 milium
1756 2024 1950 2062 1’ela771pli1cs
1965 2023 2058 2053 Gu.2.
2074 2036 2116 2042 --
2136 2020 2185 2057 25)

1237 2071 1285 2099 Sic
1309 2071 1365 2098 Gn.
1384 2073 1411 2101 1.
1430 2085 1471 2090 -
1487 2070 1569 2095 iacta
1583 2068 1625 2095 ibi
1643 2069 1758 2095 sentina
1776 2067 1831 2096 Gu.
1847 2068 1875 2097 2.
1891 2066 1941 2095 Ar.
1958 2064 2010 2103 qui
2025 2062 2186 2092 nominati-

1236 2123 1307 2141 vum
1323 2112 1491 2140 absolutum
1509 2111 1627 2145 statuit,
1653 2116 1686 2139 ut
1703 2110 1768 2145 ΧΗ,
1792 2110 1821 2144 5,
1840 2109 1889 2140 41.
1913 2124 1953 2130 —-
1976 2109 2056 2135 iacto
2079 2106 2123 2134 ibi
2137 2115 2186 2133 se-

1237 2158 1316 2183 mine
1335 2155 1415 2191 vulg.
1439 2154 1476 2182 At
1492 2154 1515 2181 si
1531 2164 1598 2181 cum
1620 2155 1675 2181 Gn.
1699 2156 1725 2183 1.
1754 2151 1922 2187 scribimus,
1944 2149 2094 2179 evanescit
2113 2147 2186 2176 haec

1238 2197 1431 2226 constructio.
1454 2213 1495 2217 —
1518 2199 1562 2233 25)
1585 2207 1653 2223 cum
1669 2194 1770 2224 addidi
1789 2204 1804 2223 e
1821 2194 1853 2223 Z.
1876 2194 1932 2221 Gu.
1952 2196 1979 2224 1.
2003 2208 2039 2214 —
2062 2189 2109 2228 27)
2122 2200 2185 2217 cen-

1238 2242 1345 2268 tesiam
1367 2250 1412 2278 pr.
1430 2249 1494 2275 va.,
1518 2239 1547 2267 in
1571 2238 1678 2277 quibus
1696 2238 1779 2266 libris
1803 2241 1847 2265 est
1863 2238 2051 2264 incrementa.
2077 2248 2114 2254 -
2138 2229 2185 2271 28)

1238 2283 1287 2311 Sic
1309 2283 1365 2310 Gu.
1382 2285 1407 2313 1.
1423 2282 1590 2319 ——sruges
1606 2281 1687 2319 vulg.
1701 2281 1843 2317 -sruge
1861 2289 1910 2317 pr.
1928 2292 1966 2299 -
1982 2276 2030 2312 23)
2048 2285 2114 2303 vero
2130 2284 2186 2313 pro

1239 2326 1292 2354 uhi
1315 2326 1371 2353 Gu.
1398 2327 1422 2355 l.
1448 2340 1486 2346 —-
1509 2324 1555 2363 30)
1573 2334 1688 2362 magna
1708 2333 1765 2351 orn.
1781 2322 1837 2350 Gu.
1857 2324 1881 2351 1.
1898 2336 1933 2343 -
1949 2328 2066 2356 magna
2083 2322 2124 2344 est
2139 2326 2184 2346 va.

1238 2384 1280 2391 ——-
1301 2368 1349 2405 31)
1371 2367 1456 2406 Vulg.
1475 2366 1543 2396 add.
1564 2372 1624 2403 est,
1648 2365 1730 2405 quod
1749 2374 1805 2393 om.
1830 2363 1887 2391 Gu.
1904 2364 1930 2393 1·
1953 2377 1994 2382 -
2016 2358 2064 2399 32)
2089 2361 2184 2396 Byza-
