2264 2830
802 91 1050 128 ORIGINUM

254 186 288 221 5.

92 239 178 286 iugi,
206 240 308 273 veluti
333 240 504 273 stertentis.

255 292 290 326 6.
343 287 560 337 Synanche³⁴
594 301 614 322 a
641 290 842 324 continentia
876 290 1008 335 spiritus
1035 297 1068 326 et
1094 294 1348 337 praefocatione
1379 294 1478 328 (licta.

91 342 261 376 continere
287 344 411 378 dicunt.

254 394 288 429 7.
339 395 554 439 Phlegmone

463 343 531 384 Qui
559 342 646 375 enim
673 341 742 377 hoc
769 343 847 375 vitio
875 343 1044 385 laborant,

566 391 591 410 au

90 504 153 531 tur.
188 498 287 532 Unde
315 504 346 531 et
374 498 462 532 dicta
490 503 538 531 est
565 495 782 545 φλογμονή”

91 561 214 584 nomen
236 550 376 594 accepit.

254 600 289 634 8.
342 600 496 635 Pleurisis
507 596 531 616 ⁴⁴
559 604 607 633 est
633 599 733 633 dolor
760 601 871 634 lateris
900 606 1015 635 acutus
1043 611 1119 635 cum
1145 602 1242 637 febre
1269 608 1302 636 et
1329 608 1427 649 sputo
1464 604 1718 650 sanguinolento
1728 602 1763 639 ⁴⁵.

1090 95 1236 132 LlBER
1262 98 1321 132 IV.
1970 106 2043 141 188

342 184 565 233 Lethargia³³
596 199 616 220 a
649 198 767 221 somno
794 192 924 221 vocata.
984 188 1044 222 Est
1071 190 1159 224 enim
1187 191 1361 236 oppressio
1393 191 1523 225 cerebri
1557 202 1634 226 cum
1661 194 1830 230 oblivione
1857 203 1891 232 et
1924 211 2043 236 somno

1537 295 1661 331 Graeci
1695 298 1782 331 enim
1816 298 2042 347 ‹uwa'yygenv³²5

1076 345 1197 379 ‹lolore
1228 346 1373 379 faucium
1402 346 1647 390 praefocantur.

619 399 667 426 est
697 394 809 427 servor
834 395 999 429 stomachi
1026 407 1102 429 cum
1130 397 1317 430 extensione
1344 403 1444 440 atque
1470 398 1607 441 dolore,
1653 399 1720 433 sive
1749 402 1933 451 φλεγμονῇ
1944 400 1969 420 ³²
1995 411 2043 439 est

90 444 288 489 inquietudo
314 458 390 481 cum
417 447 541 480 rubore
567 451 599 478 et
626 445 746 479 dolore
774 451 806 479 et
832 447 1020 480 extensione
1033 444 1067 480 ³⁸.

1122 445 1255 489 Quae³⁹
1281 460 1359 482 cum
1386 451 1536 494 coeperit
1568 451 1661 493 fieri,
1696 450 1832 484 febris⁴⁰
1858 457 2040 500 consequi-

785 522 795 539 ‚
822 495 897 534 α’πό
924 496 1112 545 φλέγεινη,
1139 500 1174 534 id
1203 504 1250 533 est
1276 500 1483 535 inflammare
1495 497 1529 535 ⁴³.
1580 503 1637 537 Sic
1659 504 1746 537 enim
1763 505 1899 540 sentitur
1918 512 1951 541 et
1964 508 2042 543 inde

1821 607 1924 643 Latus
1951 610 2037 644 enim

93 651 226 687 Graece
253 654 389 698 πλεῦρα
416 652 553 692 dicitur,
581 651 670 685 unde
681 648 705 669 ⁴⁶
731 652 908 697 pleuritica
918 650 942 670 ⁴⁷
968 653 1077 698 passio
1104 665 1226 688 nomen
1254 656 1394 701 accepit.

255 704 289 739 9.
338 700 644 750 Peripleumonia⁴⁸
677 708 724 736 est
754 704 923 748 pulmonis
958 706 1073 738 titium
1107 717 1185 740 cum
1220 706 1341 740 dolore
1377 703 1601 741 vehementi⁴¹⁹
1636 712 1668 742 et
1699 710 1852 754 suspirio.

1919 710 2041 747 Graeci

92 755 179 789 enim
202 756 398 801 pulmonem
426 752 612 800 πλεύμονα
627 751 652 771 ⁵⁰
678 761 818 797 vocant,
846 753 967 790 unde⁵¹
997 762 1030 790 et
1056 758 1233 804 aegritudo
1260 759 1350 793 dicta
1360 756 1395 793 ⁵².

256 808 315 841 10.
369 807 561 853 Apoplexia
588 811 635 839 est
661 808 768 840 subita
796 808 915 841 effusio
943 809 1128 854 sariguirii5‚
1169 822 1236 854 qua
1262 810 1418 845 suffocati
1452 810 1624 845 intereunt.

90 858 221 903 plexia,
263 860 356 904 quod
384 872 424 894 ex
450 858 541 892 letali
568 869 726 903 percussu
753 861 943 904 repentinus
976 871 1069 895 casus
1095 862 1164 895 fiat.

90 916 221 946 vocant.

258 962 317 998 11.

369 961 528 1008 Spasmus
552 961 669 994 Latine
680 955 704 977 ⁵¹

1677 810 1776 845 Dicta
1810 817 1921 846 autem
1953 824 2040 859 apo-

1224 863 1349 896 Graeci
1383 862 1470 896 enim
1504 863 1752 907 percussionem
1783 861 2004 912 ιίποπληξίαν
2016 863 2042 884 ⁵³

730 962 913 996 contractio
941 963 1047 996 subita
1073 964 1220 1008 partium
1255 970 1312 998 aut
1338 976 1516 999 nervorum
1551 975 1628 999 cum
1655 964 1777 999 dolore
1804 965 1995 1001 vehementi
2006 964 2039 1001 ⁵⁵.

91 1013 204 1055 Quam
230 1014 417 1059 passionem
445 1025 465 1046 a
492 1012 596 1048 corde
622 1013 826 1047 nominatam
853 1014 1022 1056 dixerunt,
1062 1016 1139 1059 quia
1150 1012 1176 1032 ⁵⁰
1208 1016 1240 1050 in
1267 1017 1362 1051 nobis
1395 1017 1620 1063 principatum
1649 1017 1775 1064 vigoris
1809 1017 1923 1052 habet.

1986 1019 2041 1052 Fit

92 1071 204 1099 autem
227 1077 267 1101 ex
283 1062 307 1082 ⁵⁷
335 1066 465 1099 duobus
492 1064 619 1105 modis,
655 1069 712 1097 aut
738 1077 778 1099 ex
804 1066 1007 1111 repletione,
1043 1073 1098 1100 aut
1125 1079 1165 1100 cv<
1190 1067 1380 1102 inanitione.

254 1116 314 1153 12.

255 1168 314 1202 13.
367 1169 491 1203 Telum
518 1169 630 1201 lateris
657 1167 757 1201 dolor
782 1175 839 1203 est.
894 1170 1029 1205 Dictum
1042 1167 1066 1187 ⁵⁹

89 1220 331 1254 transverberat
343 1218 385 1262 ¹⁵²,
412 1221 505 1264 quasi
528 1220 672 1265 gladius,

256 1271 314 1305 14.
366 1272 454 1305 lleos
479 1271 580 1304 dolor
606 1271 834 1304 intestinorum
847 1267 883 1305 ⁶³.

92 1384 165 1407 rum
193 1378 361 1407 tormento
373 1371 407 1408 θ’.

260 1423 320 1458 15.
370 1423 613 1471 ’Υδροφοβιά,
641 1423 675 1456 id
703 1428 751 1456 est
777 1434 884 1467 aquae
911 1421 1063 1457 metusffl.

95 1487 223 1509 morem
233 1472 257 1493 ⁶⁹
284 1476 416 1518 dicunt,
436 1473 562 1509 unde²⁰
587 1480 621 1508 et
645 1475 757 1508 Latini
783 1475 875 1509 hunc
895 1476 1049 1509 morbum

96 1584 133 1590 -—
157 1567 204 1608 35)
229 1568 369 1596 Sinamis
385 1568 441 1598 Gu.
463 1569 489 1598 1.
507 1570 536 1599 2.
555 1569 582 1598 3.
598 1568 627 1599 4.
643 1577 690 1607 pr.
706 1577 751 1596 va.
774 1582 816 1589 —-
840 1567 974 1606 συνέχειν
995 1567 1045 1597 Ar.

97 1627 133 1632 —
158 1613 203 1644 36)
218 1611 356 1650 steumon
375 1611 432 1639 Gn.
454 1613 479 1641 l.
496 1612 525 1641 2.
542 1620 588 1648 pr.
602 1619 648 1639 va.
674 1628 712 1633 -
732 1611 871 1649 flegmon
887 1610 1002 1648 gothici
1020 1615 1048 1639 et

94 1654 220 1682 Luceus.
244 1669 284 1674 —
306 1656 352 1690 37)
373 1653 507 1691 flecmon
528 1653 584 1680 Gu.
601 1654 630 1684 2.
648 1652 685 1681 al.
710 1663 755 1692 pr.
773 1662 818 1681 va.
846 1668 888 1675 —
914 1654 1049 1691 fleumon

95 1696 197 1735 priore
215 1696 283 1724 loco
300 1696 356 1725 Gu.
371 1697 401 1727 3.
416 1695 447 1727 4.
472 1711 510 1717 -
524 1695 662 1734 flegmon
682 1695 722 1725 al.
745 1709 788 1716 --
810 1696 1047 1734 steumuniptin-

95 1740 233 1778 quietum
248 1739 303 1767 Gu.
314 1740 344 1769 2.
361 1748 407 1767 va.
421 1737 522 1777 priore
538 1738 614 1766 loco.
631 1739 857 1777 —fleomonem
878 1739 1049 1777 inquietum

97 1782 155 1810 Gu.
169 1783 198 1812 2.
230 1791 276 1810 va.
298 1781 397 1820 priore
420 1780 499 1811 loco.
527 1797 570 1803 —
598 1786 640 1809 est
664 1780 788 1809 morbus
811 1781 964 1819 inquietus
981 1781 1048 1810 cod.

96 1823 222 1853 Lucens.
246 1823 347 1863 priore
368 1823 445 1852 loco.
471 1839 514 1845 —
541 1826 587 1858 38)
611 1829 637 1852 et
663 1825 796 1852 tensione
820 1824 875 1851 Gu.
894 1826 922 1855 1.
947 1840 991 1846 -
1021 1830 1049 1852 et

98 1866 159 1895 dol.
181 1871 290 1896 extens.
307 1866 364 1894 Gu.
380 1869 408 1898 2.
421 1870 546 1904 uterque
564 1866 663 1905 priore
679 1866 756 1895 loco.
781 1865 846 1895 Hoc
860 1865 927 1895 loco
943 1867 1000 1896 Gu.
1019 1869 1048 1899 1.

97 1918 156 1949 pro
175 1913 202 1936 et
217 1907 279 1938 dol.
300 1907 421 1937 exhibet
437 1914 529 1947 atque
543 1908 603 1938 dol.
618 1909 704 1940 Arev.
719 1919 778 1939 om.
790 1919 839 1937 vv,
858 1910 928 1937 Sive
952 1919 1048 1948 usque

99 1951 136 1981 ad
148 1952 301 1979 vastitate.
317 1950 431 1980 Verba:
451 1957 478 1979 et
492 1953 657 1980 extensione
671 1957 699 1980 et
717 1951 840 1980 duricia
854 1957 879 1979 el
896 1953 1050 1989 vastitate,

99 2004 176 2034 quae
192 2004 252 2033 seq.
270 1997 340 2033 post
356 1999 462 2022 extens.
477 2004 536 2022 om.
553 1994 612 2024 Gu.
629 1997 655 2026 1.
671 1994 730 2023 hoc
742 1994 825 2028 loco,
848 1994 949 2033 priore
968 1994 1049 2024 reti-

99 2041 160 2066 net.
186 2052 229 2058 —-
251 2038 299 2074 39)
323 2036 404 2064 Nam
422 2046 493 2064 cam
507 2037 607 2075 priore
623 2037 692 2066 loco
712 2047 814 2066 omnes
829 2037 898 2066 libri
914 2042 943 2066 et
959 2037 1048 2067 Arev.

99 2078 252 2109 hocloco.
276 2094 318 2101 —-
339 2077 385 2117 40)
407 2078 493 2117 Vulg.
507 2079 683 2118 inquietudo
697 2085 724 2108 et
739 2080 857 2117 febris,
880 2080 933 2108 sed
947 2081 1051 2119 priora

102 2132 161 2151 om·
189 2122 246 2150 Gu-
265 2124 292 2153 1·
318 2119 377 2149 11⁰⁰
401 2120 485 2157 loco,
515 2122 615 2160 priore
635 2123 745 2152 retinet
766 2133 833 2151 cum
853 2122 986 2161 reliquis.
1011 2138 1050 2144 —

101 2163 151 2204 41)
164 2164 301 2203 fleumon
318 2168 448 2202 utroque
462 2163 527 2192 loco
542 2166 598 2195 Gu.
609 2169 635 2196 1.
651 2167 680 2197 3.
696 2164 724 2195 4.
739 2175 784 2204 pr.
798 2175 843 2194 va.
857 2181 900 2187 —
912 2166 1053 2204 fleom‘an

102 2207 205 2247 priore
219 2207 288 2235 loco
303 2207 361 2237 Gu.
378 2209 407 2238 2.
431 2222 472 2228 -—
499 2208 544 2244 42)
568 2207 655 2245 Vulg.
671 2204 730 2238 οἷπό
745 2210 802 2238 τοῦ
821 2207 957 2247 φλέγειν,
977 2209 1051 2237 arti-

103 2249 205 2279 culum
223 2259 282 2278 om.
301 2248 356 2278 Gu.
374 2251 400 2280 1.
416 2251 445 2279 2.
460 2250 488 2279 3.
503 2248 531 2279 4.
546 2260 591 2288 pr.
614 2259 662 2279 va.
678 2249 736 2279 hoc
750 2255 779 2279 et
793 2251 896 2290 priore
910 2251 989 2279 loco.
1010 2265 1054 2273 —-

102 2290 153 2331 43)
174 2291 276 2321 Latina
292 2291 393 2320 addidi
410 2301 425 2319 e
441 2290 529 2320 codd.
547 2297 576 2320 et
593 2291 675 2320 libris
692 2292 778 2321 editis
795 2304 840 2332 pr.
854 2303 902 2323 va.
915 2294 975 2327 Ar..
998 2294 1055 2322 nisi

105 2333 186 2373 quod
198 2334 302 2363 vitiose
316 2344 416 2363 omnes
430 2339 551 2372 praeter
564 2334 651 2364 Arev.
668 2334 809 2364 exhibent
818 2335 854 2364 id
868 2341 911 2364 est
929 2337 1055 2376 instam-

106 2387 201 2405 mans.
227 2393 260 2399 —-
287 2375 337 2416 44)
360 2377 410 2405 Sic
425 2376 552 2416 scripsi,
574 2387 666 2416 quum
681 2377 711 2406 in
729 2378 816 2408 codd.
831 2384 908 2409 esset
921 2380 977 2409 Gu.
991 2382 1055 2412 1.2.

935 1270 1038 1304 Unde
1065 1276 1098 1303 et
1118 1272 1172 1304 ilia
1199 1272 1288 1307 (licta
1315 1277 1398 1307 sunt.

91 1333 169 1355 vere
196 1321 334 1363 dicitur,
356 1323 448 1366 quod
476 1334 510 1355 se
536 1322 686 1355 intestina
712 1333 795 1366 prae
805 1319 830 1338 ⁶⁵
856 1322 978 1355 dolore
1005 1322 1176 1356 involvunt
1187 1319 1221 1357 ⁸⁶.

365 1118 514 1151 'l'etanus
537 1112 678 1150 maior-⁵⁸
704 1122 753 1150 est
780 1119 965 1152 contractio
992 1130 1169 1152 nervorum
1197 1131 1215 1153 a
1242 1120 1371 1155 cervice
1398 1119 1442 1152 ad
1470 1117 1619 1152 dorsum.

1093 1176 1204 1205 autem
1236 1173 1281 1204 ita
1308 1184 1327 1205 a
1355 1171 1492 1205 medicis
1506 1167 1548 1212 ⁶⁰,
1583 1169 1677 1214 quod
1708 1168 1829 1204 dolore
1855 1167 2039 1215 corporis⁶¹

1453 1271 1586 1305 Graece
1610 1271 1696 1304 enim
1724 1267 1892 1306 cizicum
1918 1271 2039 1305 obvol-

1275 1324 1321 1356 Hi
1357 1330 1389 1357 et
1415 1323 1586 1356 torminosi
1614 1322 1768 1356 (licuntur
1802 1323 1844 1355 ab
1870 1322 2040 1356 intestino-

1117 1424 1241 1459 Graeci
1274 1425 1361 1459 enim
1389 1424 1484 1472 ὕδωρ
1512 1426 1634 1468 aquam
1667 1427 1806 1465 vocant,
1848 1421 1966 1470 φόβον
1997 1425 2039 1457 ti-

1080 1476 1124 1509 ab
1151 1487 1259 1520 aquae
1284 1473 1429 1510 meatu⁷¹
1454 1476 1703 1522 lymphaticum
1730 1480 1864 1510 vocant.
1900 1475 1955 1508 Fit
1981 1488 2040 1510 au-

1090 1571 1117 1600 3.
1131 1578 1178 1607 pr.
1200 1579 1246 1597 va.
1270 1584 1313 1590 —
1335 1569 1484 1597 Plan-itis
1506 1568 1589 1606 vulg.
1612 1583 1654 1590 —
1681 1566 1728 1606 45)
1752 1566 1820 1596 cod.
1847 1566 1950 1595 Alban.
1974 1567 2041 1597 add.

1090 1617 1116 1639 et
1132 1613 1263 1641 sanioso.
1284 1613 1333 1640 De
1348 1611 1396 1640 lli-s·
1414 1622 1481 1639 vero
1495 1613 1594 1649 signi-s·
1608 1611 1636 1638 ai
1650 1621 1747 1638 unum
1763 1609 1902 1647 desuerit,
1920 1610 2042 1648 pleure—

1090 1655 1153 1682 tica
1168 1653 1232 1682 dici
1251 1665 1311 1682 non
1326 1660 1435 1693 potest.
1460 1671 1496 1676 —
1520 1654 1568 1691 46)
1593 1653 1678 1691 Vulg.
1695 1652 1775 1681 unde
1797 1658 1841 1690 et,
1863 1652 1916 1680 sed
1935 1658 1962 1680 et
1985 1664 2041 1682 om.

1093 1697 1148 1728 Gu.
1167 1700 1194 1728 1.
1219 1713 1258 1719 --
1282 1697 1351 1726 inde
1364 1703 1391 1725 ct
1408 1697 1497 1726 aL—
1519 1698 1565 1734 47)
1585 1696 1752 1734 pleuretica
1770 1696 1825 1725 Gu.
1844 1698 1873 1726 1.
1891 1697 1919 1725 2.
1939 1705 1983 1734 pr.
1996 1706 2041 1725 va.

1093 1755 1130 1762 --
1154 1740 1202 1777 48)
1226 1739 1275 1768 Sic
1303 1740 1358 1769 Gu.
1374 1742 1401 1771 2,
1418 1742 1447 1771 3.
1470 1749 1516 1778 pr.
1540 1749 1587 1768 va.
1617 1754 1660 1761 -
1686 1738 1924 1774 Perifleumonia
1942 1738 1998 1768 Gu.
2015 1742 2042 1770 1.

1090 1799 1125 1803 —
1147 1784 1337 1821 Peripneum.
1352 1783 1435 1820 vulg.
1449 1798 1482 1803 —
1510 1781 1556 1820 49)
1578 1782 1673 1809 nimio
1686 1782 1733 1809 rel
1746 1781 1854 1809 vehem.
1869 1790 1917 1809 va.
1939 1797 1973 1802 —
1994 1780 2044 1821 50)

1090 1825 1139 1854 Sic
1163 1826 1221 1854 Gu.
1235 1827 1265 1857 3.
1286 1840 1329 1848 -—-
1344 1826 1482 1864 fleumon
1494 1823 1549 1852 Gu.
1567 1827 1594 1855 1.
1610 1826 1640 1856 2.
1656 1834 1704 1863 pr.
1724 1839 1767 1846 —-
1787 1821 1943 1861 πνεύμονα
1960 1823 2042 1861 vulg.

1092 1884 1128 1890 -—
1153 1869 1204 1906 51)
1227 1868 1276 1897 Sic
1293 1868 1350 1898 Gu.
1368 1871 1395 1900 1.
1411 1870 1441 1898 2.
1468 1877 1514 1906 pr·
1534 1877 1581 1898 va.
1605 1866 1658 1896 Ar.
1680 1883 1722 1888 —
1744 1865 1813 1894 inde
1827 1866 1908 1903 vulg.
1929 1883 1968 1888 -
1992 1864 2044 1906 52)

1091 1910 1179 1949 Vulg.
1199 1910 1268 1940 add.
1291 1917 1350 1947 est,
1374 1910 1456 1949 quod
1478 1909 1610 1939 om.Gu.
1626 1913 1653 1941 1.
1677 1924 1718 1931 —-
1741 1908 1790 1949 53)
1803 1909 1853 1937 Sic
1875 1909 1933 1938 Gu,
1951 1911 1980 1940 1.
2005 1924 2038 1930 -

1091 1950 1263 1992 ἀπόπληξιν
1287 1954 1371 1991 vulg.
1393 1970 1435 1975 —
1465 1953 1514 1990 54)
1537 1951 1626 1991 apud
1646 1953 1780 1980 Latinos
1799 1952 1855 1980 Gu.
1870 1953 1900 1983 2.
1927 1965 1967 1973 —·
1996 1950 2042 1989 55)

1090 1997 1186 2025 nimio
1206 2007 1253 2036 pr.
1269 2006 1315 2025 va.
1337 1996 1374 2026 nl.
1397 2012 1439 2018 -
1461 1994 1509 2035 56)
1533 1994 1616 2034 quod
1636 1994 1687 2024 Ar.
1708 2011 1751 2016 —
1781 1993 1830 2034 57)
1854 2005 1887 2022 ex
1907 1993 2009 2022 addidi
2028 2003 2043 2021 e

1093 2039 1149 2068 Gu.
1168 2043 1194 2070 1.
1209 2055 1252 2061 —
1274 2038 1319 2078 58)
1340 2040 1495 2067 maiorum
1510 2038 1560 2069 Ar,
1575 2054 1615 2061 —
1638 2039 1683 2073 59)
1702 2037 1787 2075 Vulg.
1805 2036 1872 2067 add.
1887 2042 1940 2073 est,
1964 2035 2043 2075 quod

1092 2092 1151 2111 om.
1167 2081 1224 2111 Gu.
1241 2083 1268 2112 1.
1286 2085 1315 2114 2.
1341 2098 1378 2103 —
1402 2079 1452 2121 60)
1469 2092 1489 2108 a
1504 2079 1579 2111 med.
1600 2082 1646 2109 ita
1663 2080 1719 2109 Gn.
1733 2082 1762 2111 2.
1784 2095 1826 2102 —
1849 2079 1897 2116 61)
1923 2079 1970 2108 Sic
1987 2079 2041 2106 Gu-

1093 2127 1121 2156 1.
1150 2142 1188 2147 --
1216 2134 1325 2163 corpus
1339 2123 1421 2162 vulg.
1446 2140 1484 2146 —
1513 2127 1562 2157 62)
1581 2123 1632 2152 Sic
1651 2124 1708 2152 Gu.
1724 2125 1750 2155 1.
1771 2139 1812 2144 —
1830 2121 2043 2150 transverberet

1093 2166 1175 2205 vulg.
1197 2182 1240 2190 —·
1262 2168 1310 2204 63)
1329 2166 1417 2195 dolor
1437 2172 1479 2194 εει
1501 2166 1560 2196 Gu.
1577 2168 1607 2198 2.
1622 2176 1671 2196 va.
1693 2181 1738 2188 —
1758 2166 1972 2193 intestinarum
1986 2164 2041 2191 Gu-

1094 2211 1122 2241 2.
1141 2220 1188 2249 pr.
1208 2225 1251 2232 -—
1275 2210 1327 2247 64)
1350 2210 1421 2238 ilios
1439 2209 1495 2238 Gu.
1515 2211 1542 2241 1.
1560 2211 1588 2241 2.
1615 2227 1654 2232 —-
1672 2208 1758 2249 yleos
1773 2208 1829 2237 Gu.
1845 2210 1872 2239 3.
1888 2216 1932 2246 pt.
1947 2216 2043 2235 va.—

1095 2252 1184 2282 εἷλεῖν
1197 2252 1247 2282 Ar.
1269 2268 1313 2274 —
1334 2254 1381 2290 65)
1399 2264 1458 2291 pro
1481 2252 1538 2282 Gu.
1556 2253 1585 2282 1.
1608 2267 1650 2274 --
1677 2250 1723 2290 66)
1747 2250 1796 2279 Sic
1815 2250 1871 2278 Gu.
1886 2253 1913 2281 1.
1935 2263 1975 2270 -
1996 2248 2042 2274 in-

1094 2295 1219 2324 volvant
1240 2295 1322 2333 vulg.
1346 2309 1390 2319 —·
1411 2294 1457 2334 67)
1473 2294 1715 2322 ob-tormenta
1736 2293 1772 2322 al.
1794 2308 1837 2314 —
1857 2292 1904 2327 63)
1926 2295 2042 2318 meatu-⁸

1098 2337 1154 2368 Gu.
1173 2341 1201 2370 1.
1223 2353 1265 2360 -
1287 2337 1334 2377 69)
1353 2344 1499 2366 tumorem
1526 2337 1583 2366 Gu.
1601 2339 1628 2368 1.
1649 2352 1691 2358 -
1719 2337 1767 2371 70)
1789 2332 1868 2363 unde
1891 2341 1983 2370 unque
2004 2330 2043 2360 ad

1098 2386 1208 2409 vocant
1227 2390 1286 2410 om.
1309 2381 1347 2412 al.
1376 2395 1417 2404 -
1445 2382 1492 2416 71)
1512 2379 1550 2408 ab
1576 2389 1675 2417 aquae
1695 2383 1796 2406 mnata
1822 2376 1921 2407 Gu.1.
1940 2388 1985 2396 —-
2005 2373 2041 2402 ob

1560 2422 1632 2455 S*
