2264 2830
785 103 1030 138 ORIGINUM

76 201 280 235 eversionem
307 201 375 234 eius
386 197 411 218 ³²

75 254 201 287 viantis
222 264 353 298 pacem
364 249 399 284 ³³.

354 305 492 339 Abacuc
513 302 723 346 amplexans,
749 297 836 334 vel³¹
864 313 903 334 ex
930 313 991 342 ec,
1025 303 1118 346 quod
1147 304 1299 337 amabilis
1326 304 1400 337 Deo
1412 299 1436 319 ³⁵
1466 304 1545 343 suit,
1574 299 1747 337 vocatus³⁶

1068 105 1213 141 LIBER
1241 108 1317 142 Vll.
1947 111 2026 146 243

438 200 626 235 consolatur
653 198 745 242 Syon
783 198 913 232 dicens:
947 198 1045 232 Ecce
1071 212 1178 246 saper
1211 206 1344 235 montes
1374 201 1487 246 pedes
1521 201 1801 245 evangelizantis
1827 207 1861 236 et
1887 215 2023 239 annun-

1773 306 1976 350 amplexatio
1988 304 2026 350 ³¹,

76 355 129 388 vel
156 356 247 399 quod
276 357 308 389 in
335 351 537 389 certamen³⁸
564 365 639 386 cum
667 349 776 386 Ι)ειο39
803 352 1066 399 congreditur⁴⁰‚
1094 356 1325 400 amplexantis,
1349 355 1383 386 id
1411 361 1459 387 est
1485 356 1636 388 luctantis
1661 355 1794 388 sortitus
1819 364 1867 390 est
1893 370 2025 393 nomen,

75 408 195 441 Nullus
221 408 308 442 enim
336 413 402 441 tam
426 406 546 440 audaci
574 416 658 438 voce
685 416 780 438 ausus
814 411 861 437 est
887 406 1067 438 Dominum
1083 403 1102 423 ¹¹
1132 407 1175 439 ad
1204 407 1479 451 dheeptatbnem
1507 407 1644 440 iustitiae
1672 418 1870 452 provocare,
1898 421 1957 444 cur
1992 412 2024 444 in

77 460 175 493 rebus
195 459 346 492 humanis
380 465 412 491 et
438 457 553 491 mundi
580 454 704 489 ὶεῑίυε42
732 462 821 489 tanta
848 469 958 491 rerum
987 463 1173 491 versaretur
1200 458 1376 502 iniquitas?

240 510 301 546 15.
353 510 523 550 Micheas,
556 510 628 552 quis
656 508 730 548 hic,
760 509 810 541 vel
839 510 912 553 quis
939 509 1021 543 iste?

79 562 304 597 mulam-orum
332 562 390 596 illo
419 561 539 600 modo,
568 560 610 593 de
638 572 706 603 quo
719 558 742 576 ⁴⁰
771 561 872 593 lleliu
901 561 980 595 dicit
993 558 1032 594 ⁴³:

1074 507 1338 543 Con11ninatur⁴³
1366 505 1488 542 enim⁴⁴
1517 509 1688 543 Samariae
1715 511 1760 542 ob
1788 509 1958 545 causam⁴⁵
1984 513 2025 545 si-

1070 562 1158 607 Quis
1186 566 1233 595 est
1262 563 1325 594 isle
1351 561 1526 593 involvens
1552 562 1766 595 sententias?

242 614 298 646 16.
352 614 545 658 Sophonias
572 613 748 656 speculum
762 609 799 652 ¹³,
826 613 877 644 vel
906 624 1061 646 arcanum
1086 614 1218 646 Domini
1246 613 1491 656 interpretatur:
1516 618 1690 655 utrumque
1718 614 1760 645 ad
1789 611 2026 657 proplietam⁴⁹

79 665 243 698 convenit.

77 716 132 748 sui
139 712 173 751 ⁵².

294 665 372 710 Ipse
408 666 493 698 enim
529 661 622 697 scit⁵⁰
649 663 801 707 mysteria
829 664 902 697 Dei.

956 664 1057 697 Unde
1092 671 1124 697 et
1166 661 1374 698 Ezechieli5¹
1412 663 1549 697 dicitur:
1592 665 1861 708 Speculatorem
1895 669 1927 698 lc
1959 677 2024 711 po-

227 718 271 750 Et
296 717 373 749 alibi
383 714 422 749 ⁵³:
451 716 529 749 Non
547 715 663 760 jaciet
694 715 863 749 Dominus
889 716 1095 760 quicquam,
1122 717 1187 749 nisi
1214 716 1424 749 revelaverit
1451 716 1561 748 servis
1588 717 1658 749 suis
1682 717 1875 761 prophetis.

246 768 304 803 17.
356 769 484 801 Abdias
509 779 620 799 servus
635 766 778 802 Domini.
815 768 908 800 Sicut
931 768 1017 800 enim
1042 768 1177 811 Moyses·
1205 768 1348 801 famulus
1371 763 1465 799 Dei⁵¹
1490 773 1521 799 et
1548 768 1730 810 Apostolus
1757 779 1868 800 servus=
1893 768 2026 809 Christi,

79 818 123 851 ita
150 815 217 852 et⁵⁵
242 820 302 853 iste
329 820 459 865 legatus
486 819 601 851 missus
627 818 670 851 atl
698 824 814 862 gentes
828 815 852 835 ⁵⁰

79 866 164 903 ri0⁵⁸
190 876 222 904 et
248 872 423 905 servitute:
448 871 526 904 inde
553 882 664 904 servus
691 870 833 902 Domini.

244 923 302 955 18.

79 974 145 1006 ceti
179 974 290 1007 triduo
324 976 394 1008 fuit.

358 924 454 956 lonas
479 923 711 966 interpretatur
739 922 913 962 columba,
948 922 1017 955 sive
1052 922 1178 955 dolens.

878 816 1002 852 videt³⁷
1030 825 1062 852 et
1089 820 1280 864 praedicat,
1314 831 1400 863 quae
1428 818 1622 863 prophetali
1649 819 1754 864 digna
1781 826 1855 852 sunt
1882 821 2027 853 ministe—

1233 922 1402 956 Columba
1428 933 1492 966 pro
1518 922 1663 967 gemitu,
1691 922 1827 965 quando
1856 924 1889 956 in
1916 927 2029 956 ventre

448 975 571 1007 Dolens
600 979 710 1006 autem
740 974 791 1006 vel
828 978 967 1018 propter
991 974 1171 1012 tristitiam,
1206 986 1307 1018 quam
1341 974 1461 1007 habuit
1491 974 1535 1007 de
1566 974 1670 1006 salute
1697 975 1934 1015 Ninivitarum,
1975 974 2029 1007 vel

80 1031 219 1069 propter
247 1026 382 1060 ederam
406 1027 515 1059 subito
544 1031 758 1065 arescentem,
786 1026 877 1059 cuius
906 1026 1101 1059 umbraculo
1129 1027 1305 1071 tegebatur
1333 1032 1448 1059 contra
1473 1026 1550 1058 solis
1577 1025 1744 1059 ardorem.

246 1078 304 1111 19.

357 1079 433 1123 lpse
460 1082 507 1110 est
534 1083 566 1110 et
593 1074 775 1117 Amathiffl,
801 1076 1041 1122 Sareptanae⁶⁰
1068 1078 1188 1110 viduae
1214 1079 1312 1118 tilius,
1335 1084 1371 1111 ut
1390 1078 1506 1110 ludaei
1533 1077 1712 1118 affirmant,
1736 1073 1871 1121 quem⁰¹
1889 1077 2031 1111 resusci-

79 1127 159 1159 tavit
185 1127 318 1169 Helias,
340 1135 445 1162 matre
468 1134 586 1173 postea
614 1128 657 1161 ad
686 1140 762 1162 eum
790 1129 941 1162 dicente:
969 1129 1073 1162 Nunc
1101 1130 1260 1174 cognovi,
1289 1126 1486 1175 quoniam¹⁵²
1513 1130 1567 1162 vir
1594 1130 1665 1162 Dei
1693 1141 1729 1162 es
1755 1133 1802 1171 tu,
1831 1132 1863 1162 et
1886 1129 2030 1162 verbum

78 1177 222 1213 Domini
248 1179 317 1214 ἱιιω
344 1193 404 1214 ore
431 1185 488 1213 luo
514 1191 633 1213 veram
663 1177 753 1215 cstffl.

790 1180 846 1214 01)
857 1177 882 1197 ⁶⁵
909 1180 997 1214 hanc
1019 1192 1150 1213 causam
1180 1182 1288 1225 ipsum
1317 1193 1458 1225 puerum
1473 1177 1497 1197 ¹⁵⁶
1524 1181 1663 1213 Amathi
1691 1177 1890 1214 vocatumffl.
1925 1182 2029 1213 Ama-

79 1230 129 1262 thi
157 1233 243 1265 enim
255 1230 280 1250 ω’
308 1244 347 1265 ex
373 1233 533 1265 Hebraeo
564 1232 596 1263 in
629 1232 776 1275 linguam
805 1232 956 1264 Latinam
968 1229 991 1248 ⁰³¹
1019 1233 1136 1264 veritas
1164 1231 1300 1271 dicitur,
1335 1244 1375 1265 ex
1409 1244 1450 1265 eo
1465 1227 1490 1246 ⁷⁰
1517 1232 1610 1275 quod
1639 1244 1754 1265 verum
1788 1232 1905 1265 Helias
1932 1232 2029 1265 locu-

80 1287 133 1314 tus
160 1289 225 1325 est,
256 1284 330 1327 ine,
357 1285 414 1327 qui
442 1284 613 1316 suscitatus
642 1288 707 1322 est,
743 1283 828 1315 filius
856 1289 1066 1326 nuncupatus
1094 1288 1143 1315 est
1168 1279 1328 1318 veritasfl.

746 1330 771 1349 '12

245 1335 305 1368 20.
359 1335 540 1368 Zacharias
574 1334 733 1366 memoria
804 1334 948 1369 Domini,

1002 1334 1262 1379 Septuagesimo
1295 1334 1380 1366 enim
1415 1345 1501 1366 anno
1539 1334 1751 1367 desolationis
1780 1333 1898 1377 templi
1934 1344 2031 1366 eom-

82 1383 194 1428 pleto,
223 1386 386 1419 Zacharia
408 1385 632 1430 praedicante,
657 1390 859 1418 memoratus
887 1391 935 1418 est
958 1385 1119 1418 Dominus
1147 1387 1267 1429 populi
1295 1382 1390 1426 sulm,
1418 1386 1573 1429 iussuque
1601 1386 1692 1418 Darii
1718 1397 1866 1418 reversus
1891 1390 1939 1418 est
1966 1396 2032 1429 po-

83 1435 182 1480 pulus
209 1438 272 1471 Dei
286 1435 330 1481 ⁷⁴,
359 1444 390 1471 et
414 1433 702 1470 reaedificatum⁷5
730 1442 778 1469 est
805 1442 837 1469 et
851 1434 876 1453 ⁷⁶
904 1437 981 1469 urbs
1009 1442 1042 1470 et
1064 1438 1238 1481 templum.

248 1489 307 1521 21.

360 1490 522 1533 Aggaeus
555 1489 587 1520 in
614 1488 769 1520 Latinum
804 1488 938 1520 festivus
974 1495 1007 1521 et
1040 1488 1144 1521 laetus
1171 1492 1311 1521 resonat.

1364 1488 1576 1520 Destructum
1608 1488 1694 1520 enim
1721 1487 1887 1531 templum
1913 1486 2033 1519 aedifi-

84 1539 227 1573 candum
254 1540 455 1585 prophetat,
483 1545 516 1572 et
542 1544 620 1584 post
647 1539 772 1571 luctum
800 1539 999 1583 captivitatis
1028 1539 1244 1584 regressionis
1271 1539 1430 1571 laetitiam
1458 1538 1640 1583 praedicat.

250 1592 309 1625 22.

362 1590 550 1625 Malachias
576 1591 811 1634 interpretatur
838 1591 977 1636 angelus
1009 1591 1162 1632 Domini,
1197 1591 1231 1623 id
1257 1596 1304 1623 est
1332 1590 1479 1624 nuncius.

1539 1589 1709 1632 Quicquid
1745 1589 1830 1622 enim
1868 1589 2034 1632 loqueba-

82 1644 147 1681 tur,
177 1644 270 1686 quasi
298 1655 317 1676 a
345 1643 490 1676 Domino
516 1648 621 1676 essent
649 1642 815 1683 mandata,
844 1643 888 1675 ita
915 1642 1148 1683 credebantur,
1177 1648 1208 1675 et
1235 1643 1313 1675 inde
1330 1643 1375 1674 ita
1402 1653 1524 1674 nomen
1552 1638 1655 1674 eius⁷³
1676 1641 1899 1686 Septuaginta
1928 1647 2035 1673 trans-

83 1692 229 1727 tulerunt
254 1692 455 1729 dicentesffl:
485 1694 688 1739 Asszanptio
716 1693 813 1727 verbi
839 1694 984 1727 Domini
1009 1705 1117 1740 super
1144 1694 1263 1728 Israel
1289 1694 1324 1727 in
1351 1705 1461 1727 manu
1486 1694 1611 1739 angeli
1638 1693 1720 1726 eius.

85 1791 142 1819 bus
164 1803 178 1820 e
201 1794 288 1822 rebus
310 1795 465 1824 humanis.
489 1811 528 1816 —
551 1795 598 1832 43)
622 1794 678 1824 Vv.
706 1794 918 1822 Comminatur
942 1804 1036 1833 usque

85 1833 125 1862 ad
146 1835 232 1865 finem
256 1838 375 1866 articuli
393 1848 450 1866 om.
476 1838 532 1866 Gu.
553 1841 582 1869 2.
608 1853 650 1860 —-
677 1838 723 1875 44)
748 1839 826 1865 enim
850 1848 906 1867 om.
930 1838 986 1866 Gu.
1008 1840 1034 1868 1.

85 1886 132 1916 pr.
155 1888 200 1908 va.
226 1898 264 1902 —
290 1882 335 1917 4³1)
354 1880 389 1908 ol>
411 1880 491 1907 lzanc
510 1890 639 1908 causam
663 1880 721 1910 Gu.
741 1883 766 1912 1.
789 1896 830 1902 —
851 1879 900 1920 46)
924 1891 980 1918 quo
1003 1879 1038 1908 de

86 1919 136 1948 Ar.
173 1937 215 1942 ——
246 1920 295 1962 47)
315 1922 363 1950 Sic
387 1923 443 1951 Gu.
467 1925 494 1954 1.
523 1933 569 1961 pr.
597 1933 643 1952 va.
674 1922 723 1951 Ar.
747 1921 823 1951 dicit
853 1923 935 1960 vulg.
964 1921 1038 1951 Elia

87 1967 130 1991 est
157 1963 286 1993 dativus.
339 1965 435 1993 Locus
458 1969 502 1993 est
531 1965 593 1995 lob.
617 1967 675 2000 38,
698 1967 727 1996 2.
757 1965 805 1995 Al.
829 1975 879 1993 vv.
903 1967 973 2004 qais
996 1971 1038 1993 est

86 2006 143 2032 iste
164 2007 319 2035 involvens
335 2013 407 2035 sent.
430 2017 489 2035 om.
511 2023 552 2029 —-
574 2010 753 2036 sententiam
775 2019 821 2037 va.
842 2025 883 2030 -—
906 2009 954 2045 48)
972 2018 1039 2046 Spe-

87 2048 160 2076 cula
183 2050 232 2078 Ar.
257 2066 298 2071 —
319 2049 365 2089 49)
390 2049 439 2078 Sic
457 2050 513 2078 Gu.
532 2053 556 2080 1·
575 2053 607 2081 2.
629 2060 675 2078 va.
701 2051 753 2080 Ar.
770 2050 938 2089 prophetas
956 2051 1038 2088 vulg.

90 2106 127 2113 —
152 2094 201 2129 50)
223 2092 272 2121 Sic
296 2093 352 2122 Gu.
372 2096 398 2124 1.
424 2108 460 2113 —
486 2093 555 2130 lpse
571 2109 604 2113 —
624 2094 712 2121 scivit
734 2103 782 2122 va.
799 2110 842 2115 —
867 2093 951 2131 Vulg.
976 2093 1040 2131 Ipsi

148 2135 308 2163 sciunt.-
331 2134 379 2173 51)
403 2135 451 2163 Sic
468 2134 524 2162 Gu.
542 2137 569 2165 1.
585 2137 612 2166 2.
628 2151 667 2156 —
690 2136 776 2174 Vulg.
795 2134 877 2164 unde
900 2135 944 2164 ad
957 2137 1040 2164 Eze-

88 2175 212 2204 chielem
235 2194 277 2200 —
299 2183 324 2205 et
347 2177 392 2205 ml
413 2176 518 2206 Ezcclz.
541 2186 585 2205 va.
631 2177 726 2206 Locus
750 2184 793 2207 est
816 2178 923 2209 Ezech.
941 2180 970 2213 3,
989 2180 1038 2210 17.

88 2234 130 2241 -
151 2219 197 2258 52)
222 2220 307 2257 Vulg.
330 2220 399 2249 add.
423 2219 530 2248 domui
554 2219 665 2255 lsrael,
697 2221 777 2258 quod
801 2232 857 2252 om,
881 2223 939 2250 Gu.
964 2224 990 2251 1.
1007 2224 1037 2252 2.

88 2276 130 2283 —
152 2262 200 2303 53)
223 2264 312 2291 Amos
329 2264 359 2299 3,
375 2265 454 2294 7.—-
471 2263 517 2301 54)
533 2261 583 2289 Sic
598 2262 653 2290 Gu.
664 2265 690 2292 1.
706 2265 897 2300 —samulus
908 2264 1039 2292 Domini

91 2303 151 2333 Gu.
168 2308 198 2337 2.
216 2315 261 2344 pr.
277 2306 326 2335 Ar.
349 2322 390 2327 —
414 2304 500 2341 Vulg.
523 2314 625 2332 servu-5
648 2306 786 2333 Domini.
813 2323 849 2328 —
873 2311 919 2338 55)
942 2312 967 2333 et
984 2306 1039 2334 ad-

89 2345 154 2375 didi
173 2357 188 2376 e
214 2348 270 2378 Gu.
291 2351 317 2378 l.
348 2364 390 2370 —
426 2345 473 2386 56)
496 2346 544 2374 Sic
570 2347 626 2375 Gu.
646 2349 671 2378 1.
695 2365 732 2370 —
769 2348 852 2387 Vulg.
875 2348 920 2378 ad
936 2355 1041 2387 gentes

90 2390 210 2420 missus.
234 2406 274 2413 —
300 2390 348 2428 57)
372 2388 491 2419 videtur
514 2389 550 2418 al.
574 2405 614 2411 —
636 2392 684 2428 58)
706 2401 748 2430 m)
756 2393 845 2420 sterio
867 2392 904 2422 al.
925 2406 968 2414 —
990 2390 1040 2432 59)

1079 1795 1146 1834 Ipse
1171 1794 1299 1823 Amaeln:
1322 1794 1417 1827 Gu.2.
1437 1793 1486 1824 Ar.
1513 1809 1552 1815 —
1578 1794 1680 1831 Ipsam
1698 1804 1829 1831 puerum
1852 1794 1982 1821 Amatlti
1997 1794 2033 1822 al.

1078 1855 1121 1860 —
1143 1838 1188 1867 Al.
1201 1839 1303 1876 ipsum
1316 1837 1503 1866 Amcztlzi.-—-
1528 1835 1573 1874 60)
1591 1836 1639 1864 Sic
1661 1837 1708 1865 Ar.
1725 1837 1781 1864 Gu.
1796 1840 1870 1866 1.-
1885 1839 2035 1874 Sereptene

1082 1881 1137 1909 Gu.
1160 1883 1189 1912 2.
1222 1884 1404 1919 δανεμΐεηαε
1433 1890 1478 1908 va.
1507 1879 1586 1907 Edit.
1613 1889 1657 1917 pr.
1689 1889 1734 1907 va.
1759 1880 1944 1917 Saraplenae
1966 1889 2034 1908 cum

1081 1924 1161 1961 vulg.
1184 1924 1401 1962 Saraptenitae
1416 1922 1489 1951 edjt.
1509 1921 1653 1950 Goth.-
1675 1921 1722 1961 61)
1741 1932 1836 1959 qaam
1859 1922 1928 1950 edit.
1945 1920 2034 1950 Goth.

1083 1981 1120 1987 —
1145 1965 1191 2005 623)
1215 1969 1290 2005 quia
1311 1967 1367 1994 Cu.
1384 1969 1411 1997 2.
1434 1981 1473 1985 ——
1500 1964 1546 2002 63)
1571 1965 1632 1992 Dei
1657 1965 1714 1992 Gu.
1732 1967 1821 1996 2„—
1847 1963 1893 2004 64)
1918 1970 1959 1992 est
1981 1976 2034 1992 ve·

1083 2019 1152 2036 rum
1176 2009 1233 2038 Gu.
1249 2012 1278 2041 2.
1296 2025 1338 2031 —
1352 2010 1464 2036 veritas
1481 2013 1522 2034 est
1545 2007 1582 2035 aL
1598 2023 1639 2029 -—
1662 2008 1800 2035 veritati-s·
1817 2012 1859 2035 cst
1878 2007 1913 2036 al.
1937 2007 2033 2035 Locus

1082 2056 1126 2080 est
1150 2054 1165 2083 1
1192 2052 1262 2089 fleg.
1282 2054 1329 2088 17,
1355 2052 1404 2082 24.
1429 2067 1467 2071 —-
1492 2048 1541 2088 65)
1563 2055 1589 2078 et
1615 2050 1651 2078 ol)
1674 2050 1754 2078 lzanc
1775 2055 1831 2080 etc.
1849 2059 1896 2078 va.
1912 2066 1954 2070 —
1987 2050 2032 2087 66)

1077 2105 1206 2132 puerum
1222 2104 1279 2122 oin.
1293 2094 1330 2124 al.
1355 2111 1390 2115 —
1417 2091 1466 2131 67)
1491 2094 1661 2120 vocitatum.
1676 2094 1724 2122 Ar.
1740 2108 1782 2114 —
1804 2094 1849 2127 68)
1876 2093 1954 2120 enim
1974 2102 2032 2121 om.

1082 2137 1138 2165 Gu.
1159 2140 1185 2168 1.
1208 2153 1249 2158 —
1271 2139 1316 2172 69)
1342 2136 1390 2164 Sic
1414 2136 1472 2164 Gu.
1498 2138 1523 2166 1.
1547 2151 1588 2156 —
1617 2135 1702 2173 Vulg.
1724 2137 1796 2164 Lat.
1819 2135 1896 2172 ling.
1918 2152 1960 2156 —
1983 2136 2029 2168 To)

1082 2179 1167 2216 Vulg.
1184 2185 1210 2207 et
1227 2190 1259 2207 ex
1275 2190 1320 2215 co,
1338 2179 1389 2208 sed
1407 2184 1504 2207 elom.
1524 2178 1581 2207 Gu.
1601 2180 1627 2208 1.
1642 2194 1685 2199 --
1708 2178 1755 2216 71)
1773 2178 1822 2206 Sic
1846 2179 1901 2206 Gn.
1922 2180 1945 2208 1.
1959 2175 2030 2212 (nisi

1082 2222 1164 2260 quod
1181 2228 1207 2250 et
1223 2233 1279 2261 pro
1302 2223 1369 2259 est.)
1386 2237 1426 2242 —
1449 2220 1533 2258 Vulg.
1549 2231 1682 2259 ηιιηειιρ.
1698 2226 1739 2248 est
1755 2222 1901 2248 veritatis.
1921 2233 1963 2239 ·-
1985 2220 2027 2249 72)

1082 2275 1193 2293 memor
1208 2265 1246 2294 al.
1258 2281 1297 2286 —
1314 2264 1480 2303 73)p0pulo
1493 2274 1549 2290 suo
1565 2264 1619 2291 Gu.
1629 2267 1658 2295 2.
1678 2263 1714 2293 al.
1727 2282 1763 2286 —
1775 2264 1924 2301 populum
1938 2268 2029 2286 suum

1083 2307 1120 2336 al.
1139 2323 1177 2329 —-
1202 2305 1250 2346 74)
1265 2308 1327 2336 Dec·
1342 2308 1476 2345 popalus
1499 2306 1554 2334 Gu.
1571 2309 1599 2338 2.
1616 2317 1660 2344 pr.
1679 2317 1724 2336 va.
1741 2323 1775 2327 —
1796 2308 1840 2340 75)
1862 2304 1909 2331 Sic
1926 2302 1980 2330 Gu.
2000 2304 2025 2331 1.

1083 2365 1125 2370 —
1146 2349 1343 2389 reaedificata
1365 2350 1445 2387 vulg.
1472 2367 1509 2372 —-
1541 2349 1590 2387 76)
1621 2354 1648 2377 et
1671 2359 1728 2377 om.
1755 2358 1799 2376 va.
1821 2361 1862 2367 —-
1891 2343 1936 2382 77)
1962 2344 2027 2370 (ίὶιῦ

1084 2402 1190 2421 nomen
1213 2393 1268 2422 Gu.
1285 2395 1314 2423 2.
1340 2410 1376 2414 -
1402 2393 1450 2430 78)
1469 2390 1595 2420 Malach.
1620 2395 1644 2427 1,
1666 2394 1691 2421 1.
