2264 2830
283 509 885 565 PRAEFATIO
965 509 1091 564 Al)
1173 507 1539 563 TOMUM
1615 509 1734 564 ΙΙΙ.

389 666 742 701 FRlDERICUS
788 666 1209 702 LINDEMANNUS
1256 665 1552 701 LECTURIS.
1605 665 1639 699 S.

49 922 182 985 Opera
208 943 318 972 nostra
344 938 376 971 iu
402 937 472 973 hoc
497 939 594 972 tertio
623 939 926 972 Grammaticorum
949 939 1116 972 volumine
1151 939 1321 981 absoluta,
1358 939 1523 982 reliquum
1552 938 1629 979 suit,
1668 942 1703 970 ut
1730 935 1844 982 paucis
1878 946 1982 980 expo-

49 1020 216 1050 neremu5‚
243 1008 324 1051 quid
346 1009 473 1042 consilii
500 1008 532 1041 iu
559 1008 645 1041 libro
673 1008 856 1041 Isidoriauo
886 1008 1018 1041 edendo
1046 1008 1148 1042 secuti
1176 1019 1337 1049 εεςεῐηιις,
1365 1019 1497 1051 quaque
1524 1008 1650 1040 ratione
1677 1006 1709 1039 id
1739 1005 1909 1039 conssilium
1932 1016 1985 1036 as-

50 1078 142 1122 sequi
168 1077 411 1111 studuissemus.
464 1077 571 1122 Igitur
597 1077 740 1122 primum
768 1077 851 1110 nihil
883 1082 1034 1110 notarum
1068 1076 1261 1110 addendum
1297 1077 1500 1118 censuimus,
1535 1076 1593 1108 nisi
1623 1074 1714 1119 quod
1743 1074 1785 1106 ad
1820 1073 1987 1118 potiorem

50 1147 198 1181 lectionis
225 1146 414 1179 varietatem
441 1149 474 1179 et
500 1145 542 1178 ad
571 1146 691 1179 librum
720 1146 965 1179 emendandum
993 1146 1135 1187 faceret,
1170 1146 1205 1178 id
1233 1145 1324 1190 quod
1354 1146 1386 1178 in
1419 1146 1530 1189 primo
1567 1145 1632 1177 iam
1659 1143 1778 1176 horum
1807 1142 1986 1175 Gramma-

51 1216 191 1249 ticorum
218 1215 385 1248 volumine
411 1226 431 1247 a
464 1214 559 1247 nobis
591 1219 788 1248 transactum
817 1227 886 1247 esse
914 1220 1065 1259 aspectus
1099 1215 1209 1248 docet.
1282 1214 1398 1257 ltaque
1439 1213 1644 1246 Priona-icus
1692 1211 1856 1245 l'ilclmus
1894 1208 1985 1251 Ono,

52 1284 91 1318 V.
121 1283 190 1325 Cl.‚
218 1282 415 1316 adiumentis
442 1295 460 1316 a
487 1295 541 1316 me
566 1284 752 1327 procuratis
774 1295 871 1323 usus,
912 1283 1000 1313 solus
1030 1283 1118 1313 omui
1148 1282 1311 1313 Isidorum
1340 1280 1537 1312 emendandi
1572 1279 1708 1324 negotio
1748 1281 1922 1321 suscepte,
1955 1279 1987 1309 et

52 1353 154 1385 libros
182 1352 319 1386 contulit
345 1355 492 1392 veteres,
521 1355 553 1382 et
579 1356 684 1382 totum
711 1350 1005 1393 Etymologiarum
1033 1349 1153 1380 librum
1182 1349 1226 1380 ita
1255 1348 1466 1389 maculavit,
1495 1352 1530 1379 ut
1557 1346 1661 1379 oratio
1688 1345 1789 1390 plane
1812 1345 1876 1376 alia
1902 1354 1989 1377 nunc

54 1424 233 1465 appareat,
270 1422 371 1461 atque
399 1418 478 1450 olim
502 1418 577 1456 suit;
626 1430 643 1450 a
671 1430 724 1450 me
752 1428 830 1449 vero
856 1416 1052 1461 paucissima
1084 1420 1209 1447 tantum
1238 1416 1270 1447 in
1306 1426 1378 1447 eam
1406 1426 1476 1447 rem
1503 1414 1565 1447 sint
1591 1413 1722 1447 collata.
1786 1412 1831 1445 Et
1856 1411 1990 1446 codices

55 1487 207 1532 quidem,
234 1487 351 1529 quibus
377 1492 452 1518 usus
480 1490 527 1518 est
552 1485 673 1518 Editor
700 1484 952 1527 cruditissimus,
979 1484 1124 1529 primum
1152 1482 1404 1517 recensebimus

218 1604 242 1637 1.
297 1603 415 1637 Codex
442 1603 665 1646 Zittavieusis,
692 1604 749 1647 qui
773 1607 954 1636 asservatur
976 1603 1008 1635 in
1034 1601 1240 1635 bibliotheca
1262 1599 1467 1634 Zittaviensis
1492 1599 1628 1633 civitatis
1650 1598 1796 1644 publica.
1850 1597 1880 1630 Is
1907 1597 1991 1629 liber

56 1673 197 1717 scriptus
224 1676 271 1705 est
298 1683 382 1705 auno
412 1671 519 1705 1527.
548 1673 629 1705 feria
655 1673 750 1705 tertia
777 1677 853 1716 post
874 1671 1084 1704 Dominicam
1108 1670 1257 1704 cantate.
1310 1669 1346 1701 In
1374 1669 1440 1701 fine
1465 1668 1538 1701 libri
1565 1667 1649 1701 haec
1675 1671 1848 1711 praeterea
1868 1665 1989 1709 legun-

56 1747 124 1775 tur:
150 1741 398 1774 Ferdinandus
424 1741 568 1774 Primus
593 1741 627 1774 5η
653 1741 864 1774 monasterio
891 1740 1106 1781 ercwnau,
1134 1738 1243 1783 vulgo
1266 1737 1447 1779 Braunau,
1476 1749 1499 1770 α
1534 1735 1750 1769 Γναίἱεῖαυὶα
1778 1733 1990 1778 Sylesz'orum

57 1809 143 1843 urbe
169 1810 202 1843 in
229 1809 411 1843 Bocmiam
446 1821 524 1843 cum
550 1821 612 1843 suo
637 1811 741 1855 regio
769 1821 813 1843 ac
845 1809 1032 1854 splendido
1067 1808 1231 1842 comitatu
1262 1817 1422 1851 porgens
1446 1805 1667 1850 pernoctavit
1695 1807 1727 1836 et
1755 1803 1845 1836 hunc
1876 1812 1992 1847 gran-

60 1878 140 1912 dem
169 1878 323 1912 codicem
357 1878 527 1914 lustravit.
580 1879 631 1912 De
658 1879 849 1920 monacho,
875 1879 932 1922 qui
960 1877 1112 1911 codicem
1141 1875 1350 1919 conscripsit,
1384 1874 1465 1907 nihil
1491 1874 1524 1906 in
1549 1885 1589 1906 eo
1617 1872 1800 1917 reperitur,
1833 1870 1891 1903 nisi
1918 1875 1994 1914 post

61 1946 242 1980 orationem
267 1946 345 1980 Ave
370 1947 496 1981 Maria
526 1952 590 1982 cet.
617 1959 738 1981 nomeu
778 1947 914 1981 ooislai
950 1946 1182 1990 subscriptum.
1256 1943 1371 1977 Plures
1409 1942 1485 1975 libri
1525 1947 1557 1975 et
1592 1941 1796 1986 singulorum
1833 1939 1991 1971 librorum

62 2015 159 2060 plura
186 2015 294 2058 capita
321 2015 453 2058 desunt,
489 2029 507 2049 a
534 2017 641 2050 scriba
668 2017 776 2050 studio
804 2016 932 2049 omissa.
999 2014 1191 2058 Scripturae
1216 2023 1296 2045 vero
1324 2011 1498 2045 character
1524 2015 1571 2044 est
1601 2008 1854 2048 recentissimus‚
1891 2005 1948 2039 sed
1976 2017 1993 2037 e

62 2084 170 2124 libro,
215 2087 250 2114 nt
276 2083 423 2128 videtur,
458 2086 587 2129 optimo
615 2085 799 2130 descriptus
826 2084 990 2124 fideliter,
1031 2093 1133 2126 quum
1160 2081 1218 2114 ubi
1245 2080 1395 2113 librarius
1427 2079 1627 2124 compendia
1654 2076 1818 2112 scribendi
1845 2086 1910 2107 non
1943 2073 1992 2106 in-

64 2151 247 2196 telligeret,
275 2151 391 2184 eadem
419 2153 534 2187 iisdem
561 2154 660 2198 signis
687 2153 876 2195 tradiderit,
905 2151 994 2186 cuius
1021 2151 1067 2184 rei
1094 2151 1192 2195 plura
1219 2150 1250 2182 in
1278 2148 1415 2193 singulis
1441 2148 1523 2182 locis
1549 2152 1622 2180 sunt
1648 2147 1778 2180 indicia.
1849 2144 1925 2185 Qua
1951 2140 1992 2173 de

66 2230 179 2254 caussa
205 2219 402 2263 plerumque
429 2232 503 2255 cum
531 2223 721 2256 melioribus
749 2221 841 2255 libris
860 2221 1029 2255 consentit.
1081 2220 1205 2252 Forma
1233 2217 1305 2251 libri
1334 2222 1379 2250 est
1406 2218 1564 2256 maxima3
1590 2215 1674 2261 sigla
1697 2214 1769 2259 (Z.)
1791 2223 1865 2246 eum
1882 2211 1990 2256 signa-

66 2287 111 2320 vit
134 2287 263 2320 Editor.

118 2363 283 2393 GRAMMAT.
302 2374 369 2394 LAT.
385 2365 433 2393 111.
1549 2353 1591 2374 *l*
