2203 2829
179 93 254 129 266

874 91 1053 127 ISIDORI
1080 92 1264 128 HISPAL.
1290 91 1434 126 EPlSC.

178 188 408 232 ripiunt‚.nec
427 185 588 218 vitabatur
615 184 657 217 ab
686 179 752 216 eis¹
780 184 962 227 pessimum
990 198 1158 230 quemque
1172 186 1376 225 describere,
1404 196 1466 219 nec
1489 183 1686 220 cuiuslibet²
1707 192 1848 232 peccata
1871 200 2048 234 moresque
2076 201 2130 225 re-

178 238 400 285 prehendere.

345 289 378 322 S.
432 288 574 330 Satyrici
603 292 713 318 autem
742 287 896 320 dicuntur
908 286 939 329 ³,

179 343 288 387 copia.

455 236 555 269 Unde
584 241 615 268 et
642 235 721 266 nudi
748 236 949 279 pinguntur,
979 250 1019 271 eo
1048 239 1140 281 quod
1168 250 1230 282 per
1257 250 1313 272 eos
1340 237 1417 270 vitia
1443 237 1574 282 singula
1598 238 1818 273 denudentur.

994 291 1062 322 sive
1090 291 1182 333 quod
1206 290 1296 335 pleni
1323 285 1418 322 ςιιιιι4
1446 290 1536 322 omni
1564 290 1738 332 facundia,
1767 292 1834 325 sive
1862 304 1880 324 a
1902 292 2070 326 saturitate
2098 299 2130 326 et

357 341 406 373 De
432 340 583 383 pluribus
619 339 705 370 enim
733 339 831 371 simul
862 341 960 373 rebus
987 342 1181 384 loquuntur:
1220 353 1276 374 seu
1304 342 1346 373 ab
1382 340 1439 372 illa
1466 341 1579 383 lance,
1615 339 1724 385 quae⁵
1751 343 1885 377 diversis
1914 344 2050 389 frugum
2078 346 2130 378 vel

179 404 357 439 pomorum
385 391 561 435 generibus
588 389 631 422 ad
658 391 784 435 templa
812 393 988 437 gentilium
1014 394 1145 427 solebat
1172 394 1314 433 deferri,
1358 398 1414 426 aut
1441 404 1460 426 a
1489 394 1604 437 satyris
1637 406 1759 428 nomen
1787 392 1958 436 ‹lictu1n⁶,
1996 396 2052 439 qui
2079 396 2129 429 in—

179 441 272 479 ulta⁷
299 444 425 477 habent
453 454 509 482 ea,
547 453 633 485 quae
661 454 722 486 per
749 441 965 477 violentiam8
993 445 1158 479 dicuntur.

344 495 377 527 9.
432 493 579 535 Quidam
608 500 718 527 autem
747 501 869 539 poetae
893 492 1071 543 Theologi
1098 497 1179 532 dieti
1203 501 1292 536 sunt,
1329 495 1484 538 quoniam
1513 496 1556 529 de
1584 496 1646 529 diis
1673 498 1820 531 carmina
1851 498 2027 533 faciebant.

344 546 403 578 10.

459 545 621 579 Officium
649 552 759 578 autem
787 553 908 591 poetae
936 549 967 580 in
996 560 1035 581 eo
1065 556 1129 589 est,
1154 554 1189 582 ut
1217 561 1265 587 ea,
1293 559 1379 590 quae
1398 559 1475 580 vere
1502 553 1597 592 gesta
1620 555 1708 589 sunt,
1736 550 1769 583 in
1791 551 1873 584 alias
1894 550 2023 594 species
2042 550 2130 583 obli-

177 598 250 642 quis
278 598 532 642 figurationibus
560 609 635 631 cum
665 598 788 632 decore
816 600 928 642 aliquo
964 612 1123 634 conversa
1151 600 1350 633 transducat.

1413 598 1512 632 Unde
1541 604 1574 633 et
1608 600 1763 634 Lucanus
1800 599 1904 636 ideo⁹
1931 603 1963 635 in
1991 613 2129 634 numero

177 655 354 695 poetarum
384 661 449 683 non
477 650 628 693 ponitur,
655 651 732 693 quia
760 651 890 684 videtur
918 651 1068 685 historias
1082 650 1104 668 ¹⁰
1127 651 1371 695 composuisse,
1400 662 1466 683 non
1492 662 1626 694 poema.

343 701 401 736 ll.

177 753 303 796 quitur,
331 758 367 785 ut
395 759 442 785 est
469 754 499 785 in
527 754 619 785 libris
649 754 780 798 Virgilii
807 755 1066 799 Georgicorum.

177 861 280 900 poeta
307 856 378 890 illic
406 861 438 889 et
458 856 665 890 introductae
691 869 853 901 personae
881 859 1071 902 loquuntur.

727 943 755 978 C
783 946 813 978 A
841 945 878 978 Ρ.
933 945 1023 978 Vlll.

1104 945 1185 979 De

346 1009 377 1041 l.
431 1010 582 1054 Sibyllae
610 1013 810 1055 generaliter
837 1013 947 1047 dictae
963 1011 984 1031 ¹⁷
1021 1026 1135 1046 omnes
1161 1014 1328 1047 foeminae
1357 1018 1446 1045 vates
1474 1013 1587 1057 lingua
1616 1013 1759 1046 Graeca.

177 1061 244 1094 lico
272 1072 425 1095 sermone
452 1060 614 1102 Deumffi,
650 1061 784 1110 ρόυλήν
813 1065 937 1098 Graeci
968 1072 1111 1098 mentem
1141 1071 1260 1098 vocant
1274 1062 1312 1104 ¹³,
1341 1065 1432 1107 (luasi
1455 1064 1517 1097 Dei
1544 1069 1699 1097 mentem.

454 702 557 746 Apud
588 707 702 745 poetas
730 708 839 734 autem
864 708 929 735 tres
957 704 1166 738 characteres
1195 700 1296 736 esse¹¹
1325 703 1475 742 dicendi,
1505 714 1624 744 unum,
1652 704 1683 736 in
1710 716 1778 748 quo
1806 710 1932 737 tantum
1953 709 2054 748 poeta
2076 705 2128 737 lo-

1120 757 1233 789 Alium
1247 752 1269 771 ¹³
1297 754 1534 794 dranmficum,
1562 755 1593 787 in
1621 767 1688 798 quo
1716 768 1883 800 nunquam
1896 753 1919 772 ¹³
1945 762 2047 800 poeta
2075 756 2128 788 lo-

177 805 304 848 quitur,
335 810 371 837 ut
399 810 446 838 est
473 805 505 836 in
534 805 624 837 libris
640 802 662 822 Η
697 805 889 839 Comoediis
925 813 957 839 et
983 808 1195 852 Tragoedus.

1249 807 1401 840 Tertium
1430 803 1623 847 mixtumffi,
1660 812 1694 840 ut
1710 804 1732 824 ¹⁶
1763 809 1794 840 in
1822 809 1981 842 Aeneide.
2043 808 2128 840 Nam

1239 944 1571 988 Sibyllis.

1814 1015 1899 1048 Nam
1929 1011 2002 1053 σιός
2030 1014 2127 1046 Aeo-

1754 1065 1900 1098 Proinde
1927 1066 2037 1110 igitur,
2052 1066 2129 1108 quia

176 1112 320 1146 divinam
352 1113 555 1146 voluntatem
584 1114 775 1148 hominibus
804 1116 1013 1160 interpretari
1041 1118 1212 1156 solebant,
1249 1117 1399 1160 Sibyllae
1427 1117 1615 1148 nominatae
1648 1121 1730 1149 sunt.

342 1164 375 1196 2.
430 1165 522 1197 Sicut
550 1166 635 1197 enim
665 1167 770 1198 omnis
799 1169 848 1199 vir
876 1168 1085 1212 prophetans
1111 1170 1163 1201 vel
1192 1174 1281 1200 vates
1311 1169 1448 1207 dicitur,
1477 1168 1528 1199 vel
1559 1167 1747 1211 propheta,
1775 1169 1820 1200 ita
1848 1169 1953 1200 omnis
1983 1168 2129 1200 foemina

176 1215 385 1259 prophetans
419 1216 548 1258 Sibylla
585 1223 731 1250 vocatur.

786 1218 888 1258 Quod
918 1231 1039 1251 nomen
1067 1231 1106 1252 ex
1135 1220 1266 1259 osticio,
1295 1231 1360 1251 non
1389 1230 1428 1251 ex
1456 1220 1661 1262 proprietate
1685 1219 1841 1252 vocabuli
1869 1226 1925 1251 est.

342 1266 375 1299 3.
430 1266 552 1299 Decem
581 1273 692 1300 autem
719 1268 871 1312 Sibyllae
905 1282 923 1301 a
959 1270 1155 1303 doctissimis
1191 1268 1416 1303 auctoribus&
1453 1270 1549 1302 tuisse
1583 1267 1810 1311 traduntur²¹‚
1849 1282 1987 1314 quarum
2020 1271 2128 1314 prima

176 1316 220 1349 de
247 1317 353 1349 Persis
380 1317 460 1357 fuit,
498 1319 645 1351 secunda
672 1318 852 1362 Libycaffl,
882 1322 975 1354 tertia
1003 1322 1170 1366 Delphica
1200 1323 1231 1354 in
1260 1322 1389 1365 templo
1424 1318 1623 1365 Apollinis²³³
1652 1322 1783 1365 genita,
1811 1334 1898 1365 quae
1932 1328 2007 1354 ante
2033 1322 2124 1355 Tro-

176 1369 249 1402 iana
276 1369 368 1402 bella
391 1369 564 1402 vaticinata
591 1376 658 1411 est,
686 1370 853 1414 eiusque²¹
884 1374 1045 1416 plurimos
1077 1386 1187 1406 versus
1215 1374 1309 1417 operi
1342 1385 1401 1406 suo
1429 1373 1598 1407 Homerus
1625 1373 1770 1406 inseruit.

341 1421 375 1453 4.
431 1422 559 1461 Quarta
587 1422 768 1455 Cimmeria
805 1425 836 1456 in
865 1425 976 1465 ltalia,
1018 1427 1129 1468 quinta

1165 1425 1352 1469 Erythraea
1388 1426 1522 1458 nomine
1554 1425 1734 1469 Erophyla
1768 1425 1799 1457 in
1833 1423 2011 1467 Babylone
2045 1430 2128 1462 orta,

176 1481 263 1512 quae
296 1471 436 1505 Graecis
473 1473 569 1505 llium
596 1475 787 1517 petentibus
817 1477 991 1509 vaticinata
1022 1484 1069 1509 est
1097 1478 1277 1521 perituram
1307 1489 1376 1509 esse
1390 1474 1414 1493 '²⁷'
1449 1477 1610 1515 Troiam,
1648 1473 1782 1520 atque²⁰
1817 1476 2006 1509 Homerum
2035 1487 2128 1509 men-

177 1521 273 1554 dacia
299 1524 499 1567 scripturum
511 1521 545 1559 ²⁷.

601 1525 698 1559 Dicta
728 1531 836 1558 autem
873 1528 1079 1571 Erythraea,
1116 1529 1191 1571 quia
1226 1529 1257 1560 in
1293 1528 1410 1560 eadem
1447 1528 1552 1560 insula
1589 1528 1656 1560 eius
1692 1529 1822 1560 inventa
1858 1533 1930 1560 sunt
1966 1528 2128 1560 carmina:

176 1579 264 1606 sexta
291 1575 420 1616 Samia,
449 1587 534 1618 quae
562 1575 795 1610 Phemonoe²⁵
822 1578 913 1612 dicta
941 1585 989 1612 est
1016 1591 1034 1612 a
1062 1582 1165 1613 Samo
1193 1579 1315 1618 insuta,
1344 1579 1432 1611 unde
1458 1579 1520 1611 suit
1548 1581 1793 1623 cognominata.

343 1626 357 1634 -r

178 1676 294 1718 quibus
322 1683 414 1711 erant
442 1678 576 1711 decreta
605 1681 758 1713 Romana
782 1683 970 1726 conscripta
983 1680 1018 1716 ²¹¹.

341 1635 375 1660 o.
428 1627 580 1670 Septima
608 1628 775 1668 Cumana,
803 1631 935 1663 nomine
964 1631 1161 1673 Amalthea,
1189 1643 1274 1674 quae
1302 1642 1422 1663 novem
1450 1630 1552 1662 libros
1577 1631 1683 1663 attulit
1717 1630 1901 1672 Tarquinio
1936 1630 2070 1670 Prisco,
2095 1630 2128 1662 in

1075 1684 1151 1727 lpsa
1178 1690 1226 1715 est
1252 1688 1284 1715 et
1311 1682 1477 1722 Cumaea,
1505 1681 1548 1714 de
1574 1693 1640 1724 qua
1669 1682 1828 1726 Virgilius
1841 1678 1879 1714 ³⁰:

410 1729 543 1762 Ullima
576 1731 722 1764 (unuani
751 1734 840 1766 reni!
868 1735 939 1766 iam
969 1736 1135 1767 carnibus
1163 1739 1273 1767 (alas.

180 1777 275 1809 Dicta
287 1774 309 1795 ³¹
338 1779 487 1813 Cumana
515 1794 534 1814 a
562 1783 693 1816 civitate
715 1783 890 1826 Cumas³²‚
925 1797 1011 1829 quae
1039 1792 1087 1819 est
1113 1787 1144 1819 in
1174 1786 1376 1830 Campania,
1412 1784 1503 1817 cuius
1534 1784 1752 1828 sepulchrum
1779 1785 1812 1815 in
1840 1783 1951 1817 Sicilia
1980 1779 2127 1816 adhuc³³

180 1834 298 1860 manet.

267 1907 291 1937 1)
315 1904 363 1933 Sic
386 1906 443 1934 Gu.
470 1910 498 1937 1.
522 1922 560 1930 -—
584 1908 671 1947 Vulg.
696 1911 856 1939 vetabatur
877 1913 928 1940 cis.
947 1927 989 1935 —-
1013 1913 1132 1942 vitaba-

181 1951 232 1973 tur
254 1947 296 1973 eis
319 1947 356 1976 al.
382 1964 420 1969 —-
453 1947 484 1987 Ξ)
506 1951 627 1979 cuilibet
651 1954 705 1981 Gu.
732 1956 761 1984 2.
785 1954 822 1982 al.
846 1970 882 1975 —
906 1952 939 1995 3)
962 1955 1011 1983 Sic
1034 1958 1089 1984 (Συ.
1108 1959 1132 1986 1.

181 2004 221 2010 —
246 1988 334 2026 Vulg.
358 1988 442 2017 ‹la-ci.
464 2006 507 2012 —-
539 1997 565 2025 4)
590 1995 638 2023 Sic
665 1997 722 2025 Gu.
742 1999 768 2026 1,
785 2013 826 2019 -
848 1998 911 2026 sint
937 1998 1016 2035 vulg.
1037 2015 1079 2020 —
1102 2002 1132 2033 5)

183 2030 269 2068 Vulg.
299 2031 366 2060 add.
390 2033 500 2070 plena,
544 2037 625 2073 quod
650 2048 707 2066 om.
740 2039 798 2067 Gu.
819 2043 847 2070 1.
879 2057 919 2062 -—
949 2046 977 2075 o)
998 2046 1130 2070 tractum

182 2073 240 2102 Gu.
260 2076 289 2104 2.
313 2084 359 2112 pr.
382 2084 430 2103 va.
452 2091 494 2098 --
516 2079 544 2112 7)
568 2079 617 2106 Sic
642 2080 699 2108 Gu.
723 2083 750 2112 2.
774 2091 819 2111 va.
844 2082 892 2112 Ar.
919 2099 958 2105 r·
979 2084 1010 2111 in
1035 2085 1131 2111 mullo

183 2116 241 2144 Gu.
261 2119 288 2147 1.
308 2134 345 2139 -—
365 2118 465 2146 mulla
479 2119 559 2156 vulg.
580 2136 617 2144 ·—-
642 2124 672 2157 ὅ)
689 2134 764 2160 prae
789 2125 932 2153 uiolentia
948 2125 984 2153 al.
1002 2138 1132 2165 ——lJtue

181 2159 350 2187 vinolentia
381 2160 418 2188 al.
448 2176 489 2182 --·
511 2172 566 2199 per
596 2165 794 2193 vinolentiam
827 2178 873 2205 pr.
899 2177 944 2197 va.
988 2168 1037 2198 Ar.
1067 2179 1130 2200 var.

183 2201 250 2229 lect.
272 2212 317 2240 ap.
342 2201 449 2238 Goth„
472 2213 548 2241 quae
571 2205 693 2236 exhibet
718 2207 897 2237 distribuere
920 2209 1070 2240 dicuntur.
1090 2229 1132 2235 —-

183 2242 214 2281 9)
236 2243 301 2272 ideo
325 2255 383 2273 om.
408 2244 478 2273 edit.
507 2246 597 2276 Goth.
627 2267 666 2271 ——
698 2252 744 2286 10)
767 2251 930 2280 ln'sloriam
952 2252 1000 2282 Ar.
1023 2271 1064 2276 --
1089 2256 1132 2291 11)

184 2285 233 2313 Sic
252 2286 308 2316 Gu.
326 2289 352 2317 1.
364 2289 394 2317 2.
410 2288 446 2316 al.
461 2298 506 2326 pr.
523 2299 568 2320 va.
591 2300 673 2329 seqq.
695 2302 794 2321 accus.
818 2305 913 2322 ιιηιιηι
934 2300 988 2324 etc.
1004 2312 1045 2319 --
1061 2303 1132 2325 sunt

184 2328 264 2367 vulg.
288 2333 316 2357 et
339 2340 433 2357 unum
455 2336 511 2360 etc.
536 2349 574 2353 —
600 2333 643 2371 12)
660 2334 752 2362 aliud
773 2337 827 2363 Gu⁴
847 2340 874 2368 2.
891 2347 936 2364 va.
955 2354 997 2359 -—-
1021 2339 1065 2379 13)
1083 2340 1133 2368 Sic

186 2370 288 2402 Gu.1.
312 2388 348 2393 -—
373 2383 524 2411 nusquam
546 2375 626 2414 vulg.
655 2394 692 2398 -—
722 2376 766 2416 14)
793 2379 881 2406 libri-s
905 2379 1005 2408 addidi
1031 2392 1045 2409 e
1076 2383 1132 2411 Gu-

1178 1915 1207 1944 1.
1230 1928 1273 1935 --
1301 1910 1345 1951 15)
1376 1911 1507 1941 Tertium
1529 1912 1658 1939 nzixtum
1680 1915 1723 1938 cst
1748 1910 1804 1939 Gu.
1825 1913 1851 1940 1.
1866 1911 1904 1940 al.
1927 1927 1965 1932 —-
1995 1911 2127 1939 Tertium

1175 1966 1266 1985 cenom
1290 1956 1416 1984 mixtum
1439 1963 1485 1983 va.
1514 1970 1553 1975 -—
1592 1953 1634 1992 16)
1659 1952 1745 1991 Vulg.
1774 1958 1808 1981 ιιι
1831 1958 1890 1990 est,
1923 1953 1977 1984 sed
2004 1958 2047 1980 est
2069 1962 2126 1983 otu.

1175 1999 1233 2028 Gu.
1254 2001 1279 2029 1.
1303 2013 1346 2020 —-·
1375 1997 1419 2034 17)
1442 1996 1493 2025 Sic
1515 1996 1569 2026 Gu.
1588 1999 1613 2028 1.
1627 2012 1669 2018 -—
1690 1995 1836 2024 dicatum·
1857 1996 1939 2034 vulg.
1962 2012 2005 2017 —
2026 2006 2127 2024 omne-⁵·

1168 2043 1244 2079 sem.
1266 2039 1412 2069 <licuntur
1440 2040 1471 2068 Ζ.
1500 2055 1542 2061 -
1575 2037 1622 2079 13)
1649 2040 1735 2067 Dela-s·
1757 2039 1791 2069 Z.
1815 2040 1870 2068 Gu.
1894 2041 1920 2070 1.
1945 2048 1991 2076 pr.
2015 2048 2061 2068 va.
2084 2053 2126 2060 --

1177 2086 1221 2120 19)
1246 2083 1294 2113 Sic
1317 2084 1372 2112 Gu.
1398 2085 1424 2114 1.
1450 2098 1492 2103 -
1514 2088 1694 2120 nuncupant
1714 2082 1793 2119 vulg.
1817 2096 1857 2102 —
1879 2078 1927 2119 ΞΟ)
1951 2080 2126 2110 doctoribus

1176 2127 1235 2155 Gu.
1254 2129 1281 2157 1.
1309 2141 1351 2148 -—-
1382 2122 1430 2163 21)
1453 2125 1501 2152 Sic
1526 2125 1554 2153 Z.
1580 2126 1636 2153 Gu.
1655 2127 1681 2156 1.
1697 2127 1728 2157 2.
1746 2134 1790 2163 pr.
1811 2133 1858 2151 va.
1873 2139 1910 2144 —
1936 2123 2022 2161 Vulg.
2046 2123 2125 2153 trad.

1165 2170 1279 2206 fuisse.
1303 2185 1344 2189 —
1366 2165 1412 2207 92)
1435 2167 1568 2204 lab-msa
1592 2167 1640 2196 Ar.
1666 2183 1703 2189 —
1728 2165 1773 2204 23)
1794 2165 1881 2203 Vulg.
1896 2167 2042 2204 Delphici
2052 2165 2124 2204 Ap„

1174 2211 1225 2240 sed
1247 2210 1392 2248 Delphica·
1414 2220 1470 2238 om.
1496 2211 1552 2239 Gn.
1580 2213 1605 2241 1.
1626 2225 1668 2232 —
1695 2208 1810 2246 Delpln·
1828 2209 1860 2237 Z.
1891 2209 1947 2238 Gu.
1968 2212 1995 2242 2.
2017 2218 2065 2249 pr.
2083 2224 2125 2230 —

1174 2255 1221 2291 24)
1237 2255 1328 2282 cuius
1351 2255 1384 2282 Z.
1408 2253 1463 2281 Gu.
1478 2256 1506 2284 2.
1521 2269 1562 2275 -
1585 2255 1629 2289 25)
1653 2264 1713 2281 esse
1735 2262 1794 2283 om.
1812 2252 1843 2279 Z.
1863 2268 1905 2273 --
1928 2254 1974 2287 26)
1997 2252 2046 2280 Sic
2069 2250 2125 2280 Gu.

1178 2299 1204 2327 1.
1224 2312 1259 2317 —
1290 2302 1316 2323 εἰ
1340 2296 1419 2333 vulg.
1443 2311 1485 2318 -
1522 2295 1568 2336 27)
1598 2306 1658 2324 esse
1680 2296 1782 2332 script.
1805 2294 1836 2324 Z.
1870 2311 1906 2316 —-
1946 2297 1992 2332 23)
2019 2294 2068 2322 Sic
2091 2294 2124 2322 Ζ.

1175 2339 1231 2367 Gu.
1250 2342 1277 2370 1.
1290 2341 1318 2369 2.
1342 2349 1386 2376 pr.
1404 2348 1449 2367 va.
1467 2337 1517 2367 Ar.
1531 2355 1565 2359 —
1594 2340 1753 2366 Samonote
1774 2337 1855 2375 vulg.
1877 2352 1919 2358 --
1947 2339 1992 2374 29)
2009 2342 2125 2374 scrzpta

1175 2382 1213 2410 al.
1236 2397 1278 2402 —
1299 2383 1346 2417 30)
1364 2381 1465 2419 Eclog.
1487 2380 1536 2417 lV,
1555 2380 1582 2410 4.
1599 2398 1638 2403 —
1661 2382 1707 2418 31)
1724 2385 1824 2408 autem
1847 2379 1915 2408 add.
1938 2378 2124 2419 vulg.,quod
