2203 2829
185 80 256 115 102

349 171 383 205 4.
436 165 535 203 Hoc¹
568 168 674 202 solum
704 168 937 212 oppositorum
964 162 1095 214 genus²
1125 166 1170 200 ad
1203 177 1239 200 se
1271 165 1422 200 refertur.

186 226 291 260 minus
327 218 513 257 referatur⁴
552 226 584 253 et
624 220 780 264 simplum
814 220 874 253 nisi
914 220 958 253 ad
998 219 1141 264 duplum
1155 215 1176 252 ⁵.

870 72 1047 109 ISIDORI
1080 70 1262 106 HISPAL.
1295 69 1440 106 EPISC.

1482 164 1560 198 Non
1594 170 1643 199 est
1678 161 1789 198 enim³
1823 165 1944 209 maim,
1991 168 2050 201 nisi
2083 169 2128 203 ad

1253 218 1341 251 Nam
1378 216 1551 250 relativum
1584 214 1745 250 relativo⁶
1778 216 1822 250 ita
1855 219 2055 262 opponitur,
2092 227 2129 254 ut

186 278 255 312 hoc
279 277 405 321 ipsum,
434 272 526 317 qnod
553 273 748 317 opponitur,
782 277 838 305 aut
871 268 960 305 eius⁷
996 273 1054 312 sit,
1090 271 1144 305 cui
1177 270 1377 314 opponitur,
1423 273 1477 301 aut
1510 269 1554 302 ad
1595 269 1629 302 id
1664 280 1865 312 quocunque
1899 270 2003 303 modo
2038 272 2129 305 refe-

186 335 276 364 ratur
287 329 311 363 ὅ.

187 383 256 416 eius
278 381 334 421 sit,
362 378 415 413 cui
436 375 627 421 opponitur.

361 325 545 360 Dimidium
573 323 659 356 enim
696 324 878 368 opponitur
905 324 1031 368 duplo,
1061 323 1195 367 eiusque
1219 322 1316 366 dupli
1349 320 1498 354 medium
1525 325 1589 363 est,
1622 320 1681 354 sed
1708 321 1752 354 ita
1778 321 1825 354 illi
1852 322 2052 366 opponitur,
2093 329 2128 357 ut

352 453 385 487 5.
439 453 496 486 Sic
519 456 550 485 et
576 461 717 496 parvum
745 448 952 497 opponitur⁹
978 462 1124 497 magno,
1164 451 1209 483 ita
1227 455 1263 483 ut
1289 450 1398 494 ipsum
1421 459 1560 493 parvum
1577 448 1621 481 ad
1648 460 1827 494 magnum,
1855 451 1908 484 cui
1934 452 2128 495 opponitur,

187 512 226 542 sit
253 517 403 553 parvum,

457 504 542 537 Nam
570 503 740 549 superiora
766 515 853 547 quae
885 503 1039 536 dicuntur
1051 500 1074 520 ¹⁰
1101 502 1282 544 contraria,
1322 501 1367 533 ita
1392 500 1453 533 sibi
1481 506 1713 544 opponuntur,
1755 508 1792 535 ut
1819 513 1934 535 eorum
1962 513 2028 536 non
2055 504 2128 545 sint,

186 561 304 603 quibus
328 560 545 602 opponuntur
555 551 596 598 ¹¹,
623 566 685 588 nec
705 555 748 588 ad
776 567 814 589 ea
842 565 1043 599 quocunque
1070 554 1175 587 modo
1190 555 1392 592 referantur,
1420 548 1618 595 siquidem'2
1644 553 1795 596 iniquitas
1822 554 1963 588 iustitiae
1984 555 2029 588 ita
2045 566 2129 590 con-

185 607 314 644 traria13
342 614 409 651 est,
438 612 473 641 ut
499 618 565 640 non
593 607 741 640 eiusdem
768 607 908 641 iustitiae
929 607 1080 650 iniquitas
1102 607 1158 647 sit,
1187 611 1242 639 aut
1269 605 1313 638 ad
1340 605 1432 636 illam
1459 605 1497 636 sit
1523 603 1684 647 iniquitas.

349 684 383 718 6.
434 683 586 717 Tertium
613 695 719 729 genus
747 689 794 717 est
821 685 1051 729 oppositorum
1066 680 1090 701 ¹⁴
1114 682 1249 716 habitus
1275 683 1328 716 vel
1361 681 1499 714 orbatio.

184 751 259 773 uem
287 742 400 776 vocat,
428 748 495 780 qua
508 732 531 753 ¹5
559 736 701 769 ostendit
727 736 851 779 aliquid
879 736 1071 781 quempiam
1088 734 1260 776 habuisse,
1288 734 1377 767 unde
1403 733 1550 778 privatus
1578 738 1634 769 est,

184 802 324 835 quarum
353 789 461 834 prima
489 792 536 820 est
560 788 593 820 in
620 799 674 829 re,
701 788 847 822 secunda
874 789 907 821 in
934 788 1030 828 loco,
1066 787 1161 820 tertia
1187 788 1221 819 in
1247 791 1401 831 tempore
1427 796 1589 830 congruo.

184 844 222 876 ln
249 843 343 879 loco,
372 845 406 874 ut
433 839 599 873 caecitatis
627 845 659 872 et
685 840 817 872 visionis
850 841 882 872 in
921 835 1063 873 oculis¹⁶
1098 839 1193 873 locus
1221 844 1279 871 est.

185 890 360 933 fantemff,
388 893 456 925 sine
484 891 637 924 dentibus
648 887 671 907 ¹⁸
702 903 797 932 eum,
832 892 885 925 cui
909 891 1025 925 dentes
1052 888 1174 924 aetas¹⁹
1209 889 1323 924 adhuc
1353 900 1458 934 parva
1485 888 1630 934 negavit.

185 946 352 985 (lentibus,
384 954 468 987 quos
496 943 644 976 nondum
673 942 799 976 habuit.

1551 680 1655 722 Quod
1688 692 1794 726 genus
1820 681 1941 716 Cicero
1968 683 2129 727 privatio-

1687 733 1789 767 Cuius
1809 734 1936 778 species
1954 739 2027 768 sunt
2046 740 2129 769 tres:

1644 783 1684 818 In
1711 797 1763 829 re,
1791 791 1825 818 nt
1851 786 2010 827 caecitas,
2037 787 2128 820 visio.

1333 838 1369 870 ln
1397 842 1550 882 tempore
1578 847 1750 882 congruo,
1786 842 1820 870 ut
1848 849 1913 871 non
1942 838 2054 872 (licere
2077 840 2129 871 in-

1683 889 1759 921 Non
1787 889 1875 922 enim
1909 897 1957 924 est
1982 891 2129 934 privatus

350 1020 383 1053 7.
437 1019 602 1061 Quartum
630 1031 709 1053 vero
737 1030 843 1065 genus
870 1030 909 1052 ex
921 1015 946 1036 ²⁰
980 1018 1233 1052 confirmatione
1264 1023 1296 1051 et
1322 1018 1502 1062 negatione
1529 1017 1729 1061 opponitur,
1764 1022 1798 1050 ut
1830 1016 1986 1051 Socrates
2013 1019 2129 1063 (lispu-

186 1079 248 1111 tat„
275 1072 430 1106 Socrates
458 1083 524 1104 non
551 1071 707 1116 disputat.

184 1129 274 1165 sunt,
302 1123 389 1157 haec
416 1124 476 1156 nisi
504 1134 653 1157 connexe
680 1123 746 1156 dici
772 1134 838 1156 non
858 1128 1005 1167 possunt.

760 1072 858 1105 Haec
884 1083 903 1103 a
924 1071 1148 1115 superioribus
1176 1066 1287 1103 ideo²¹
1316 1066 1476 1110 differt²²‚
1503 1069 1596 1112 quod
1624 1070 1680 1101 illa
1701 1069 1893 1113 singillatim
1904 1066 1928 1086 ²³
1956 1070 2022 1104 dici
2050 1082 2126 1115 pos-

1058 1122 1162 1164 Quod
1190 1133 1296 1167 genus
1323 1126 1477 1164 quartum
1504 1121 1595 1165 apud
1624 1120 1825 1154 Dialecticos
1857 1121 1998 1156 multum
2025 1121 2131 1156 habet

184 1176 394 1217 conflictum5
422 1180 454 1208 et
481 1175 671 1220 appellatur
701 1175 743 1207 ab
771 1175 816 1207 eis
841 1174 940 1207 valde
968 1174 1179 1219 oppositum,
1209 1173 1374 1217 siquidem
1402 1178 1434 1205 et
1460 1173 1594 1206 tertium
1621 1184 1687 1205 non
1714 1173 1844 1217 recipit.

350 1251 384 1285 8.
437 1252 524 1285 Nam
541 1263 580 1284 ex
595 1251 657 1283 illis
683 1250 850 1294 quaedam
862 1247 886 1267 ²⁴
908 1250 1035 1283 habere
1056 1250 1190 1283 tertium
1217 1255 1364 1293 possunt,
1392 1249 1479 1282 utin
1506 1249 1695 1289 contrariis,
1722 1249 1902 1283 candidum
1929 1255 1961 1282 et
1988 1250 2129 1294 nigrum.

185 1305 334 1338 Tertium
361 1304 428 1337 eius
452 1315 514 1338 nec
541 1302 722 1337 candidum
751 1313 813 1336 nec
835 1302 985 1347 nigrum,
1012 1301 1071 1335 sed
1094 1302 1225 1335 fuscum
1251 1301 1303 1333 vel
1331 1300 1506 1344 pallidum.

726 1365 788 1388 nec
816 1354 921 1387 multa
948 1364 1010 1387 nec
1037 1364 1163 1398 pauca,
1191 1352 1248 1385 sed
1277 1352 1470 1386 mediocria.

520 1406 673 1439 Tertium
702 1407 787 1447 eius,
815 1418 877 1441 nec
904 1406 1065 1447 caecitas,
1093 1416 1155 1438 nec
1182 1404 1282 1443 visio,
1323 1403 1381 1437 sed
1415 1403 1595 1448 lippitudo.

186 1362 217 1389 et
244 1367 361 1400 pauca.
415 1355 568 1388 Tertium
597 1350 699 1387 εἰιιε25

186 1408 232 1439 sio
261 1413 292 1440 et
319 1407 467 1440 caecitas.

187 1458 254 1503 git:
282 1458 413 1490 tertium
443 1469 508 1490 non
519 1455 543 1476 ²⁰
570 1457 684 1491 habet.

275 1784 306 1826 1)
331 1785 378 1813 Sic
398 1786 456 1814 Gu.
476 1787 501 1816 1.
520 1795 566 1815 va.
591 1803 628 1808 -—-
653 1788 775 1814 Ilorum
790 1787 870 1824 vulg.
893 1803 932 1807 -—
963 1787 994 1822 9)
1017 1787 1139 1813 tertium

188 1838 289 1870 genu-5
310 1828 367 1857 Gu.
386 1830 414 1858 2.
435 1844 469 1848 —
496 1826 526 1867 3)
549 1829 597 1856 Sic
621 1829 676 1859 Gu.
692 1832 718 1861 1.
737 1847 775 1851 —
800 1829 879 1865 vulg.
902 1839 961 1856 non
984 1830 1063 1856 enim
1088 1834 1139 1857 cst.

190 1887 230 1892 —
252 1881 310 1899 non
342 1872 420 1898 enim
445 1872 519 1898 inest
543 1873 646 1899 maius
672 1872 707 1900 al.
729 1888 771 1895 ——
800 1872 828 1910 4)
853 1872 901 1900 sic
931 1872 986 1900 Gn.
1006 1873 1078 1903 1-2.
1094 1882 1140 1910 pr.

191 1922 240 1942 va.
266 1930 303 1934 —-
328 1914 478 1949 referatur
502 1913 546 1940 cal
567 1916 668 1942 minas
691 1915 771 1952 vulg.
796 1932 834 1937 -—
871 1913 900 1951 5)
928 1913 1013 1952 Vulg.
1043 1914 1139 1952 sequi-

192 1960 242 1984 tur
257 1961 314 1983 aut
334 1957 407 1991 eiu-s»,
432 1957 483 1983 cuc⁴
500 1959 671 1994 opponitur,
693 1968 768 1996 quae
784 1968 839 1986 orn.
859 1957 916 1985 Gu.
936 1960 961 1988 1.
976 1972 1019 1979 --
1040 1958 1142 1994 ipsum

194 1997 277 2036 quod
293 2000 458 2036 opponitur
471 1998 519 2025 lzis
534 2009 590 2037 pro
611 2000 689 2037 vulg.
712 1999 833 2029 exhibet
853 2000 910 2028 Gu.
924 2003 953 2032 2.
970 2009 1017 2027 va.
1041 2015 1082 2022 ·-
1113 1997 1142 2038 6)

193 2042 253 2079 ιῬὁί
268 2041 318 2068 rel.
340 2041 377 2070 al.
395 2052 440 2080 pr.
458 2044 535 2079 (ipso
555 2047 587 2070 ut
603 2040 662 2082 νε.)
683 2058 725 2065 —
747 2043 794 2070 rel
810 2043 895 2071 relat.
911 2042 947 2070 al.
970 2058 1010 2063 —
1035 2052 1144 2079 oppon.

194 2093 239 2122 pr.
263 2099 304 2104 —
326 2084 357 2119 7)
381 2086 407 2111 a·
433 2084 529 2115 Gu.1.
552 2100 593 2106 ·—
625 2084 652 2124 8)
676 2087 733 2121 sit,
763 2087 814 2112 cui
835 2087 996 2123 oponitur,
1024 2090 1079 2112 aut
1103 2083 1146 2111 aael

194 2124 230 2153 id
244 2136 300 2155 om.
317 2125 416 2157 (hl-1·
441 2142 478 2148 —
503 2126 544 2153 sit
561 2137 617 2154 om.
642 2128 698 2156 Gu.
715 2129 742 2158 2,
768 2128 824 2157 Pro
845 2127 944 2156 verbis
970 2132 1022 2154 ιιαι
1047 2125 1091 2153 ad
1112 2126 1146 2153 id

195 2178 369 2207 quocunque
392 2168 479 2196 modo
502 2170 651 2205 referatur
675 2170 730 2198 Gu.
748 2173 776 2202 2.
798 2169 917 2198 exhibet
940 2171 994 2208 qui
1021 2171 1144 2207 opponit

195 2212 257 2239 nisi
270 2222 396 2239 connexe
410 2211 473 2239 dici
491 2222 550 2239 non
565 2218 705 2249 possunt,
729 2223 907 2251 quocunqne
923 2211 1010 2239 modo
1029 2214 1144 2247 resera—

195 2259 255 2282 tur.
280 2271 319 2276 -—
344 2253 428 2292 quod
449 2255 622 2293 opponitur,
652 2265 830 2293 quocunque
859 2254 946 2282 modo
975 2261 1145 2292 opponatur

197 2296 233 2324 al.
258 2314 294 2317 ——
320 2298 450 2333 refertur
469 2307 527 2336 pro
543 2298 694 2333 reseratur
711 2298 749 2326 al.
764 2314 804 2319 —
827 2299 858 2334 9)
884 2299 939 2325 etsi
948 2308 1083 2335 parvum
1096 2299 1144 2335 ip-

1560 1300 1598 1332 In
1625 1301 1766 1333 relativis
1792 1313 1940 1344 quoque,
1966 1307 2000 1334 ut
2027 1302 2132 1334 multa

1524 1351 1561 1384 ln
1582 1351 1701 1385 habitu
1725 1353 1778 1385 vel
1803 1353 1993 1394 orbatione,
2020 1359 2056 1385 ut
2082 1353 2132 1385 vi-

1651 1404 1717 1437 Hic
1744 1415 1827 1449 ergo
1856 1404 1958 1449 legit,
1985 1416 2051 1438 non
2079 1405 2131 1437 lo-

1183 1795 1251 1813 ,ςιιηι
1274 1784 1392 1823 (ipsum
1405 1793 1461 1813 om.
1477 1783 1587 1820 Gu.2.)
1612 1783 1668 1812 Gu.
1682 1786 1708 1815 1.
1727 1786 1757 1815 2.
1785 1799 1822 1804 —
1848 1783 1893 1824 10)
1917 1784 1965 1812 Sic
1985 1784 2040 1812 Gu.
2058 1786 2085 1814 1.
2103 1786 2132 1815 2.

1182 1838 1228 1869 pr.
1244 1838 1292 1857 va.
1309 1828 1358 1858 Ar.
1379 1846 1415 1849 —
1441 1837 1519 1865 quae
1531 1836 1599 1864 sup.
1621 1825 1678 1856 elic.
1699 1827 1778 1864 vulg.
1795 1842 1835 1847 —
1860 1826 1906 1864 11)
1930 1838 2008 1865 quae
2025 1836 2132 1865 oppon.

1183 1872 1223 1900 al.
1247 1870 1361 1899 omissis
1378 1869 1491 1898 verbis:
1515 1879 1567 1897 nec
1589 1867 1632 1896 ml
1653 1879 1687 1896 ea
1711 1880 1890 1907 quocunque
1913 1869 2001 1897 modo
2024 1870 2080 1904 ref.
2095 1886 2129 1890 —

1184 1920 1217 1942 at
1240 1924 1342 1941 eorum
1359 1923 1418 1940 non
1434 1913 1510 1948 sint,
1535 1911 1648 1949 quibus
1664 1922 1731 1950 opp.
1756 1921 1801 1939 va.
1826 1928 1865 1932 -—
1891 1914 1937 1950 12)
1961 1911 2022 1941 Sed
2037 1912 2132 1943 Gu.2.

1186 1973 1228 1979 —
1253 1958 1298 1994 13)
1321 1956 1506 1984 contrarium
1524 1956 1620 1985 Gu.2.
1643 1970 1684 1976 —-—
1709 1955 1754 1992 14)
1778 1954 1826 1982 Sic
1849 1955 1904 1982 Gu.
1923 1958 2007 1994 Lpr,
2023 1964 2068 1983 va.
2092 1969 2133 1977 .-

1188 2000 1243 2027 Gu.
1268 2001 1297 2030 2.
1321 2008 1411 2037 supra
1433 1998 1485 2026 lin.
1508 1996 1541 2025 In
1563 2001 1648 2025 textu
1665 2001 1724 2026 est:
1761 1998 1831 2025 Tria
1851 2008 1960 2036 genera
1975 2003 2047 2025 sunt
2064 2007 2132 2036 opp.

1187 2059 1228 2065 —
1250 2041 1337 2079 Vulg.
1359 2042 1562 2080 oppositorum
1582 2045 1633 2067 est.
1666 2055 1707 2060 —
1738 2041 1781 2076 15)
1807 2051 1866 2079 quo
1888 2041 1943 2069 Gu.
1960 2042 1989 2070 2.
2015 2057 2050 2062 -
2086 2037 2132 2080 16)

1187 2085 1235 2113 Sic
1260 2084 1314 2112 Gu.
1334 2086 1379 2120 1.‚
1403 2082 1519 2111 omissis
1539 2082 1637 2111 verbis
1660 2084 1690 2109 in
1713 2083 1825 2120 oculis,
1849 2092 1924 2121 quae
1945 2082 2030 2110 addit
2049 2082 2131 2120 vulg.

1187 2126 1297 2156 Eadem
1312 2136 1359 2155 vv.
1377 2135 1432 2154 om.
1452 2126 1501 2155 Ar.
1525 2140 1567 2146 -·
1590 2126 1621 2152 in
1639 2125 1724 2153 oculo
1741 2126 1796 2153 Gn.
1810 2127 1838 2156 2.
1856 2125 1941 2163 Vulg.
1957 2130 1983 2152 ει
1999 2126 2134 2153 risio.—

1189 2168 1233 2207 17)
1257 2169 1304 2197 Sic
1324 2169 1419 2199 Gu.1.
1443 2184 1484 2189 -
1507 2168 1654 2202 Infantem
1674 2179 1731 2196 non
1745 2168 1842 2195 dicere
1853 2167 1931 2205 vulg.
1957 2183 1994 2189 —
2021 2167 2067 2205 18)
2090 2172 2133 2194 est

1189 2212 1258 2241 add.
1270 2212 1326 2240 Gu.
1340 2214 1365 2241 1.
1379 2226 1420 2232 —
1444 2208 1491 2249 19)
1514 2209 1617 2238 adhuc
1630 2216 1712 2238 aeta-5
1733 2211 1788 2239 Gn.
1801 2213 1828 2243 2.
1854 2226 1893 2231 —
1917 2209 2021 2238 adhuc
2030 2220 2134 2248 parva

1189 2260 1273 2282 aetas
1290 2264 1335 2293 pr.
1357 2262 1405 2282 va.
1436 2268 1478 2274 —
1507 2250 1554 2290 ΞΟ)
1578 2259 1603 2280 et
1627 2254 1683 2282 Gu.
1702 2257 1727 2284 1.
1760 2272 1796 2275 -
1826 2253 1874 2289 21)
1897 2251 1933 2280 id
1951 2253 1987 2281 al.
2015 2269 2055 2274 ——
2085 2250 2132 2292 29.)

1188 2297 1236 2326 Sic
1253 2297 1307 2325 Gu.
1326 2299 1350 2327 1.
1367 2297 1395 2326 2.
1412 2295 1448 2325 al.
1465 2311 1505 2317 —
1529 2294 1674 2335 dz’ffi‘runt
1690 2296 1770 2335 vulg.
1795 2295 1932 2324 Refertur
1947 2295 1983 2324 ad
2000 2296 2133 2334 speciem.
