2264 2830
800 65 1047 102 ORlGlNUM
1080 70 1226 106 LIBER
1251 74 1307 109 lv,

75 155 168 198 quasi
195 155 313 189 divina.

1949 82 2022 117 147

367 158 554 199 Arteriaca,
589 159 681 202 quod
710 164 788 205 apta
814 160 876 193 sint
902 163 1042 206 gutturis
1068 167 1210 204 meatui,
1249 172 1282 199 et
1308 172 1456 199 tumores
1482 167 1626 200 saucium
1663 173 1695 200 et
1722 173 1913 206 arteriarum
1943 176 2019 210 leni-

76 213 142 238 ant.
195 207 365 242 Theriaca
400 216 447 243 est
480 207 720 252 antidotum‘ss,
763 224 831 255 quo
866 225 992 246 venena
1023 219 1224 260 serpentium
1258 219 1446 263 pelluntur,
1492 225 1528 252 ut
1560 220 1663 263 pestis
1697 220 1832 264 pcste³²
1866 227 2020 263 solvatur.

77 257 269 291 cathartica
280 257 304 276 ³³
332 262 482 301 (iraece,
517 262 634 295 Latine
661 265 855 308 purgatoria
881 265 1045 299 dicuntur.

242 311 276 344 9.
329 312 523 357 Catapotia,
553 326 593 346 eo
621 316 712 357 quod
738 317 908 350 modicum
936 323 1088 361 potetur,
1116 332 1173 353 seu
1203 318 1441 366 inglutiatur³¹.
1495 321 1678 355 Diamoron
1715 335 1734 355 a
1768 336 1869 359 succo
1904 326 2022 361 mori³⁵

76 371 198 393 nomen
224 364 379 407 sumpsit,
408 377 445 397 ex
476 376 543 408 quo
569 367 759 406 coniicitur3
779 369 862 401 sicut
886 369 1082 412 diacodion,
1109 373 1186 415 quia
1215 385 1255 405 ex
1278 370 1429 413 codia³⁶,
1457 372 1489 404 id
1520 379 1566 406 est
1594 385 1632 406 ex
1662 386 1833 420 papavere
1857 378 1913 417 fit3
1938 381 2023 414 sicut

76 412 341 457 diaspermaton,
376 417 453 459 quia
483 428 521 449 ex
549 418 723 451 seminibus
756 420 976 464 componitur.

245 466 301 501 10.
353 468 578 502 Electuarium
614 477 786 510 vocatum,
832 483 872 505 eo
906 473 999 516 quod
1038 474 1142 507 molle
1179 476 1361 508 sorbeatur.

679 520 807 567 τρόχος
834 524 918 557 enim
947 524 1080 558 Graece
1102 531 1174 558 rota
1202 527 1333 559 dicitur.

622 574 828 617 Epithema,
851 577 1011 619 eoquod
1039 584 1284 622 superponatur
1298 575 1336 619 ¹⁰,
1364 578 1435 610 aliis*
1463 578 1633 610 adiutoriis
1659 582 1949 623 praecedentibus.

77 515 217 548 modum
239 518 366 550 rotulae
388 518 644 559 deformatur³⁸,

76 566 155 599 vitia
182 568 355 602 oculorum
383 571 567 616 detergant.

243 628 300 662 11.

352 630 582 675 Cataplasma,
610 645 650 666 eo
678 635 770 677 quod
801 635 948 669 inductio
980 637 1051 669 sola
1087 639 1136 672 sit.

1432 474 1638 508 Trochiscos
1650 473 1675 493 ³⁷
1707 477 1834 520 dictus,
1883 480 1961 524 quia
1988 483 2021 514 in

1390 526 1540 569 Collyria
1569 527 1724 561 Latinum
1752 535 1845 562 sonat
1857 528 1899 572 ³¹³,
1927 534 2019 576 quod

1941 643 2019 676 Ma-

1190 639 1440 683 Emphstrum,
1483 648 1524 670 eo
1560 638 1653 681 quod
1688 640 1870 674 inducatur.

77 677 210 721 lagma,
233 692 272 713 eo
300 683 391 724 quod
419 684 487 716 sine
513 685 591 728 igne
619 692 804 719 maceretur
815 684 839 704 ⁴¹
868 694 899 720 et
925 689 1232 732 comprehendatur
1243 688 1278 725 ⁴².
1332 692 1460 723 Enema
1497 689 1647 730 Graece,
1682 691 1798 725 Latine
1826 694 1986 728 relaxatio
1997 692 2022 714 ⁴³

77 728 204 763 dicitur.

243 783 300 816 12.
355 786 560 820 Medicinam
587 789 807 822 iumentorum
835 791 963 824 Chiron
990 792 1126 835 quidam
1143 792 1293 825 Graecus
1310 792 1441 825 invenit.

562 840 678 873 Dictus
706 847 817 874 autem
845 842 973 876 Chiron
1001 841 1074 878 dno*
1100 844 1169 879 τοῦ
1195 840 1468 890 χειρίζεσθαιΝ,
1496 843 1574 886 quia
1602 844 1777 889 chirurgus
1803 844 1909 882 snitu.

77 831 201 874 homo,
230 835 369 869 dimidia
396 850 508 881 equuS.

259 732 441 766 l'essatian
469 735 572 773 dicta,
597 737 687 779 quod
717 738 800 771 intus
828 737 1056 773 inficiantur—⁴5.

1495 791 1578 823 lnde
1604 792 1756 838 pingitur
1770 794 1907 828 dimidia
1926 802 2020 841 parte

244 886 302 922 13.
357 887 534 923 Criticos⁴²⁴
561 891 632 924 dies
659 893 781 926 medici
808 900 946 935 vocant,
974 895 1110 938 quibus,
1139 892 1297 935 credo⁴⁹,
1326 906 1364 927 ex
1390 895 1513 929 iudicio
1548 896 1743 929 infirmitatis
1771 895 1874 931 hoc⁵⁰
1901 909 2022 933 nomen

77 935 267 980 impositum
297 937 393 983 θείω,
421 942 513 985 quod
540 944 633 986 quasi
660 944 808 978 iudicent
834 945 1024 988 hominem,
1053 952 1085 980 et
1111 949 1270 980 sententia
1283 944 1307 964 ⁵²
1335 958 1393 979 sua
1420 952 1476 979 aut
1499 947 1654 992 puniant,
1683 954 1738 982 aut
1769 950 1917 984 liberent.

489 1052 638 1090 CAP.
692 1055 731 1087 X.

247 1126 278 1160 l.
332 1127 556 1172 Aphorismus
586 1136 634 1164 est
660 1142 768 1164 sermo
800 1131 928 1175 brevis,
963 1133 1131 1179 integrum
1159 1145 1289 1166 sensum
1317 1130 1537 1179 propositae⁵

245 1185 279 1221 2.
335 1189 553 1233 Prognostica
580 1191 744 1234 praevisio
772 1193 1038 1237 aegritudinum,
1066 1199 1183 1228 vocata
1211 1207 1229 1226 a
1261 1193 1514 1238 praenoscendo
1527 1189 1561 1228 ⁵⁴.

814 1056 884 1089 De
936 1056 1104 1090 libris
1151 1057 1598 1091 medicinalibus.

1539 1131 1550 1151 ³
1576 1134 1622 1167 rei
1650 1134 1805 1168 scribens.

1626 1192 1773 1238 Oportet
1801 1195 1887 1227 enim
1914 1195 2022 1228 medi-

80 1246 155 1268 cum
179 1241 211 1269 et
237 1241 414 1281 praeterita
437 1252 642 1285 cognoscere
657 1239 698 1283 ⁵³,
726 1247 758 1276 et
784 1244 970 1287 praesentia
996 1245 1098 1285 scire,
1126 1250 1158 1277 et
1184 1246 1296 1278 futura
1323 1244 1529 1288 praevidere.

245 1297 278 1330 3.
330 1297 583 1342 1))Ίιειιῃίιίἰει5ὓ,
625 1302 773 1344 potentia
800 1302 982 1336 herbarum
1018 1308 1050 1336 et
1077 1303 1122 1336 vis
1152 1309 1184 1336 et
1211 1304 1417 1347 possibilitas,

1477 1305 1563 1336 Nam
1602 1304 1634 1335 in
1660 1302 1842 1337 herbarum
1871 1317 1949 1339 cura
1978 1307 2022 1338 vi„

80 1347 152 1389 ipsa
179 1345 360 1393 δύναμιςῧῖ
389 1351 527 1391 dicitur,
555 1352 643 1384 unde
672 1357 704 1385 et
731 1353 923 1396 dynamidia
949 1360 1176 1399 nuncupatur,
1204 1356 1261 1388 ubi
1290 1366 1405 1388 eorum
1433 1355 1621 1389 medicinae
1648 1355 1841 1388 scribuntur.

242 1399 275 1431 ⁴.
327 1401 526 1435 Botanicum
554 1402 744 1436 herbarium
772 1405 909 1445 dicitur,
938 1406 1030 1449 quod
1059 1407 1105 1439 ibi
1132 1406 1259 1439 herbae
1287 1403 1482 1439 noteriturffl.

504 1512 533 1546 C
560 1513 591 1546 A
617 1513 655 1545 P.
708 1514 766 1547 XI.

244 1584 274 1616 l.
328 1584 586 1620 Euchiridion⁵⁹
612 1589 756 1631 dictum,
792 1592 884 1634 quod
920 1603 1020 1625 manu
1053 1588 1295 1638 astringiturffl’,

78 1633 152 1681 χείρ
181 1634 267 1668 enim
291 1636 424 1672 Graece
451 1651 566 1674 manus
587 1642 777 1686 appellatur
788 1639 822 1675 ⁰¹.

77 1743 107 1772 2.
131 1758 172 1764 -
198 1745 313 1774 Genera
334 1753 360 1775 et
386 1747 500 1778 diurna
521 1750 570 1778 alii
593 1761 650 1789 pro
669 1752 767 1779 Hiera
780 1775 787 1781 .
805 1773 831 1781 ..
846 1750 962 1783 dit-ina.
988 1770 1026 1774 -—

74 1794 150 1820 gera
170 1796 224 1823 pro
246 1789 344 1817 Iliera
366 1800 411 1819 va.
433 1808 474 1814 —
496 1792 543 1832 31)
566 1793 652 1831 Vulg.
669 1794 736 1822 add.
750 1795 951 1832 serpentinum
975 1795 1027 1833 (al.

77 1830 282 1868 serpentium),
298 1833 379 1870 quod
396 1845 452 1863 om.
470 1836 525 1863 Gu.
537 1839 562 1866 1.
579 1835 608 1864 h.
622 1837 653 1872 l.‚
671 1836 722 1865 sed
738 1836 805 1866 add.
823 1843 890 1876 post
907 1849 1026 1875 venena,

78 1874 321 1907 serpentium.
345 1891 386 1897 —
407 1877 457 1915 32)
475 1879 661 1917 pe-stepestis
685 1880 782 1910 Gu.2.
803 1895 845 1901 —-
872 1879 920 1920 33)
947 1881 1027 1909 Car—

78 1914 201 1942 tariaca
216 1925 263 1943 va.
286 1933 327 1938 -—
352 1918 541 1948 Caum-ticam
558 1943 564 1950 .
581 1943 590 1951 .
605 1944 612 1950 .
631 1924 848 1961 purgatoriam
864 1923 918 1951 GU·
934 1925 962 1954 2.
986 1941 1025 1945 -

73 1959 293 1993 plagatorium
311 1959 416 1989 dicunt
430 1963 465 1992 al.
492 1981 529 1985 -
561 1964 610 2002 34)
634 1965 846 2003 inglulimzlur
863 1966 920 1995 Gu.
938 1969 964 1997 1.
984 1982 1024 1988 —

78 2000 258 2035 inglutietur
277 2002 333 2030 Gu.
354 2005 381 2033 2.
404 2020 447 2026 —-
475 2006 521 2043 35)
545 2007 593 2034 Sic
615 2007 664 2037 Ar.
686 2025 727 2028 —
750 2018 852 2036 morae
875 2009 974 2039 Gu.1,
995 2011 1024 2040 2.

76 2050 123 2078 pr.
145 2052 192 2070 va.
215 2059 256 2065 —
279 2055 365 2073 mora
389 2047 469 2084 vulg.
493 2065 527 2069 -—
555 2053 600 2083 36)
623 2050 671 2077 Sic
694 2051 749 2079 Gu.
766 2054 791 2082 1.
806 2053 833 2082 2.
852 2052 880 2081 3.
905 2061 952 2089 pr.
976 2061 1021 2081 va.

77 2098 118 2104 --·
139 2083 171 2114 ἐκ
186 2087 242 2124 τῆς
255 2088 381 2123 mestas·
394 2090 476 2127 vulg.
498 2106 540 2112 -—
561 2090 609 2130 37)
633 2093 809 2121 Troclnzscus
824 2094 876 2122 Ar.
894 2109 931 2115 --
953 2095 1024 2121 Tro-

77 2127 176 2154 eisc-us
190 2138 236 2156 va.
265 2145 307 2151 -—
335 2133 379 2166 38)
402 2131 613 2168 deformantur
637 2135 694 2164 Gu.
711 2139 739 2167 2.
769 2152 813 2159 —-
840 2137 888 2171 39)
913 2142 1023 2164 sonant

75 2177 122 2196 va.
138 2168 187 2199 Ar.
208 2187 250 2192 —
271 2174 384 2201 Latine
402 2184 457 2212 pro
474 2176 626 2204 Latmum
642 2187 687 2207 va.
717 2195 757 2200 —
786 2182 830 2212 40)
855 2178 904 2206 Sic
922 2179 979 2208 Gu.
994 2182 1023 2211 2,

76 2220 119 2248 pr.
138 2221 184 2240 va.
206 2213 291 2243 Arev.
313 2232 354 2238 --
376 2227 504 2255 suppon.
527 2219 606 2256 vulg.
633 2235 674 2241 —
708 2221 758 2259 41)
780 2227 953 2249 maceratur
976 2231 1020 2250 va.

75 2269 116 2274 —
138 2254 186 2291 42)
209 2258 442 2295 compraedalm·
462 2260 517 2288 Gu.
538 2264 563 2291 1.
588 2278 623 2282 —
648 2263 693 2299 43)
717 2263 833 2291 laxatio
850 2264 906 2294 Gu.
926 2267 955 2296 2.
978 2280 1021 2285 —

76 2294 123 2335 44)
145 2298 297 2328 Pasa-aria
314 2301 369 2330 Gu.
391 2306 417 2333 1.
440 2319 481 2324 —
503 2304 665 2331 Pressaria
683 2305 764 2343 vulg.
779 2321 820 2329 ·—
843 2306 888 2344 45)
903 2308 1019 2334 inicia-

77 2343 127 2365 tur
146 2340 202 2369 Gu.
222 2345 248 2372 1.
268 2360 301 2364 —
328 2346 494 2373 initiantur
510 2346 593 2384 vulg.
609 2363 651 2369 -
673 2346 719 2386 46)
743 2344 802 2380 ἀπὸ
816 2351 870 2380 τοῦ
884 2350 1018 2389 χειρίζειν

842 1514 908 1549 De
947 1516 1260 1550 instrumentis
1300 1515 1590 1549 Medicorum.

1337 1592 1418 1624 dum
1441 1591 1585 1636 plurima
1615 1590 1782 1624 contineat
1814 1590 2023 1632 sentimenta,

1071 1753 1160 1782 Arev.
1181 1769 1218 1775 —-
1240 1750 1287 1791 47)
1311 1752 1369 1781 Gu.
1386 1755 1413 1783 1.
1432 1751 1597 1789 chirurgus
1607 1751 1687 1788 sicil,
1710 1749 1828 1779 dicitur
1843 1751 2023 1788 appellatus.

1070 1796 1216 1832 ——suit,
1240 1794 1320 1823 unde
1345 1795 1518 1833 appellatus
1542 1810 1582 1816 —-
1603 1793 1794 1830 cliii-‚fuisse
1817 1792 1948 1829 dicitur,
1966 1805 2024 1832 ap·

1064 1838 1203 1876 pellata-9
1220 1847 1267 1866 va.
1282 1837 1366 1875 Vulg.
1387 1838 1576 1874 ellit-‚fuisse
1591 1835 1718 1873 dicitur,
1742 1835 1824 1864 unde
1837 1836 2023 1874 appellatus.

1071 1898 1110 1903 -—
1133 1880 1285 1917 chinsait
1303 1886 1329 1908 et
1343 1879 1424 1907 idem
1439 1881 1484 1907 sic
1497 1879 1672 1917 appellatur
1683 1879 1730 1907 vel
1745 1878 1921 1917 appellata-5
1936 1879 1972 1908 al.
1983 1895 2024 1901 -—

1069 1924 1132 1961 Ego
1147 1928 1266 1952 secutus
1282 1933 1347 1951 sum
1364 1923 1449 1951 Arev.
1470 1937 1512 1944 -
1534 1921 1580 1961 43)
1599 1922 1731 1950 creticos
1749 1922 1808 1951 Gu.
1827 1923 1854 1952 1.
1869 1924 1898 1954 2.
1912 1931 1959 1960 pr.
1976 1932 2023 1952 va.

1067 1967 1112 1999 49)
1139 1966 1224 2004 Vulg.
1240 1972 1273 1994 ut
1291 1964 1395 2002 credo,
1418 1964 1470 1993 sed
1487 1970 1521 1992 ιιι
1538 1975 1595 1993 om.
1614 1965 1668 1994 Gu.
1689 1967 1715 1995 1.
1731 1966 1760 1995 2.
1779 1975 1824 2003 pr.
1841 1973 1889 1993 va.
1907 1965 1958 1994 Ar.
1985 1981 2020 1986 -

1067 2008 1113 2046 50)
1139 2009 1187 2037 Sic
1203 2010 1258 2038 Gn.
1278 2012 1303 2039 1.
1317 2011 1346 2039 2.
1362 2018 1406 2046 pr.
1425 2018 1473 2036 va.
1495 2023 1537 2029 -
1560 2006 1643 2035 illud
1657 2007 1737 2045 vulg.
1760 2023 1802 2030 -—
1829 2008 1875 2043 51)
1905 2017 1966 2034 ease
1985 2007 2021 2036 ai.

1066 2067 1108 2074 —-
1131 2054 1175 2085 52)
1197 2052 1327 2079 ,sentiant
1341 2052 1396 2080 Gu.
1420 2053 1445 2081 1.
1469 2065 1509 2071 —
1533 2060 1566 2079 ex
1580 2056 1653 2079 cent.
1674 2060 1720 2079 va.
1744 2066 1785 2072 --
1817 2048 1866 2087 53)
1884 2059 2021 2087 praepo-

1065 2095 1144 2122 sitae
1158 2094 1213 2122 Gu,
1233 2097 1257 2125 1.
1280 2110 1315 2115 —
1337 2092 1384 2132 54)
1408 2093 1456 2121 Sic
1469 2093 1526 2121 Gu.
1546 2095 1571 2123 1.
1592 2109 1635 2116 -
1657 2104 1677 2121 α
1690 2101 1847 2131 praenosc.
1866 2102 1928 2121 voe.
1941 2091 2018 2129 vulg.

1064 2153 1105 2158 —-
1127 2140 1172 2171 55)
1197 2137 1245 2164 Sic
1262 2137 1318 2165 Gu.
1334 2139 1361 2168 1.
1389 2152 1424 2158 —
1446 2146 1606 2174 agnoscere
1619 2136 1702 2173 vulg.
1716 2152 1758 2157 —-
1784 2133 1833 2171 56)
1857 2133 1905 2163 Sic
1920 2134 1973 2163 Ar.
1988 2133 2017 2163 h.

1065 2180 1084 2208 l.
1101 2183 1130 2208 et
1142 2180 1244 2218 paullo
1265 2184 1340 2218 post.
1363 2195 1407 2202 -—
1426 2177 1619 2207 Dinanwdm
1638 2179 1695 2207 Gu.
1713 2180 1737 2209 1.
1755 2181 1784 2210 2.
1802 2178 1831 2207 3.
1854 2186 1900 2214 pr.
1922 2186 1968 2224 yn.
1988 2175 2016 2203 h.

1063 2222 1083 2250 l.
1104 2227 1133 2250 et
1149 2227 1260 2261 postea.
1284 2238 1326 2243 --
1346 2222 1506 2260 Dynamia
1518 2221 1598 2258 vulg.
1621 2237 1661 2243 -—
1682 2220 1733 2259 57)
1756 2217 1942 2249 Dinumedts
1958 2218 2015 2246 Gu.

1066 2267 1091 2295 1.
1112 2275 1156 2303 pr.
1178 2275 1226 2294 va.
1254 2281 1290 2286 —
1320 2264 1369 2303 58)
1393 2270 1483 2293 notae
1500 2265 1562 2292 sint
1580 2263 1617 2292 al.
1648 2280 1684 2285 —-
1717 2262 1763 2302 59)
1786 2262 1935 2291 Encerion
1958 2260 2013 2288 Gu.

1063 2309 1091 2337 2.
1123 2325 1160 2330 —
1196 2310 1240 2345 60)
1273 2307 1321 2335 Sic
1344 2308 1401 2335 Gu.
1428 2310 1453 2338 1.
1481 2323 1521 2329 ——
1553 2307 1749 2344 astringatur
1775 2304 1856 2341 vulg.
1889 2318 1932 2325 -—
1965 2304 2013 2337 61)

1061 2350 1110 2379 Sic
1134 2350 1190 2378 Gu.
1213 2353 1238 2381 1.
1264 2365 1304 2372 —-
1328 2356 1456 2379 vocatur
1478 2349 1561 2385 vulg.
1589 2364 1626 2371 -—
1658 2349 1771 2377 Graece
1796 2350 1924 2375 meatur
1948 2353 2012 2371 ma-

1526 2392 1599 2425 T*
