2203 2829
163 111 238 146 164

162 207 255 247 cula,
282 204 440 245 verbera,
467 203 645 244 talionem,
674 202 910 247 ignominiam,
939 205 1091 247 exilium,
1124 205 1314 240 servitutem
1351 211 1384 241 et
1410 211 1552 240 mortem
1564 203 1585 241 ¹.

163 259 292 293 dicatur
319 268 417 289 omne
441 252 695 300 perpetratum²
721 261 909 299 peccatum.

327 315 362 351 5.
415 317 583 348 Damnum
610 328 629 348 a
657 315 873 349 diminutione
901 318 948 350 rei
976 322 1143 351 vocatum.

862 110 1039 145 lSlDORI
1065 107 1243 146 HlSPAL.
1266 111 1410 146 EPISC.

1638 207 1701 242 His
1730 220 1872 252 namque
1900 209 2017 253 poenis
2044 211 2117 244 vin-

327 367 361 401 6.
416 367 556 400 Vincula
583 379 602 399 a
631 367 824 410 vinciendo,
846 368 880 401 id
908 374 967 410 est,
991 369 1131 402 artando
1160 369 1267 410 dicta,
1295 381 1335 403 eo
1364 369 1456 413 quod
1484 371 1710 417 constringant
1738 377 1837 416 atque
1865 373 2036 413 retineant,
2063 374 2116 406 vel

162 421 240 464 quia
263 420 294 452 vi
321 420 427 464 ligant
453 414 571 452 colla³.

326 478 362 514 7.
416 478 610 522 Compedes
637 476 762 520 dicti⁴,
790 480 867 523 quia
894 481 1064 514 continent
1091 480 1204 524 pedes.

324 530 357 562 8.
412 527 583 563 Pedicae5
613 537 686 564 sunt
712 532 839 574 laquei,
870 533 989 575 quibus
1015 533 1120 577 pedes
1148 533 1388 575 illaqueantur,
1418 532 1527 566 dictae
1555 545 1573 566 a
1596 533 1739 578 pedibus
1766 534 1948 578 capiendis.

323 580 357 614 9.
412 582 557 615 Catenae
585 588 713 624 autem,
741 584 833 626 quod
862 584 1029 628 capiendo
1058 583 1270 617 contineant¹i
1298 591 1436 629 utraque
1464 585 1624 630 vestigia,
1652 598 1694 619 ne
1722 586 1989 631 progrediantur.
2031 585 2114 619 Item

160 638 297 667 catenae
327 634 421 676 quod
450 646 484 667 se
512 635 679 678 capiendo
705 640 838 668 teneant
865 637 1014 680 plurimis
1042 636 1146 669 nodis.

326 693 387 728 10.
441 691 617 727 Manicae⁷
645 700 718 728 sunt
744 697 888 738 vincula,
917 697 1036 740 quibus
1064 707 1179 729 manus
1206 696 1393 740 capiuntur,
1421 696 1501 730 licet
1527 701 1559 729 et
1586 697 1736 731 manicae
1761 697 1946 730 tunicarum
1972 695 2061 730 sintss.

324 744 383 777 ll.

326 796 385 830 12.

325 856 383 889 13.

436 746 536 778 Nervi
547 742 559 762 ⁹
586 771 733 780 .....

438 859 579 899 Carcer,
607 858 638 890 in
665 870 732 902 quo
760 860 987 892 custodiuntur
1014 861 1112 892 noxii.

159 911 293 939 ceantur
319 908 612 953 includanturque,
636 911 728 953 quasi
756 923 849 944 arcer
863 908 901 951 ¹⁵,
927 912 968 944 ab
997 912 1143 945 arcendo
1170 911 1305 945 scilicet.

438 798 543 838 Boia,
569 797 604 830 id
631 804 679 831 est
690 796 713 815 ¹⁰
740 804 874 842 torques
902 799 1153 838 damnatorum,
1188 799 1280 842 quasi
1308 796 1421 844 iuga¹¹
1450 797 1605 841 boumffl,
1641 810 1681 832 ex
1707 811 1832 844 genere
1859 800 2065 832 vinculorum
2080 795 2111 834 ¹³.

1166 860 1211 892 Et
1235 860 1343 892 dictus
1371 870 1505 900 carcer,
1542 859 1635 903 quod
1671 856 1738 891 ἰιιΗ
1765 870 1806 892 eo
1835 858 1993 894 homines
2015 871 2112 893 coer-

1358 912 1490 946 Locum
1517 918 1639 949 autem,
1667 911 1698 943 in
1726 922 1793 954 quo
1821 918 1991 944 servantur
2014 912 2112 954 noxii,

157 969 327 992 carcerem
356 960 497 995 dicimus
532 973 671 995 numero
701 967 827 996 tantum
862 964 1038 1008 singulari,
1075 963 1164 997 unde
1198 974 1277 995 vero
1305 964 1496 997 emittuntur
1526 963 1731 1008 quadrigae,
1773 974 1923 997 carceres
1955 975 2112 997 vocamus

158 1021 297 1043 numero
322 1017 450 1046 tantum
479 1014 611 1058 plurali.

324 1073 380 1105 1⁴.

437 1074 585 1106 Verbera
614 1074 713 1114 dicta,
742 1075 819 1117 quia
847 1085 922 1107 cum
951 1075 1127 1118 agitantur,

1155 1086 1265 1107 aerem
1294 1075 1479 1107 verberant.
1528 1075 1618 1108 Hinc
1646 1074 1753 1119 flagra
1779 1080 1811 1107 et
1838 1076 1962 1120 plagae
1990 1081 2022 1108 et
2048 1075 2111 1108 fla-

156 1123 267 1167 gella..
295 1125 373 1167 quia
400 1137 474 1158 cum
500 1126 579 1157 llatu
608 1131 641 1158 et
667 1128 805 1170 strepitu
833 1127 865 1158 in
894 1137 1039 1169 corpore
1066 1132 1190 1158 sonant.
1231 1127 1317 1159 Nam
1345 1127 1468 1172 plagae
1496 1127 1589 1170 quasi
1616 1127 1726 1171 flagae
1750 1131 1792 1167 et,
1819 1127 1927 1172 flagra
1938 1124 1959 1143 ¹⁶
1983 1129 2110 1171 primae

156 1175 328 1218 positionis
356 1183 443 1217 sunt,
472 1177 610 1221 flagella
638 1183 747 1210 autem
776 1188 838 1221 per
865 1175 1138 1209 diminutionem¹

326 1235 381 1268 15.

321 1294 381 1328 16.

157 1346 250 1379 fossis
277 1351 361 1380 stent
376 1343 414 1387 ¹⁰,
440 1359 525 1390 quos
554 1348 649 1391 palos
673 1349 785 1381 rustici
814 1353 943 1382 vocant.

323 1406 379 1438 17.

155 1468 282 1500 poenas
306 1458 421 1502 legum
450 1470 515 1490 non
543 1460 718 1503 pertinent.

1143 1175 1152 1193 ἶ
1181 1178 1278 1211 dicta.

436 1236 597 1280 Anguilla
625 1242 688 1277 est,
716 1249 782 1280 qua
809 1242 1004 1270 coercentur
1032 1237 1063 1268 in
1085 1236 1209 1269 scholis
1236 1237 1347 1281 pueri,
1375 1249 1462 1280 quae
1490 1238 1595 1281 vulgo
1623 1238 1746 1271 scutica
1774 1238 1904 1272 dicitur.

436 1295 554 1327 Fustes
581 1301 670 1335 sunt,
699 1297 818 1339 quibus
846 1308 908 1340 pro
937 1296 1126 1329 criminibus
1154 1298 1287 1330 iuvenes
1322 1297 1500 1339 feriuntur,
1538 1297 1718 1341 appellati,
1753 1298 1845 1340 quod
1880 1293 2051 1341 praefixist'
2078 1297 2109 1329 in

434 1408 555 1440 vectes
583 1408 680 1451 dicti,
709 1408 800 1451 quod
830 1409 980 1441 manibus
1005 1405 1228 1447 vectentur²⁰,
1253 1408 1353 1442 -unde
1381 1408 1463 1441 ostia
1491 1419 1636 1452 saxaque
1662 1404 1878 1447 velluntur²¹,
1913 1407 1971 1440 sed
2002 1407 2038 1440 hi
2066 1408 2110 1440 ad

322 1516 380 1549 18.
436 1517 562 1562 Virgae
588 1524 662 1552 sunt
688 1519 891 1553 summitates
919 1518 1087 1551 frondium
1115 1519 1351 1562 arborumque,
1380 1519 1499 1562 dictae,
1527 1518 1620 1562 quod
1648 1518 1768 1552 virides
1795 1515 1914 1559 sunt²²‚
1942 1519 1995 1552 vel
2015 1519 2108 1563 quod

157 1625 340 1661 verberibus,
365 1626 482 1660 exiliis,
514 1632 606 1654 morte
633 1628 812 1656 multantur.
865 1628 908 1656 Ad
938 1628 1018 1656 hunc
1047 1629 1107 1656 for-

156 1672 233 1696 tasse
257 1669 385 1706 respexit
410 1669 515 1697 lsidor.
541 1685 578 1690 —
617 1668 645 1709 1)
669 1670 800 1699 Orellius
824 1671 841 1698 l.
859 1682 884 1700 c.
914 1681 1005 1708 quum
1030 1681 1108 1706 eum,

155 1715 190 1738 ut
211 1710 348 1747 videtur,
378 1711 496 1740 latuerit
520 1712 625 1740 Isidori
651 1716 729 1745 (naui
749 1724 785 1741 ex
810 1713 976 1751 Augustino
992 1719 1108 1742 tantum

156 1762 207 1780 sua
228 1753 346 1790 citavit)
370 1754 471 1791 locus,
495 1760 524 1782 et
540 1755 621 1793 apud
635 1755 788 1793 Augustin.
814 1756 865 1785 sit:
890 1763 1022 1790 mortem„
1040 1767 1108 1784 ser-

158 1797 297 1832 vitutem,
322 1796 437 1833 quaerit
472 1802 536 1825 not.
554 1800 602 1834 9.,
631 1799 741 1834 „Estne
764 1799 813 1827 hic
837 1799 912 1828 ordo
937 1809 1006 1827 vcre
1032 1800 1107 1827 'sul-

155 1838 268 1871 liunus,
301 1843 333 1866 ut
356 1840 485 1867 servitus
508 1840 628 1877 gravior
651 1842 737 1870 etiam
761 1846 855 1870 morte
885 1852 978 1880 poena
1002 1842 1108 1870 existi-

154 1880 274 1909 metur?
321 1881 447 1910 Videant
470 1883 559 1911 ICti.“
582 1900 623 1905 —
646 1882 676 1924 9)
692 1884 929 1923 perpetrandum
955 1885 1009 1913 Gu.
1028 1888 1055 1916 2.
1069 1900 1110 1905 —

155 1921 188 1960 3)
205 1923 282 1951 colla
313 1934 371 1953 om.
401 1926 457 1952 Gu.
475 1928 504 1956 2.
533 1935 577 1953 va.
596 1926 644 1953 Ar.
669 1944 705 1948 —-
734 1928 765 1965 4)
784 1928 832 1955 Sic
859 1928 905 1956 Gu
932 1930 958 1959 1.
975 1927 1055 1958 (2.31.
1072 1944 1108 1948 —-

156 1965 255 1994 dictae
278 1967 358 2004 vulg.
383 1983 421 1988 —
460 1969 490 2004 5)
514 1967 637 1996 I’fdices
663 1970 720 1998 Gu.
748 1973 778 2001 2.
799 1981 843 1998 va.
868 1988 907 1991 —-
931 1969 961 2010 6)
983 1970 1031 1997 Sic
1052 1970 1109 1998 Gu.

158 2011 186 2039 1.
209 2024 250 2030 —-
272 2008 417 2047 capiendo
440 2015 556 2037 terzesml
581 2012 637 2040 Gu.
655 2013 685 2042 2.
705 2022 752 2050 pr.
763 2023 809 2041 va.
835 2013 883 2042 Ar.
907 2029 943 2034 --
964 2012 1109 2051 capiendo

156 2056 252 2079 tenent
275 2052 311 2079 al.
339 2052 424 2089 Vulg.
450 2053 624 2091 accipiendo
651 2060 756 2083 terunt.
782 2073 819 2077 ——
843 2055 874 2094 7)
893 2056 1029 2084 Manices
1053 2056 1109 2083 Gu.

155 2097 184 2125 2.
203 2110 243 2115 —
266 2095 296 2132 8)
311 2095 370 2122 sint
395 2105 451 2123 oni.
475 2096 530 2124 Gu.
546 2098 667 2126 2.—al.
692 2104 761 2126 sunt
786 2098 937 2127 exhibent.
953 2115 994 2121 —
1016 2099 1047 2134 9)
1062 2098 1110 2125 Sic

156 2137 212 2166 (ἆυ,
239 2139 264 2167 1.
289 2140 316 2167 2.
367 2137 424 2165 Sed
454 2138 483 2165 in
508 2138 594 2167 codd.
619 2139 676 2168 Gu.
700 2143 725 2170 1.
750 2143 779 2171 2.
804 2146 831 2169 et
857 2142 891 2169 al.
923 2146 998 2169 teste
1023 2142 1108 2168 Arev.

154 2179 362 2218 interpretatio
385 2180 482 2216 deest,
508 2191 584 2219 quae
607 2182 636 2209 in
659 2182 758 2220 vulgg.
783 2183 864 2213 editt.
891 2194 928 2212 ex
950 2184 1026 2211 Festi
1044 2184 1108 2221 epi-

156 2226 234 2250 tome
258 2227 375 2260 sumpta
405 2223 501 2251 videri
530 2224 635 2262 possit.
688 2226 739 2253 Est
763 2230 858 2253 autem
889 2227 945 2254 ita:
986 2227 1107 2254 Nervus

156 2270 197 2290 m!
221 2265 375 2292 vinculum
405 2267 553 2303 ferreum,
589 2277 648 2305 quo
674 2267 765 2305 pedm
795 2269 840 2295 ιἰἸ
869 2270 994 2296 service-5*
1018 2270 1106 2306 impe*—

156 2306 296 2336 ‹linntur.
341 2307 476 2346 Epitonie
499 2309 576 2337 Festi
601 2315 643 2338 est
671 2310 729 2337 ita:
756 2311 886 2337 Nervam
915 2312 1106 2349 appellamus

156 2355 244 2376 «llam
263 2350 398 2386 ferreum.
422 2352 592 2388 vinculum,
612 2363 670 2390 quo
690 2352 782 2390 pedes
801 2353 844 2380 vel
866 2355 956 2380 nium
980 2355 1105 2381 cervias

157 2392 370 2428 imlmlitmlzcr.
422 2394 524 2422 Festus
556 2395 616 2433 ipse
651 2395 709 2423 sic:
755 2396 886 2423 Nervam
915 2397 1106 2434 appellamus

1151 1629 1387 1665 etiamfrrream
1405 1628 1574 1663 vinculum,
1585 1638 1644 1666 quo
1658 1626 1747 1665 pedes
1762 1625 1979 1664 impediuntur,
1996 1639 2106 1666 quam-

1152 1682 1244 1709 quam
1268 1672 1401 1699 Plautus
1425 1671 1565 1707 (Curcul.
1591 1670 1623 1705 V,
1646 1672 1683 1706 3,
1706 1670 1779 1707 40.)
1812 1680 1843 1696 eo
1867 1672 1958 1697 ctiam
1981 1673 2108 1698 cervices-

1153 1715 1262 1741 vinciri
1292 1716 1358 1741 ait:
1396 1713 1561 1751 Pmfidiose
1584 1718 1693 1751 captus
1717 1723 1748 1740 eo
1778 1712 1844 1749 epol
1865 1710 1956 1751 (sort.
1981 1712 2106 1753 edepol)

1152 1767 1236 1784 mmo
1259 1758 1387 1784 ceruices
1407 1756 1528 1794 probat.
1576 1755 1696 1784 Rectius
1719 1755 1843 1783 lacunae
1867 1756 1980 1793 signum
2004 1757 2107 1794 posuit

1153 1801 1259 1836 Arev.,
1284 1810 1372 1838 quam
1397 1804 1430 1827 ut
1452 1799 1532 1827 istud
1554 1798 1794 1837 supplementum
1818 1798 1975 1837 reciperet.
2011 1800 2106 1837 Saepe

1153 1842 1228 1870 cnim
1268 1843 1349 1881 apud
1386 1842 1534 1870 Isidorum
1568 1842 1738 1869 lemmatum
1780 1841 1939 1878 explicatio
1982 1841 2105 1871 interiit.

1155 1885 1244 1913 Editt.
1269 1896 1314 1924 pr.
1338 1890 1366 1913 et
1389 1895 1456 1920 va.,
1486 1894 1560 1922 quae
1583 1894 1646 1912 eam
1675 1883 1817 1912 exhibent
1840 1893 1894 1921 pro
1925 1889 1966 1911 εει
1990 1885 2103 1913 vincul.

1144 1929 1225 1965 ferr.
1249 1928 1441 1967 suppeditant
1462 1932 1503 1955 est
1517 1928 1655 1964 ferreum
1678 1928 1757 1955 vinc.
1775 1931 1803 1954 et
1819 1936 1872 1964 pro
1890 1927 1936 1954 vel
1957 1938 2031 1955 cerv.
2052 1937 2103 1956 ex-

1155 1970 1236 1998 hibet
1252 1981 1297 1999 va.
1313 1971 1360 1998 ml
1375 1972 1465 1998 etiam
1488 1980 1564 1997 cerv.
1588 1987 1625 1991 —
1658 1973 1700 2003 10)
1725 1968 1760 1996 id
1782 1968 1883 1997 addidi
1906 1979 1921 1997 e
1945 1970 2001 2000 Gu.
2019 1972 2042 2001 1.
2061 1986 2103 1992 --

1156 2012 1197 2051 11)
1215 2014 1263 2041 Sic
1287 2014 1343 2042 Gu.
1360 2017 1385 2044 1.
1411 2029 1452 2034 —
1481 2014 1589 2051 iugum
1613 2011 1694 2048 vulg.
1727 2027 1767 2032 —-
1799 2012 1846 2050 12)
1870 2012 1900 2039 in
1922 2012 1993 2040 bot-e
2015 2012 2102 2040 Arev.

1152 2065 1215 2085 var.
1240 2056 1307 2085 lect.
1331 2066 1378 2094 ap.
1402 2054 1490 2083 Goth.
1514 2065 1560 2083 va.
1583 2071 1624 2076 —
1656 2053 1699 2093 ld)
1723 2054 1810 2091 Vulg.
1836 2053 1904 2081 add.
1928 2060 1985 2089 est,
2019 2054 2101 2093 quod

1154 2109 1209 2126 om⁴
1234 2099 1289 2127 Gu.
1316 2102 1341 2129 1.
1367 2099 1441 2126 Vide
1464 2097 1500 2126 de
1524 2097 1595 2125 boia
1619 2097 1725 2133 Scalig.
1749 2097 1785 2124 ad
1809 2097 1926 2125 Festum
1951 2097 2018 2126 edit.
2034 2097 2102 2125 Lin-

1154 2142 1288 2172 demann,
1314 2152 1343 2180 p.
1365 2142 1435 2173 351.
1460 2156 1500 2161 —
1531 2141 1577 2177 14)
1602 2142 1633 2168 in
1660 2139 1761 2167 addidi
1786 2149 1801 2167 e
1826 2140 1881 2167 Gu.
1914 2142 1938 2170 1.
1968 2139 2003 2167 al.
2035 2140 2101 2179 (qui

1154 2195 1212 2222 qno
1237 2186 1270 2212 in
1293 2195 1323 2211 eo
1347 2182 1518 2219 exhibent.)
1539 2200 1576 2205 —
1604 2181 1647 2222 15)
1673 2183 1721 2210 Sic
1753 2183 1810 2210 Gu.
1838 2185 1862 2213 1.
1887 2181 1940 2210 Ar.
1964 2198 2004 2203 --
2032 2193 2101 2210 arce

1149 2237 1194 2255 va.
1218 2243 1260 2249 —
1283 2237 1384 2254 arcens»
1402 2226 1481 2262 vulg.
1516 2242 1553 2246 -—
1591 2227 1638 2263 16)
1659 2225 1743 2262 Vulg.
1771 2224 1929 2263 praeponit
1955 2223 2010 2252 ssd
2025 2226 2099 2263 pla-

1146 2281 1222 2305 gae,
1246 2279 1318 2306 quae
1342 2279 1399 2296 orn.
1432 2269 1489 2296 Gu.
1507 2271 1533 2299 1.
1555 2285 1587 2289 -—
1612 2268 1659 2306 17)
1685 2268 1899 2295 dirivationem
1916 2267 1955 2295 al.
1984 2286 2021 2290 -—
2053 2269 2097 2304 18)

1149 2313 1237 2349 znfiai
1259 2313 1294 2339 al.
1320 2329 1356 2333 —
1383 2309 1428 2349 19)
1445 2316 1526 2338 stant
1551 2311 1587 2339 al.
1609 2327 1652 2332 —
1673 2310 1721 2348 ⁶20)
1748 2315 1905 2338 vectantur
1928 2310 1963 2337 al.
1988 2327 2025 2331 —
2048 2310 2098 2347 21)

1148 2356 1314 2382 evellantur
1336 2354 1372 2382 al.
1399 2370 1439 2375 —
1463 2355 1508 2390 22)
1531 2355 1590 2381 sint
1613 2353 1651 2381 al.
1669 2363 1716 2381 va.
1738 2369 1779 2374 ——-
1802 2350 1850 2392 23)
1873 2352 1922 2379 Sic
1942 2352 1999 2380 Gu.
2019 2355 2099 2384 1.—

1148 2403 1223 2425 ccrte
1238 2397 1320 2435 vulg.
1343 2413 1384 2418 —
1405 2396 1479 2424 llaec
1502 2397 1536 2424 al.
1551 2412 1592 2419 —
1613 2397 1660 2433 ⁴24)
1677 2395 1762 2433 Vulg.
1780 2394 1848 2426 add.
1862 2400 2000 2431 vocatur,
2015 2394 2097 2433 quod
