2255 2819
258 86 334 120 444

258 180 304 213 ibi
331 178 478 221 latuerit,
513 173 710 222 Ροςῐτιεηιο1
739 177 780 208 ab
807 177 892 209 Italo
920 177 1112 212 Siculorum
1140 191 1222 224 rege
1250 180 1295 213 ibi
1332 186 1493 226 regnante
1528 181 1622 214 ltalia
1649 187 1840 226 nuncupata
1876 188 1932 216 est.

954 84 1132 119 lSIDORI
1159 85 1342 122 HISPAL.
1368 86 1512 120 EPlSC.

1999 183 2100 217 Cuius
2126 186 2202 220 situs

258 231 468 276 longitudine
495 229 656 273 ampliu5‚
695 239 795 270 quam
822 229 995 262 latitudine
1027 243 1046 263 a
1076 231 1187 264 Circio
1216 233 1249 264 in
1276 233 1402 265 Eurum
1432 233 1635 275 extenditur,
1670 230 1712 266 a²
1739 235 1877 268 meridie
1904 235 2084 279 Tyrrheno
2111 238 2203 278 mari,

257 283 300 316 ab
322 283 490 326 Aquilone
517 280 688 313 Adriatico
717 280 903 321 clauditur,
927 282 968 314 ab
992 282 1135 316 occiduo
1164 283 1300 326 Alpium
1329 285 1438 316 finitur
1465 282 1594 328 iugis3,
1621 291 1708 318 terra
1736 286 1887 320 omnibus
1915 288 1948 320 in
1975 283 2097 320 rebus⁴
2124 287 2204 332 pul-

257 334 433 373 cherrima,
462 333 522 364 soli
550 332 730 371 fertilitate,
762 329 896 376 pabuli5
924 334 1074 366 ubertate
1096 335 1290 379 gratissima.

425 384 480 418 19.

255 442 287 470 et
314 440 462 479 tepentes
491 434 635 466 fontibus
662 435 770 469 Baias.

254 492 460 531 serpentem,
488 487 620 530 lyncem
645 486 766 528 feram,
797 494 829 520 et
856 486 1083 521 Diomedias¹¹
1113 502 1198 523 aveS.

534 383 648 415 Habet
674 384 765 416 lacus
792 384 1003 426 Benacmnfi,
1035 388 1204 419 Avernum
1232 392 1331 430 atque
1358 387 1560 420 Lucrinum:
1595 385 1735 421 fluvios⁷
1763 389 1944 422 Eridanum
1982 394 2014 422 et
2040 389 2202 431 Tiberim,

825 437 944 481 Gignit
971 449 1121 482 gemmas
1149 436 1340 481 Syrsstemffl
1374 436 1585 471 Lincurium⁹
1613 446 1644 472 et
1672 441 1865 482 corallium,
1895 442 2004 474 Boam
2033 438 2203 485 quoque¹⁰

1251 490 1346 522 ltalia
1363 495 1472 522 autem
1501 496 1533 523 et
1550 491 1711 536 Hispania
1739 493 1866 526 idcirco
1882 493 2066 537 Hesperiae
2082 493 2201 533 dictae,

252 539 345 582 quod
374 538 498 571 Graeci
525 536 716 582 Hespero¹²
744 540 839 571 stella
867 541 1022 585 navigent
1035 538 1074 581 ¹³,
1103 547 1136 574 et
1163 543 1194 574 in
1224 542 1316 574 ltalia
1348 547 1380 573 et
1406 542 1437 573 in
1464 543 1624 585 Hispania
1641 540 1680 584 ¹⁴,
1719 556 1804 587 quae
1833 542 1954 578 duae¹⁵
1981 545 2048 579 hac
2076 545 2201 578 ratione

252 591 488 623 discernuntur.

251 643 330 676 ficas
356 642 573 686 Hispaniam,
598 642 675 685 quia
702 643 733 674 in
761 644 943 677 occidentis
967 650 1014 677 est
1041 645 1106 677 fine
1119 641 1150 677 ¹⁵³.

416 694 474 727 20.
526 694 650 727 Tuscia
672 706 747 739 pars
775 695 908 737 ltaliae,
945 696 1084 728 Umbria
1109 708 1188 729 vero
1217 708 1293 741 pars
1317 697 1473 730 Tusciae.

251 757 322 779 rum
352 750 383 779 et
397 742 420 761 ¹⁷
448 745 553 778 thuris
580 751 715 789 vocata,
745 744 817 781 sino*
844 748 913 782 τοῦ
938 744 1130 789 θυιέζεινιμ.

248 848 426 892 perfuerit,
456 853 488 881 et
515 849 559 880 ob
582 849 650 882 lioc
675 849 807 883 Graece
835 851 1071 895 cognominata
1099 848 1191 884 ess-’⁰-

247 900 364 932 ltaliae
390 900 478 932 iuxta
506 901 690 936 meridiem.

413 951 472 985 22.

247 1001 339 1045 quasi
375 1005 494 1049 ἔτέρος
521 1001 649 1050 ὅροςῃ.

245 1058 300 1086 tea
327 1065 425 1086 unam
453 1060 580 1088 tantum
608 1056 740 1089 Tiberis
767 1058 901 1089 tenebat
928 1058 1035 1102 ripam
1047 1055 1080 1090 ²⁵.

542 590 610 623 Aut
638 591 724 623 enim
749 591 948 635 Hesperiam
976 594 1080 625 solam
1110 594 1209 635 dicis,
1238 598 1271 626 et
1297 594 1464 638 significas
1481 595 1626 636 ltaliam,
1654 600 1709 628 aut
1737 596 1831 629 addis
1848 597 2016 638 ultimam,
2044 602 2077 630 et
2097 596 2201 642 signi-

1526 697 1649 731 Tuscia
1684 702 1793 731 autem
1822 711 1839 731 a
1873 699 2058 743 frequentia
2085 710 2194 733 sacro-

527 796 702 830 Umbriam
722 803 832 831 autem
845 795 867 814 ¹⁹
901 798 1056 832 historiae
1085 805 1234 839 narrant,
1275 810 1315 832 eo
1349 799 1440 842 qnod
1467 804 1622 844 tempore
1653 812 1798 844 aquosae
1826 801 1929 834 cladis
1956 802 2116 835 imbribus
2142 813 2199 835 su-

1245 852 1304 884 Est
1332 852 1418 884 enim
1447 852 1478 883 in
1506 852 1592 897 iugis
1614 854 1782 897 Apennini
1807 854 1926 886 montis
1943 854 2020 896 sita,
2048 854 2080 886 in
2103 858 2200 898 parte

526 953 682 986 Hetrnria
709 965 787 998 pars
815 954 928 987 Italiae
956 955 1064 994 dicta,
1101 954 1193 999 quod
1222 955 1290 987 eius
1318 955 1399 987 lines
1425 952 1681 988 tendebantur²¹
1720 967 1823 999 usque
1850 956 1893 988 ad
1922 957 2028 1001 ripam
2055 955 2200 997 Tiberis,

711 1006 796 1037 Nam
826 1009 945 1052 ἔτερος
972 1007 1137 1051 significat
1174 1007 1257 1039 alter

1135 1059 1202 1090 Alii
1229 1059 1396 1090 Etruriam
1408 1057 1432 1075 '²⁴¹'
1459 1059 1502 1091 ab
1530 1059 1671 1091 Etrusco
1699 1060 1851 1103 principe
1878 1064 2005 1104 putant.

1267 1003 1292 1022 ²³
1732 1009 1865 1040 Romae
1894 1009 1980 1040 enim
2002 1007 2075 1040 finis
2088 1003 2114 1023 ²*
2140 1019 2201 1040 an—

2057 1059 2141 1091 ltem
2169 1063 2201 1092 et

1293 1031 1301 1047 ,
1327 1006 1409 1051 ὄρος
1434 1007 1505 1039 linis
1533 1012 1678 1039 vocatur.

245 1104 435 1148 Tyrrhenia
462 1118 480 1138 a
508 1107 687 1150 Tyrrheno
715 1108 803 1151 Lydi
828 1109 947 1149 fratre,
988 1110 1045 1152 qui
1074 1121 1113 1141 ex
1141 1115 1227 1142 sorte
1262 1121 1337 1143 cum
1366 1111 1486 1154 populi
1520 1116 1614 1154 parte
1637 1110 1679 1142 de
1707 1111 1866 1143 Maeonia
1892 1112 1980 1143 venit
2000 1110 2042 1143 ad
2060 1111 2198 1143 ltaliam.

246 1156 342 1189 Haec
371 1162 418 1189 est
446 1162 478 1190 et
505 1159 646 1199 Tuscia,
681 1160 740 1192 sed
768 1160 927 1192 Tusciam
955 1161 1067 1194 dicere
1093 1172 1159 1192 non
1186 1161 1365 1201 debemus,
1393 1162 1470 1203 quia
1497 1173 1656 1204 nusquam
1684 1162 1836 1206 legimus.

245 1208 431 1252 frequentia
458 1211 609 1244 sacrificii
633 1214 665 1242 et
688 1211 793 1242 thuris
822 1208 955 1251 ‹licta²⁷,
983 1209 1057 1246 α’πὸ
1084 1213 1152 1246 τοῦ
1168 1213 1280 1246 θῦσαι
1319 1239 1327 1246 .

696 1288 704 1303 ,
741 1262 796 1294 ubi
824 1262 1048 1295 Brundusium
1060 1259 1099 1303 ³¹,
1128 1275 1228 1306 quam
1258 1263 1370 1295 Aetoli
1398 1265 1501 1297 secuti
1529 1264 1728 1297 Diomedem
1757 1265 1876 1298 ducem
1905 1265 2138 1298 condiderunt.

410 1260 468 1293 23.
524 1262 650 1305 Apulia
662 1258 686 1277 ³⁰

411 1312 469 1347 24.
526 1312 709 1357 Campania
738 1313 842 1345 habet
868 1320 970 1347 terras
997 1315 1109 1347 hieme
1120 1311 1144 1331 ³²
1173 1321 1272 1358 atque
1299 1321 1423 1349 aestate
1451 1320 1632 1348 vernantes.

245 1358 404 1406 peries³³,
431 1376 487 1397 aer
514 1376 617 1408 purus
646 1370 678 1398 et
706 1365 860 1400 blandus.

410 1414 469 1447 25.

524 1417 636 1449 Gallia
664 1429 683 1449 a
710 1417 857 1451 candore
885 1418 1005 1462 populi
1029 1415 1253 1462 nuncupata³⁴
1282 1423 1343 1451 est:
1371 1416 1462 1463 γάλα
1492 1419 1578 1452 enim
1589 1415 1613 1436 ³³
1642 1419 1774 1452 Graece
1801 1420 1854 1452 lac
1882 1419 2010 1453 dicitur.

1890 1163 2014 1196 Tuscia
2041 1167 2150 1195 autem
2180 1173 2200 1194 a

2163 1209 2188 1229 ²9

1292 1209 1316 1228 ²²³
1373 1213 1444 1245 lllic
1460 1218 1492 1245 et
1520 1213 1740 1256 aruspicinam
1757 1214 1872 1246 dicunt
1889 1225 1958 1246 esse
1986 1219 2151 1257 repertam
2191 1238 2198 1244 .

1686 1315 1745 1348 Sol
1773 1316 1818 1348 ibi
1846 1316 1950 1357 mitis,
1986 1322 2083 1361 grata
2113 1323 2198 1350 tem-

2064 1417 2200 1451 Montes

245 1462 331 1495 enim
368 1469 400 1496 et
426 1467 518 1511 rigor
545 1469 632 1501 coeli
659 1469 702 1501 al)
733 1481 772 1501 ea
799 1475 894 1513 parte
928 1470 1004 1501 solis
1040 1470 1194 1503 ardorem
1230 1471 1428 1510 excludunt,
1471 1482 1538 1513 quo
1574 1472 1627 1511 lit,
1675 1477 1710 1504 ut
1738 1471 1864 1504 candor
1889 1466 2106 1515 corporum³⁶
2132 1480 2199 1503 non

245 1514 422 1549 coloretur.

478 1519 575 1552 Hanc
605 1520 646 1551 ab
677 1521 802 1552 oriente
837 1521 974 1564 Alpium
1011 1521 1089 1566 iuga
1117 1527 1263 1562 tuentur,
1314 1523 1355 1554 ab
1389 1532 1510 1554 occasu
1539 1522 1677 1556 includit
1704 1519 1912 1563 Oceanus³⁷‚
1952 1523 1995 1555 ab
2024 1521 2162 1554 meridie

244 1572 427 1611 praerupta
453 1569 631 1612 Pyrenaei,
659 1583 678 1603 a
705 1573 929 1616 septentrione
956 1572 1068 1605 Rheni
1091 1574 1213 1606 fluenta
1240 1578 1340 1617 atque
1368 1572 1565 1614 Germania,
1593 1574 1685 1607 cuius
1712 1575 1837 1606 initium
1864 1575 2007 1618 Belgica
2018 1569 2059 1614 ³⁹,
2089 1569 2184 1605 finis⁴

2174 1518 2199 1538 ³8

2186 1568 2199 1589 ⁰

244 1616 477 1661 Aquitania⁴¹,
513 1622 607 1666 regio
634 1623 737 1666 gleba
765 1624 860 1656 uberi
896 1636 935 1658 ac
962 1625 1143 1668 pabulosa,
1184 1623 1262 1657 ad³²
1296 1637 1391 1658 usum
1419 1625 1633 1658 animantium
1659 1631 1755 1669 apta,
1786 1626 1975 1659 ssuminibus
2002 1635 2138 1668 quoque
2166 1628 2198 1657 et

245 1669 392 1702 fontibus
419 1670 559 1717 irrigua,
587 1674 725 1718 perfusa
753 1673 918 1708 ‹luobus⁴³
945 1678 1074 1721 magnis
1095 1677 1219 1710 Rheno
1241 1682 1272 1709 et
1299 1677 1471 1709 Rhodano
1498 1677 1614 1710 fluviis.

333 1749 360 1783 1)
380 1754 566 1784 sttrzmum
597 1750 653 1779 Gu.
670 1752 697 1780 2.
719 1767 761 1772 —
783 1750 812 1789 2)
838 1763 856 1778 ιι
881 1751 981 1780 addidi
1006 1763 1020 1780 e
1044 1754 1073 1781 Z.
1099 1755 1155 1783 Gu,
1177 1757 1202 1783 1.

245 1791 273 1820 2.
298 1798 343 1826 pr.
368 1799 414 1819 va.
441 1793 490 1821 Ar.
513 1808 555 1813 —
586 1792 614 1832 3)
636 1793 684 1820 Sic
701 1793 729 1820 Z.
755 1794 811 1822 Gu.
834 1798 859 1825 1.
877 1810 918 1815 -—
944 1797 1095 1833 iugis-jin.
1120 1796 1201 1832 vulg.

244 1847 285 1852 —
309 1832 340 1868 4)
361 1832 409 1859 Sic
438 1834 468 1863 Z.
494 1835 551 1864 Gu.
577 1838 603 1866 1.
627 1837 656 1865 2.
681 1853 722 1856 —
755 1837 787 1864 in
810 1836 867 1866 rel).
892 1848 969 1865 omn.
996 1839 1073 1875 vulg.
1099 1854 1136 1859 —
1170 1840 1202 1865 ιἰι

246 1883 324 1901 omn.
349 1874 405 1901 rel),
430 1886 473 1914 pr.
500 1894 535 1898 -—-
567 1876 596 1916 5)
621 1878 720 1906 solius
746 1879 858 1917 paludi
881 1880 912 1909 Z.
933 1896 975 1901 ——
1004 1882 1035 1917 6)
1071 1882 1142 1909 Vm.
1171 1882 1202 1909 Z.

246 1916 303 1944 Gu.
326 1918 354 1946 2.
379 1926 423 1955 pr.
448 1929 495 1947 va.
511 1936 551 1940 —
574 1920 759 1959 7)flu1·1'um
783 1923 837 1951 Gu.
862 1924 891 1952 2.
915 1939 957 1943 -
979 1922 1007 1961 5)
1031 1923 1079 1951 Sic
1101 1925 1203 1952 Ar.—

245 1960 376 1987 Serciten
401 1961 481 1998 vulg.
508 1979 546 1983 -—
572 1964 702 1991 Sam-en
726 1965 756 1994 Z,
782 1982 814 1986 —
838 1965 936 2002 bagae
959 1968 1080 1993 Sfrtz'len
1105 1968 1158 1994 Gn.
1174 1969 1203 1997 Ω.

244 2011 291 2029 va.
315 2018 357 2024 —
386 2004 413 2037 9)
439 2005 487 2032 Sic
505 2004 553 2033 Ar.
575 2022 611 2026 —
636 2008 805 2045 Ligurium
820 2009 902 2045 vulg.
925 2025 966 2029 —
990 2008 1034 2047 lo)
1055 2009 1202 2047 boumque

246 2043 302 2072 Gu.
323 2046 349 2075 1.
376 2060 413 2064 —
446 2048 493 2081 11)
516 2048 700 2076 Diomedeas
722 2049 772 2080 Ar,
799 2069 836 2073 -
865 2050 906 2089 12)
936 2052 1064 2089 I'e-spaero
1088 2053 1117 2079 Z.
1144 2052 1199 2082 Gu.

245 2088 274 2117 2.
296 2102 339 2107 —
362 2088 450 2115 stella
475 2088 559 2127 quod
583 2092 692 2119 Graeci
716 2092 810 2131 Hesp.
835 2094 891 2122 Gn.
914 2096 942 2124 1.
969 2113 1006 2116 —
1040 2093 1083 2132 13)
1107 2097 1200 2122 naui-

242 2134 321 2167 gant
344 2130 400 2158 Gu.
416 2133 445 2161 2.
471 2146 513 2153 --
538 2133 583 2169 14)
607 2135 639 2160 m
662 2134 786 2162 Italiam
809 2141 835 2163 et
859 2138 891 2163 in
915 2137 1107 2174 IIispaniam
1125 2138 1200 2167 Z.—

247 2177 273 2199 ει
295 2172 393 2200 ltalia
418 2173 560 2211 ispania,
589 2186 666 2212 qaae
694 2177 753 2204 lmc
776 2185 833 2207 rat.
859 2183 914 2207 etc.
941 2180 997 2207 Gu.
1020 2183 1048 2211 2.
1082 2196 1113 2201 —
1153 2182 1198 2216 15)

245 2214 295 2242 Sic
321 2214 352 2243 Z.
375 2215 431 2244 Gu.
452 2219 477 2247 1.
494 2233 535 2237 —
563 2216 700 2256 duaeque
715 2220 796 2257 vulg.
822 2238 863 2242 —-
887 2232 965 2259 quae
984 2222 1043 2249 lzac
1059 2228 1119 2251 rat.
1143 2223 1200 2253 Gu.

247 2259 274 2287 2.
302 2256 352 2286 Ar.
379 2275 416 2280 —
455 2261 498 2292 16)
517 2259 564 2287 Sic
590 2260 620 2288 Z.
646 2262 703 2292 Gu.
727 2265 753 2293 1.
776 2266 806 2293 Ω.
829 2264 877 2291 Ar.
903 2280 937 2284 —
965 2266 997 2291 ιἰι
1016 2264 1081 2301 fine
1104 2265 1200 2294 oceid.

247 2304 289 2326 est
311 2300 390 2335 vulg.
411 2316 453 2321 —
477 2299 522 2340 17)
546 2302 591 2329 rel
611 2303 642 2330 Z.
666 2320 706 2324 —
728 2304 771 2342 18)
796 2302 852 2335 α’πό
876 2308 945 2341 ζιζιν
968 2307 1000 2334 Ζ.
1020 2324 1057 2329 —
1085 2315 1199 2345 apotolo

247 2343 324 2368 cizin
349 2344 405 2369 Gu.
426 2345 452 2372 1.
475 2360 515 2364 —
541 2346 615 2372 tizin
639 2345 693 2374 Gu.
717 2347 747 2376 2.
772 2362 813 2368 --
837 2351 1012 2385 apanis-izin
1037 2350 1093 2378 Gu.
1112 2353 1140 2381 3.
1158 2368 1197 2372 ·—-

249 2387 470 2422 apoczszaczzia
494 2386 549 2415 Gu.
563 2387 592 2417 4.
617 2388 684 2418 Om.
711 2398 758 2427 pr,
781 2399 827 2419 va,
871 2390 958 2420 Haud
981 2390 1070 2421 dubie
1093 2393 1197 2431 legen—

1245 1752 1315 1780 dnm
1349 1750 1407 1782 οἷπὸ
1436 1754 1489 1781 τοῦ
1516 1754 1620 1782 θῦσαι.
1661 1752 1747 1781 Arcv.
1779 1748 1841 1782 cino*
1863 1753 1917 1781 τοῦ
1948 1749 2047 1781 θύειν.
2086 1751 2197 1789 Aperte

1245 1802 1339 1834 aputu
1370 1795 1436 1822 (lien
1465 1795 1542 1823 infra
1574 1800 1617 1823 est
1641 1795 1670 1823 in
1696 1797 1751 1823 Gu.
1780 1798 1807 1826 1.
1832 1794 1860 1822 h.
1885 1804 1909 1823 e.
1939 1796 2043 1824 θῦσαι.
2076 1809 2117 1815 —-
2148 1795 2195 1832 19)

1245 1844 1345 1866 autem
1368 1849 1423 1877 pro
1448 1849 1513 1865 vcro
1536 1838 1591 1866 Gu.
1617 1840 1645 1869 1.
1668 1854 1710 1858 —
1736 1835 1784 1875 ΞΟ)
1807 1838 1856 1865 Sic
1879 1838 1934 1865 Gu.
1955 1839 1981 1866 1.
2000 1852 2040 1858 —
2072 1836 2197 1866 Umbria

1246 1903 1253 1910 .
1278 1903 1283 1909 .
1308 1883 1522 1920 cognominata
1546 1880 1622 1917 vulg.
1639 1897 1679 1902 —
1709 1881 1864 1908 [ὶηίη-ιίιιη
1887 1897 1925 1902 --
1949 1880 2196 1918 cognominatam

1247 1924 1331 1952 Arev.
1355 1940 1397 1946 —-
1419 1922 1467 1963 21)
1484 1923 1661 1951 tenebantur
1685 1924 1741 1952 Gu.
1763 1925 1791 1954 2.
1816 1939 1858 1944 --
1888 1921 1936 1961 92)
1960 1923 2195 1960 aclvpocopeiZ·

1247 1983 1282 1988 -
1308 1977 1528 2005 ‹zperocaewmom
1551 1971 1645 1993 cteroc
1668 1966 1722 1994 Gu.
1742 1969 1767 1996 1.
1791 1982 1831 1986 —
1854 1971 2008 2002 artccoroy
2032 1966 2088 1993 Gu.
2107 1966 2137 1996 3.
2152 1982 2195 1987 ——

1245 2011 1422 2037 aiter-ommi
1445 2010 1571 2036 aize-wic
1594 2008 1685 2038 Gu.4.
1699 2025 1740 2031 ·-
1755 2009 1936 2036 atterocoroi'
1951 2017 2045 2046 pr.—-
2065 2007 2130 2036 Oru.
2146 2017 2193 2036 va.

1244 2069 1285 2074 -—-
1309 2051 1354 2092 2³3)
1380 2053 1427 2080 Sic
1450 2052 1480 2079 Z.
1505 2052 1561 2080 Gu.
1585 2054 1609 2082 1.
1635 2055 1662 2082 2.
1686 2053 1716 2082 3.
1741 2051 1769 2082 4.
1793 2062 1837 2089 pr.
1853 2061 1897 2079 va,
1920 2051 1956 2078 al.
1977 2065 2017 2071 —·
2036 2051 2120 2088 signi
2131 2056 2195 2078 wat

1245 2105 1301 2123 om.
1317 2094 1398 2132 vulg.
1424 2112 1457 2115 —
1483 2095 1621 2132 2⁴)fines
1644 2094 1675 2122 Z.
1695 2093 1743 2124 Ar.
1762 2111 1800 2114 —
1824 2096 1872 2128 25)
1891 2095 1940 2121 Sic
1963 2093 2017 2120 Gu.
2035 2095 2062 2124 1.
2082 2109 2124 2115 --
2145 2094 2193 2121 ri·-

1236 2148 1314 2176 pam
1337 2143 1393 2167 len.
1414 2137 1494 2174 vulg.
1509 2154 1549 2158 —
1575 2137 1710 2165 tenebunt
1733 2136 1781 2164 Ar.
1804 2153 1846 2157 —
1869 2138 1915 2174 126)
1937 2134 2053 2163 dictam
2075 2135 2141 2165 add.
2160 2136 2191 2163 Z.

1244 2181 1280 2208 al.
1304 2190 1348 2218 pr.
1359 2190 1404 2207 va.
1421 2196 1462 2199 —
1485 2179 1533 2218 Ξῖ)
1551 2186 1591 2207 est
1607 2179 1675 2208 add.
1696 2179 1793 2216 vulg,
1815 2178 1895 2216 quod
1917 2189 1973 2207 om.
1999 2178 2055 2206 Gn.
2072 2180 2097 2209 1.
2113 2180 2192 2208 2.—

1243 2220 1290 2260 25)
1306 2222 1355 2250 Sic
1380 2222 1435 2250 Gu-
1456 2225 1481 2253 1·
1504 2226 1531 2254 2.
1555 2225 1585 2254 3.
1604 2222 1632 2252 4.
1659 2222 1724 2250 Οω.
1740 2224 1772 2250 Ζ.
1797 2232 1841 2260 pr.
1863 2232 1909 2250 va.
1928 2238 1964 2242 —
1991 2220 2075 2257 Vulg.
2091 2218 2191 2249 θύειν.

1244 2282 1282 2285 -
1305 2267 1353 2300 529)
1377 2266 1535 2302 aruspicia
1558 2289 1563 2294 .
1585 2286 1593 2294 .
1617 2270 1732 2302 rrperta
1763 2264 1819 2292 Gu.
1838 2267 1868 2295 2.
1886 2281 1919 2286 -
1941 2263 2119 2299 auruspicia
2143 2273 2190 2301 pr.

1242 2317 1308 2343 va.,
1340 2317 1415 2345 quae
1438 2313 1554 2346 reperta
1580 2307 1710 2335 exhibet.
1733 2323 1776 2328 —
1799 2307 1959 2344 aruspicia
1982 2304 2128 2332 dicuntur
2147 2316 2190 2332 re-

1236 2356 1325 2388 perta
1341 2350 1378 2379 al.
1401 2366 1443 2371 —
1465 2349 1512 2389 30)
1531 2350 1615 2387 Vulg.
1639 2349 1707 2378 add.
1724 2355 1783 2385 est,
1809 2349 1889 2386 quod
1905 2358 1962 2376 om.
1985 2346 2040 2374 Gu.
2057 2350 2081 2377 1.
2096 2350 2124 2379 2.
2141 2358 2186 2385 pr.

1241 2403 1288 2423 va.
1316 2408 1356 2414 —·
1378 2394 1427 2431 31)
1450 2392 1659 2421 Brundi-sium
1681 2392 1738 2421 Gu.
1758 2393 1788 2422 2.
1807 2391 1856 2420 Ar.
1877 2407 1915 2412 —
1937 2390 2032 2417 situm
2055 2396 2096 2417 est
2119 2390 2185 2419 add,
