2264 2830
800 104 1047 140 ORIGINUM
1083 107 1228 142 LIBER
1255 109 1297 143 V.

78 208 193 249 pater,
220 203 272 236 vel
294 202 447 235 dominus
475 203 578 235 tilium
605 212 716 243 suurn,
745 202 797 235 vel
824 212 955 234 sewum
966 198 989 218 ³¹
1020 213 1082 246 pro
1110 214 1169 236 suo
1196 200 1376 236 tractat-(²1³²
1403 204 1535 247 patitur.

1956 112 2029 146 159

1588 203 1758 236 Peculium
1789 210 1897 238 autem
1927 219 1943 238 a
1968 219 2027 250 pe-

79 257 221 290 cudibus
249 256 385 295 dictum,
413 255 444 286 in
472 255 590 297 quibus
613 259 759 286 veterum
787 254 960 287 constabat
987 255 1136 288 universa
1164 256 1352 291 substantia,

245 307 280 342 6.
333 307 505 339 Bonorum
533 306 694 350 possessio
723 312 770 338 est
798 307 845 338 ius
874 306 1104 349 possessionis,
1133 313 1225 340 certo
1254 308 1370 339 ordine
1398 312 1556 349 certoque
1584 302 1716 338 titulo³³
1743 307 1911 350 acquisita.

245 359 279 391 7.
331 359 488 390 Intestata
515 357 702 390 haereditas
730 363 795 399 est,
824 369 910 401 quae
937 363 1133 391 testamento
1161 360 1285 403 scripta
1312 370 1377 391 non
1406 364 1472 399 est,
1500 364 1574 399 aut,
1605 358 1629 390 si
1649 357 1772 402 scripta
1799 360 1853 399 sit,
1882 360 1951 392 iure
1979 365 2029 392 ta-

79 424 155 445 men
177 421 386 454 nequaquam
414 414 462 442 est
487 409 576 442 edita
588 405 622 443 ³⁸.

242 463 276 494 ὅ.
331 461 468 494 Caduca
496 457 703 502 dicuntur³⁵‚
731 461 808 503 quia
836 461 904 493 eius
930 460 1094 494 haeredes
1122 461 1298 494 ceciderun

1302 466 1314 493 ι
1325 457 1358 494 ³⁰.

243 513 276 546 9.
330 509 505 545 Familia²ss
533 512 752 545 herciscunda
781 517 827 545 est
855 513 970 545 divisio
999 513 1215 545 haereditatis
1243 513 1326 546 inter
1353 511 1526 544 haeredes.
1564 512 1794 546 llerciscuuda
1823 513 1910 546 euim
1937 513 2029 557 apud

78 570 203 599 veteres
225 564 340 596 divisio
369 570 586 608 nuncupatur.

242 616 298 648 10.

354 615 531 649 Communi
566 611 784 647 dividendo³⁸
812 621 860 647 est
893 615 977 647 inter
1012 627 1087 655 eos,
1129 615 1248 658 quibus
1281 613 1467 649 communis
1501 625 1552 647 res
1590 618 1655 656 est,
1703 626 1790 658 quae
1824 616 1909 648 actio
1940 616 2031 648 iubet

75 667 320 713 postulantibus
352 668 389 700 iis
417 664 610 699 ιιι-ὺίίῐιιιιιῖω
638 667 728 707 ‹lai-i,
757 667 849 699 cuius
876 668 1034 700 arbitratu
1063 679 1113 699 res
1141 667 1330 699 dividantur
1344 664 1376 698 ⁴⁰.

753 713 776 734 ⁴1

240 718 300 750 ll.

354 719 484 751 Finium
514 719 742 763 regundorum
804 719 892 751 actio
920 719 1028 759 dicta,

1062 730 1102 752 eo
1130 718 1222 762 quod
1257 730 1319 763 per
1353 729 1427 750 eam
1462 720 1621 761 regantur
1655 716 1736 750 fines
1772 717 1902 760 utrique
1946 742 1954 757 ‚
1991 729 2030 750 ne

75 770 289 816 dissipentur,
321 770 508 804 dummodo
535 782 601 803 non
624 769 813 815 angustiore
841 770 987 813 quinque
1014 771 1139 815 pedum
1171 771 1246 804 loco
1275 783 1313 803 ea
1341 769 1566 803 controversia
1594 769 1643 803 sit,

241 822 300 858 12.

74 977 352 1017 contrahebatur,
380 982 506 1011 certum
534 978 591 1019 sit,
620 989 693 1009 eam
705 972 729 993 ⁴⁷
756 976 879 1009 deferri
892 973 926 1010 ⁴⁸.

240 1027 298 1061 15.

240 1079 295 1112 16.

355 818 535 856 Locatio'¹³
562 834 611 854 res
637 821 681 854 ad
709 833 803 854 usum
832 821 908 854 data
937 834 1012 855 cum
1042 823 1242 855 diffinitione
1270 821 1443 854 mercedis.

239 873 300 908 13.
354 874 545 908 Conductio
574 878 622 906 est
648 885 699 906 res
724 874 755 905 in
782 885 875 906 usum
900 880 1040 918 accepta
1075 885 1152 907 cum
1181 875 1355 907 constituta
1384 871 1550 906 mercede.

240 925 298 958 14.
351 925 419 959 Res
454 926 580 959 credita
614 929 677 965 est,
711 936 797 968 quae
828 926 860 957 in
892 922 1170 971 ‹›b1igationen1⁴¹
1197 926 1241 958 ita
1277 925 1422 959 deducta
1453 928 1520 964 est,
1556 926 1591 954 ut
1619 933 1658 954 ex
1684 926 1839 965 ternpore
1886 948 1894 961 ,
1929 917 2016 964 qu0¹

2019 917 2031 936 6

353 1028 461 1062 Usura
490 1033 536 1062 est
563 1029 802 1061 incrementum
830 1029 993 1073 foenoris,
1022 1028 1065 1061 ab
1094 1040 1152 1061 usu
1180 1028 1262 1061 aeris
1290 1027 1408 1061 crediti
1436 1029 1636 1069 nuncupata.

350 1080 577 1114 Commodum
606 1086 654 1112 est
681 1081 731 1121 id,
769 1081 862 1123 quod
890 1081 992 1113 nostri
1020 1081 1097 1113 iuris
1127 1085 1193 1121 est,
1231 1086 1263 1113 et
1287 1080 1329 1112 ad
1359 1075 1479 1111 alios⁴⁰
1507 1076 1736 1120 temporaliter
1764 1074 1957 1107 translatum
1983 1080 2030 1107 est

73 1143 149 1166 curu
179 1128 318 1164 niodo5⁰
352 1133 531 1177 temporis,
559 1133 717 1175 quamdiu
740 1132 832 1176 apud
864 1144 939 1165 eum
950 1129 973 1148 ⁵¹
1003 1133 1058 1172 sit,
1088 1132 1175 1165 unde
1198 1137 1230 1164 et
1243 1128 1267 1148 ⁵²
1295 1130 1511 1165 commodum
1523 1126 1547 1145 ⁵³⁵
1571 1129 1698 1162 dictum
1724 1133 1780 1159 est.

238 1182 298 1215 17.

351 1184 543 1217 l‘recarium
576 1188 642 1224 est,
684 1183 766 1217 dum
802 1195 906 1228 prece
939 1184 1085 1217 creditor
1113 1188 1252 1228 rogatur
1282 1182 1428 1226 permitti
1441 1178 1482 1221 ⁵⁴,
1528 1180 1717 1212 debitorem
1753 1180 1786 1210 in
1821 1177 2029 1221 possessione

73 1235 167 1268 fundi
195 1235 256 1268 sibi
285 1235 429 1279 obligati
458 1236 643 1276 demorari,
672 1241 704 1268 et
735 1247 774 1267 ex
804 1247 844 1267 eo
855 1232 880 1253 5⁵
903 1236 1028 1267 fructus
1055 1246 1187 1278 capere.

1250 1235 1294 1266 Et
1321 1234 1447 1266 dictum
1476 1231 1682 1275 precarium,
1717 1230 1794 1272 quia
1829 1240 1932 1272 prece
1959 1228 2030 1260 adi-

71 1283 178 1329 111156,
206 1287 299 1330 quasi
326 1288 522 1330 precadium
533 1283 575 1326 ⁵⁷,
602 1298 619 1318 r
646 1285 741 1318 litera
762 1297 825 1330 pro
852 1283 912 1317 (1⁵⁵
939 1291 1144 1319 commutata
1155 1282 1188 1318 ⁵⁹.

240 1336 297 1371 18.
351 1338 506 1370 Mutuum
535 1342 646 1369 autem
659 1334 683 1353 ‘³⁰
711 1337 918 1381 appellatum
947 1342 1011 1377 est,
1039 1337 1116 1379 quia
1143 1336 1195 1376 id,
1223 1334 1315 1378 quod
1344 1346 1362 1366 a
1383 1346 1436 1366 me
1463 1333 1521 1366 tibi
1548 1333 1664 1372 datur,
1689 1342 1729 1364 ex
1755 1342 1832 1363 meo
1860 1336 1953 1362 tuum
1981 1330 2027 1364 lit.

239 1388 298 1421 19.
351 1389 551 1432 Depositum
583 1393 631 1421 est
661 1388 784 1433 pignus
819 1388 1090 1422 commendatum
1118 1388 1162 1419 ad
1193 1392 1343 1430 tenipus,
1377 1385 1470 1428 quasi
1504 1381 1593 1417 ‹liu‘il
1631 1383 1785 1427 positum.

1848 1381 2028 1425 Deponere

74 1444 183 1471 autern
218 1440 290 1482 quis
323 1441 471 1481 videtur,
521 1451 598 1474 cum
635 1440 761 1483 aliquid
796 1445 888 1473 metu
917 1440 1013 1481 furti,
1045 1439 1206 1479 incendii,
1244 1437 1427 1482 naufragii,
1466 1436 1558 1480 apud
1585 1435 1689 1468 alium
1719 1432 1893 1468 custodiae
1930 1443 2028 1466 causa

72 1491 219 1535 deponit.

236 1541 295 1576 20.

347 1542 487 1574 Interest
512 1546 624 1574 autem
651 1542 684 1575 in
709 1542 873 1585 loquendi
899 1553 959 1574 usu
986 1541 1071 1574 inter
1096 1541 1220 1586 pignus
1246 1546 1279 1573 et
1306 1550 1424 1572 arram.

69 1598 122 1626 tur
143 1599 284 1637 propter
311 1594 473 1627 creditam
485 1590 529 1634 ⁶²,
552 1605 639 1637 quae
666 1593 747 1627 dum
775 1594 943 1635 redditur,
971 1594 1081 1626 statim
1109 1587 1232 1637 pignus
1261 1591 1419 1624 aufertur.

1478 1537 1565 1571 Nam
1592 1537 1716 1581 pignus
1743 1540 1809 1577 est,
1843 1534 1936 1578 quod
1964 1535 2023 1567 ‹la-

1473 1589 1559 1622 Arra
1594 1599 1692 1629 vero,
1726 1598 1814 1631 quae
1846 1583 2026 1632 [ηἰηιυιῐι03

68 1656 131 1689 pro
159 1656 194 1678 re
220 1645 329 1678 bonae
357 1645 437 1678 fidei
460 1650 633 1679 contractu
647 1641 672 1662 ὓ*
699 1650 831 1690 empta,
859 1657 899 1679 ex
925 1650 1021 1690 parte
1050 1645 1164 1686 datur,
1194 1648 1226 1677 et
1252 1648 1369 1688 postea
1397 1641 1600 1686 completur.

68 1764 125 1784 om.
149 1754 207 1783 Gu.
234 1757 259 1785 1.
284 1753 334 1782 Ar.
357 1770 389 1775 -
412 1763 470 1792 pro
493 1764 549 1781 suo
578 1754 642 1782 inre
670 1755 706 1783 al.
732 1764 782 1784 va.
805 1759 835 1783 et
863 1764 924 1784 var.
951 1754 1017 1783 lect.

68 1807 115 1835 ap.
144 1796 232 1825 Goth.
265 1814 304 1818 —
338 1798 384 1833 33)
415 1802 552 1835 certoque
577 1802 705 1835 tempore
736 1804 760 1825 et
787 1797 878 1825 titulo
912 1798 951 1826 al.
978 1813 1020 1820 -

68 1838 117 1879 34)
139 1838 228 1867 adita
254 1839 300 1867 Ar.
322 1854 364 1860 —
386 1838 485 1866 edicta
511 1850 555 1868 va.
580 1856 614 1861 —
641 1843 687 1875 35)
711 1840 796 1878 Vulg.
820 1839 890 1868 inde
912 1839 1019 1867 dietm-

68 1888 131 1917 tur,
155 1881 207 1910 sed
231 1880 299 1909 inde
321 1891 378 1910 om.
405 1882 460 1910 Gu.
483 1886 508 1913 1.
530 1899 571 1903 ——
597 1881 713 1910 dicitur
735 1884 773 1912 al.
804 1901 842 1905 —
875 1883 924 1919 36)
948 1883 1021 1910 lme-

66 1924 182 1953 reditas
205 1923 343 1951 recalent
365 1924 402 1952 al.
429 1940 463 1945 —-
498 1927 542 1962 37)
563 1926 708 1961 familiae
730 1927 787 1955 Gu.
805 1928 831 1956 1.
850 1925 885 1953 al.
904 1930 933 1954 et
951 1936 1020 1954 mox

66 1966 282 1995 herciscundae
304 1967 342 1996 al.
367 1972 395 1995 et
415 1976 460 1995 va.
484 1982 527 1988 -—
550 1970 595 1999 38)
612 1968 660 1996 Sic
685 1969 742 1997 Gu.
758 1972 784 2000 1.
800 1970 828 1998 2.
852 1968 888 1996 al.
906 1978 952 1996 va.
968 1968 1018 1997 Ar.

67 2009 276 2050 (dividundo.)
323 2009 407 2046 Vulg.
437 2009 612 2037 Communis
635 2010 756 2039 divisio.
801 2010 877 2039 Vide
896 2011 973 2039 titul.
989 2013 1017 2042 3.

67 2053 117 2082 lib.
136 2054 174 2083 X.
199 2053 262 2090 ing.
284 2052 322 2081 de
345 2052 492 2080 communi
515 2053 686 2082 dividendo.
719 2071 757 2076 -—
787 2051 834 2092 39)
853 2054 1018 2081 arbitrium

67 2096 125 2124 Gu.
149 2099 178 2127 2.
202 2111 241 2117 -
273 2094 319 2133 ι40)
343 2093 506 2121 dividatur
528 2096 585 2123 Gu.
608 2099 637 2127 2.
666 2107 712 2125 va.
738 2096 787 2126 Ar.
819 2112 858 2117 -
895 2098 943 2132 41)
968 2096 1018 2124 Sic

67 2139 124 2167 Gu.
145 2141 171 2170 1.
193 2141 220 2169 2.
244 2136 295 2166 Ar.
321 2155 356 2158 —
389 2136 588 2174 regendorum
611 2139 692 2177 vulg.
717 2156 759 2161 --
787 2139 834 2175 42)
859 2141 1018 2177 utriusque

65 2181 123 2210 Gu.
137 2183 165 2212 2.
184 2180 220 2209 al.
237 2190 298 2208 var.
322 2180 389 2208 lect.
412 2190 460 2218 ap.
483 2179 571 2208 Goth.
594 2191 640 2209 va.
655 2197 697 2203 ——
718 2184 766 2219 43)
783 2182 862 2219 vulg.
880 2187 922 2209 est
937 2181 1015 2217 add„

65 2223 146 2263 quod
169 2234 227 2252 om.
254 2223 309 2254 Gu,
335 2226 362 2254 1.
395 2238 436 2244 —
473 2222 520 2260 44)
545 2222 593 2251 sic
618 2223 675 2253 Gu.
704 2228 730 2255 1.
761 2234 806 2263 pr.
831 2235 877 2253 va.
902 2225 950 2253 Ar.
974 2240 1015 2246 --

65 2267 250 2304 obligatione
277 2266 312 2294 al.
346 2281 389 2286 ——-
424 2264 474 2301 45)
503 2275 536 2292 ex
567 2267 648 2293 omni
671 2272 799 2305 tempore
823 2268 860 2295 al.
890 2284 928 2288 -—-
965 2264 1013 2307 46)

66 2309 151 2346 Vulg,
176 2319 234 2347 quo
257 2319 321 2344 νεε,
352 2307 403 2336 sed
427 2317 473 2335 res
496 2317 551 2337 om.
574 2308 632 2337 Gu.
651 2312 677 2339 1.
701 2313 728 2340 2.
759 2320 806 2348 pr.
831 2320 876 2338 va.
900 2310 947 2337 Ar.
971 2325 1013 2330 —

65 2352 111 2388 47)
135 2352 184 2380 Sic
211 2351 266 2380 Gu.
283 2355 307 2383 1.
331 2350 381 2381 Ar.
405 2366 445 2372 ·—
471 2360 522 2378 eas
544 2351 623 2389 vulg.
643 2365 686 2373 ·-—
706 2350 753 2391 48)
777 2352 891 2389 deferre
910 2353 955 2380 Gu
984 2354 1011 2382 2.

1063 1753 1100 1782 al.
1123 1764 1169 1792 pr.
1190 1763 1236 1781 va.
1264 1769 1299 1774 -
1325 1750 1448 1790 dissert-e
1471 1750 1508 1777 al.
1531 1764 1573 1771 -
1604 1746 1703 1775 deberi
1726 1746 1777 1776 Ar.
1809 1762 1851 1767 —
1882 1745 1926 1784 49)
1950 1747 2022 1773 alte,

1063 1807 1133 1824 rum
1155 1797 1205 1825 Ar.
1231 1812 1273 1818 —
1294 1796 1342 1830 50)
1366 1794 1414 1822 Sic
1438 1793 1492 1820 Gu.
1512 1795 1538 1822 1.
1556 1801 1602 1819 va.
1622 1791 1672 1819 Ar.
1695 1805 1736 1811 -—-
1760 1787 1915 1816 commodo
1938 1789 1975 1816 al.
1992 1793 2021 1818 et

1063 1849 1126 1868 var.
1151 1839 1220 1868 lect.
1243 1849 1292 1877 ap.
1313 1836 1401 1865 Goth.
1447 1834 1560 1863 Verba:
1587 1831 1787 1861 Commodum
1809 1832 1952 1870 temporis
1974 1841 2020 1860 us.

1064 1892 1120 1920 que
1142 1882 1179 1911 ad
1203 1882 1291 1910 finem
1315 1878 1434 1910 articuli
1450 1888 1508 1906 om.
1533 1877 1590 1905 Gu.
1605 1879 1636 1907 2.
1654 1892 1692 1897 —-
1715 1874 1761 1913 51)
1784 1873 1939 1903 commodo
1951 1873 2019 1903 add.

1064 1926 1113 1954 Ar.
1144 1941 1186 1947 -—-
1215 1922 1262 1963 52)
1296 1929 1323 1951 ει
1352 1933 1411 1950 0111.
1435 1931 1483 1949 va.
1504 1936 1548 1942 —
1577 1917 1623 1958 53)
1647 1916 1873 1946 commodatum
1905 1917 1953 1946 Ar.
1981 1935 2017 1940 .-

1057 1967 1108 2006 54)
1126 1968 1175 1996 Sic
1191 1968 1246 1996 Gu.
1264 1969 1289 1997 1.
1308 1983 1346 1988 ——
1367 1970 1495 2002 rogatus
1514 1962 1665 2001 permittit
1688 1960 1767 1998 vulg.
1793 1976 1827 1981 —
1851 1958 1898 1999 55)
1916 1970 1950 1987 ea
1962 1960 2016 1987 Gu.

1063 2014 1092 2041 1.
1117 2010 1153 2038 al.
1184 2026 1226 2032 —
1270 2010 1316 2047 56)
1331 2008 1380 2036 Sic
1412 2008 1467 2035 Gu.
1489 2009 1515 2036 1.
1538 2015 1602 2034 var.
1626 2004 1696 2033 lect.
1720 2013 1767 2042 ap.
1791 2002 1882 2031 Goth.
1905 2002 1954 2031 Ar.
1977 2018 2017 2023 —-

1061 2052 1191 2080 additur
1215 2051 1295 2089 vulg.
1319 2066 1360 2072 --
1391 2049 1522 2078 auditur
1549 2048 1605 2076 Gn.
1624 2048 1655 2077 2.
1679 2062 1718 2068 -·
1751 2043 1798 2084 57)
1821 2044 2017 2083 preceadium

1061 2095 1110 2124 Ar.
1140 2112 1182 2117 ·-—
1217 2095 1264 2130 58)
1290 2094 1337 2122 Sic
1361 2093 1416 2122 Gu.
1444 2096 1469 2122 1.
1492 2107 1529 2112 ——-
1562 2102 1578 2118 r
1599 2100 1658 2127 pro
1682 2087 1705 2116 d
1725 2088 1771 2116 lit.
1795 2088 1874 2126 vulg.
1902 2104 1938 2108 —
1968 2085 2015 2124 59)

1062 2137 1254 2166 commodata
1277 2137 1314 2165 al.
1348 2153 1382 2158 --
1414 2134 1462 2174 60)
1485 2139 1587 2161 aulem
1609 2131 1712 2161 addidi
1734 2140 1749 2159 e
1773 2130 1828 2158 Gu.
1856 2136 1879 2162 1,
1906 2145 1945 2150 —-
1968 2131 2011 2159 61)

1060 2180 1211 2219 quamdiu
1243 2190 1289 2207 va.
1322 2196 1356 2200 —
1396 2177 1443 2217 (ΞΕ)
1474 2176 1560 2214 Vulg.
1595 2185 1657 2202 rem
1685 2172 1847 2208 creditam,
1878 2172 1930 2200 sed
1951 2181 2011 2197 raem

1058 2233 1117 2252 om.
1142 2224 1198 2252 Gu.
1224 2226 1250 2254 1.
1276 2238 1318 2243 ——
1354 2222 1398 2257 63)
1427 2220 1477 2248 Sic
1507 2219 1564 2247 Gu.
1589 2221 1614 2248 1.
1633 2220 1660 2248 2.
1690 2215 1754 2255 (est
1778 2219 1849 2254 post
1874 2216 2010 2252 primum

1058 2266 1148 2301 add.)
1175 2276 1220 2294 va.
1241 2281 1282 2286 —
1308 2264 1394 2302 Vulg.
1414 2264 1568 2301 primum,
1599 2258 1699 2299 qu0d5
1730 2257 1812 2297 qaod
1833 2263 1929 2285 autem
1952 2265 2007 2283 om.

1056 2319 1102 2346 pr.
1120 2324 1158 2330 —
1182 2306 1230 2347 64)
1241 2308 1289 2336 Sic
1306 2307 1362 2337 Gu.
1381 2310 1406 2337 1.
1421 2308 1449 2336 2.
1472 2315 1540 2334 var.
1563 2305 1630 2333 lect.
1655 2313 1701 2341 ap.
1717 2300 1804 2330 Goth.
1822 2311 1866 2338 pr.
1883 2315 1922 2320 -
1941 2308 2007 2325 con-

1054 2356 1155 2379 tracta
1173 2352 1255 2389 vulg·
