2264 2830
782 79 1028 115 OBIGINUM
1068 82 1212 116 LIBER
1244 82 1334 118 XIX.
1969 81 2042 116 611

262 176 295 210 8.
348 171 624 210 Discriminalia²⁵
663 175 778 219 capitis
815 175 988 209 mulierum
1030 180 1103 209 sunt
1139 181 1258 211 vocata
1285 188 1324 210 ex
1361 187 1420 215 eo,
1469 174 1563 218 quod
1596 176 1699 217 caput
1725 184 1807 206 auro
1847 174 2043 210 discernant.

98 230 183 263 Nam
211 228 436 262 discriminare
462 229 612 261 dividere
637 227 766 261 dicitur.

200 280 325 315 Aueiae
359 285 432 313 sunt
459 280 597 314 cincinni
625 279 852 323 dependentes
887 289 996 322 prope
1029 280 1213 321 auriculas,
1242 280 1377 313 Graeco
1412 277 1577 311 vocabulo
1612 277 1654 309 ab
1689 276 1823 310 auribus
1847 277 1955 311 dictae
1969 275 2003 311 ²⁰.

262 332 296 364 9.
350 333 439 365 Acus
467 337 556 371 sunt,
597 331 716 373 quibus
744 331 775 362 in
803 330 931 362 seminis
969 332 1194 364 ornandorum
1227 327 1404 366 crinium²⁷
1440 340 1610 374 compago
1638 329 1815 369 retinetur,
1866 341 1907 362 ne
1941 329 2045 364 laxius

99 383 201 416 ssuant
228 389 260 415 et
287 384 389 427 sparsi
416 383 614 427 dissipentur
641 383 755 426 capilli
770 380 804 415 ²³.

267 435 322 467 lo.
376 435 509 467 lnaures
537 435 580 467 ab
617 435 744 467 aurium
773 432 988 465 foraminibus
1016 438 1244 478 nuncupatae,
1287 433 1404 476 quibus
1432 431 1577 476 pretiosa
1614 426 1772 475 genera²⁹
1803 430 1955 476 lapidum
1983 433 2043 465 de-

98 485 246 530 pendent
258 483 291 520 ³⁰.
344 486 473 518 Harum
500 497 575 518 usus
601 485 633 517 in
661 486 823 525 Graecia,
854 485 987 528 puellae
1015 490 1154 528 utraque
1181 496 1279 523 aure,
1303 484 1399 528 pueri
1427 488 1553 515 tantum
1581 482 1695 514 dextra
1724 482 1893 526 gerebant.

269 537 322 571 ll.
373 537 527 580 Torques
549 542 621 570 sunt
648 538 761 570 circuli
783 537 871 569 aurei
900 548 918 567 a
946 536 1036 568 collo
1065 533 1143 568 ad³¹
1180 541 1298 580 pectus
1326 547 1429 578 usque
1457 534 1692 578 dependentes,
1752 533 1907 576 'I'orques
1934 539 2044 567 autem

99 595 131 621 et
159 589 270 621 bullae
298 600 316 620 a
344 589 420 620 viris
448 594 626 633 geruntur,
655 601 673 621 a
701 589 829 621 seminis
858 598 936 620 vero
965 588 1101 620 monilia
1129 591 1162 619 et
1185 586 1314 620 catella.
1367 586 1484 619 Dictae
1495 583 1520 602 ³⁸²
1547 590 1655 617 autem
1682 590 1833 627 torques,
1868 586 1960 628 quod
1984 586 2045 618 sint

99 637 256 679 tortae³³,
285 645 317 671 et
345 640 477 680 bullae,
504 641 597 684 quod
625 641 744 673 similes
773 635 868 672 „sint”
895 639 1097 671 rotunditate
1125 638 1245 679 bullis,
1280 649 1366 681 quae
1393 638 1425 669 in
1452 649 1538 680 aqua
1560 641 1657 669 vento
1685 636 1846 668 inflantur.

265 690 321 723 12.
375 691 505 725 Monile
529 698 757 725 ornamentum
787 703 827 724 ex
843 690 985 735 gemmis
1008 695 1071 732 est,
1099 690 1191 733 quod
1209 689 1293 721 solet
1321 700 1360 722 ex
1387 689 1584 721 seminarum
1611 688 1760 732 pendere
1788 687 1892 725 collo;
1919 687 2045 720 dictum

98 748 208 775 autem
221 739 245 760 ³³¹
272 755 290 775 a
318 754 465 776 munere.
535 744 613 777 Hoc
641 744 737 777 etiam
767 748 798 776 et
826 746 1013 785 serpentum
1027 739 1051 758 3⁶
1079 741 1217 782 dicitur,
1261 742 1339 784 quia
1372 746 1500 774 constat
1536 751 1575 772 ex
1608 739 1813 783 amphorulis
1847 739 2046 781 quibusdam

98 794 220 833 aureis,
247 795 457 839 gemmisque
469 791 494 811 ³⁷
521 795 552 827 in
574 795 713 828 modum
735 796 884 828 facturae
899 792 1069 837 serpentis.
1097 792 1255 825 Nonnulli
1278 793 1346 827 hoc
1362 798 1394 826 et
1410 797 1618 837 segmentum
1635 791 1759 829 dicunt,
1785 795 1819 822 ut
1834 790 1996 823 Iuvenalis
2006 788 2045 823 ³⁸:

326 847 522 891 Segmcnta
549 851 581 880 ct
610 848 736 891 longos
762 846 912 886 habitus,

98 896 176 931 licet
204 901 236 930 et
262 904 485 942 segmentatas
512 904 616 932 vestes
642 898 808 938 dicamus,
848 902 884 929 ut
910 896 982 940 ipsa
995 891 1034 928 ³⁵³:

327 957 375 990 Et
403 959 634 1003 segmentatis
661 958 845 991 dormisset
868 955 1025 1001 parvula
1053 955 1158 988 cunis.

267 1016 320 1051 13.
374 1018 576 1061 Plerumque
602 1021 713 1050 autem
745 1023 778 1050 et
805 1028 866 1060 per
899 1015 1023 1049 monile
1051 1015 1161 1048 omnia
1189 1019 1382 1048 ornamenta
1417 1020 1642 1047 matronarum
1669 1010 1910 1055 significantur,
1951 1011 2046 1053 quic-

99 1067 181 1110 quid
207 1068 272 1100 illis
299 1080 434 1101 munere
462 1069 567 1102 datur.

268 1118 322 1154 1⁴.
376 1120 520 1153 Murena
536 1118 560 1138 ⁴⁰
586 1121 692 1165 vulgo
718 1125 876 1159 vocatur,
904 1117 996 1162 quod
1022 1117 1148 1151 scilicet
1175 1117 1245 1150 auri
1272 1117 1407 1150 metallo
1427 1117 1459 1148 in
1486 1114 1625 1159 virgulis
1650 1112 1852 1146 lentescente
1879 1111 2047 1154 quaedam

98 1170 222 1202 ordinis
248 1170 384 1204 flexuosi
411 1177 526 1205 catena
553 1173 737 1205 contexitur
763 1172 796 1203 in
823 1166 1101 1202 similitudinem⁴¹
1131 1180 1287 1202 murenae
1314 1168 1493 1212 serpentis,
1526 1178 1612 1210 quae
1636 1164 1679 1197 ad
1706 1163 1833 1197 collum
1861 1162 2048 1196 ornandum

98 1227 238 1266 aptatur.
292 1222 388 1256 Ilaec
409 1224 576 1256 interdum
603 1224 673 1256 auri
700 1229 799 1266 atque
825 1221 953 1266 argenti
980 1220 1099 1253 texitur
1125 1220 1261 1264 virgulis
1271 1216 1305 1251 ⁴².
1359 1219 1461 1253 Unde
1489 1224 1521 1251 et
1547 1219 1579 1250 in
1606 1215 1749 1250 Canticis
1772 1214 1975 1248 canticorum
1994 1214 2046 1246 di-

98 1274 182 1306 citur
192 1270 233 1305 ⁴³:
262 1273 471 1307 Murenulas
498 1285 629 1307 aureas
653 1274 829 1318 jaciemus
857 1272 919 1305 tibi
944 1271 1196 1304 vermiculatas
1223 1275 1384 1316 argento.

265 1323 322 1357 15.
376 1325 528 1359 Catellae
554 1331 629 1359 sunt
655 1326 826 1359 catenulae
853 1324 934 1358 colli
961 1323 1102 1356 invicem
1129 1334 1162 1355 se
1197 1321 1523 1368 comprehendentes
1550 1320 1582 1351 in
1611 1317 1749 1351 modum
1772 1321 1926 1358 catenae,
1959 1316 2046 1349 unde

99 1381 130 1408 et
158 1376 356 1420 appellatae.

265 1427 320 1461 16,
375 1428 514 1462 Dextras
527 1424 551 1445 ⁴⁴
592 1439 785 1461 communes
809 1438 879 1459 esse
906 1426 1050 1458 virorum
1078 1435 1118 1458 ac
1155 1424 1331 1457 mulierum
1343 1420 1383 1464 ⁴⁵,
1425 1423 1502 1466 quia
1537 1421 1706 1463 utriusque
1743 1429 1836 1451 sexus
1851 1414 1876 1435 ⁴⁰
1910 1418 2047 1451 dextrae

98 1483 170 1510 sunt
186 1473 219 1509 ⁴⁷.

202 1529 361 1562 Armillae
391 1535 500 1562 autem
520 1530 658 1574 proprie
685 1534 758 1561 sunt
784 1523 966 1560 virorum⁴²³
993 1527 1136 1561 collatae
1153 1525 1311 1559 victoriae
1326 1536 1422 1558 causa
1439 1523 1597 1556 militibus
1612 1522 1657 1554 ob
1685 1530 1854 1553 armorum
1882 1519 2047 1555 virtutem.

100 1579 200 1612 Unde
227 1586 260 1613 et
290 1581 461 1624 quondam
499 1582 602 1626 vulgo
637 1576 808 1613 viriolae<¹⁹
835 1579 1040 1612 dicebantur.
1112 1578 1166 1611 Ab
1202 1577 1371 1610 intellectu
1404 1580 1514 1609 autem
1550 1572 1666 1607 circuli
1699 1583 1765 1604 uon
1800 1571 1967 1615 discrepat
1994 1582 2047 1603 ar-

99 1627 243 1671 milla⁵⁰‚
269 1632 347 1674 quia
374 1632 445 1676 ipsa
466 1644 602 1676 quoque
628 1631 715 1671 hoc,
751 1631 806 1664 ubi
833 1632 987 1675 ponitur,
1021 1629 1202 1663 ambiendo
1215 1626 1238 1646 5¹
1266 1628 1483 1672 constringit,
1511 1625 1569 1659 sed
1584 1621 1610 1642 ⁵²
1639 1624 1769 1657 armilla
1804 1623 1897 1655 latius
1934 1628 2048 1655 exten-

100 1681 209 1721 ditur,
237 1682 378 1715 circulus
404 1684 563 1717 rotundus
590 1684 627 1716 fit
638 1680 671 1715 ⁵³.
1867 1721 1875 1725 .

266 1733 324 1768 17.
378 1734 521 1768 Fibulae
543 1741 632 1776 sunt,
676 1734 793 1777 quibus
820 1739 938 1778 pectus
965 1732 1162 1766 feminarum
1196 1735 1347 1771 ornatur,
1390 1729 1443 1762 vel
1471 1728 1609 1774 pallium
1645 1731 1792 1763 tenetur,
1836 1721 1891 1756 αὖ*
1914 1723 1989 1756 w'ris
2017 1725 2048 1756 in

101 1783 261 1821 humeris,
289 1797 344 1818 seu
373 1786 544 1831 cingulum
570 1787 603 1820 in
630 1785 760 1818 lumbis.

103 1893 160 1920 Gu.
187 1895 213 1923 1.
246 1910 281 1913 —
312 1896 358 1933 33)
389 1895 460 1921 tora*
489 1894 545 1921 Gu.
565 1897 590 1924 1.
622 1911 659 1916 —
691 1895 736 1927 34)
765 1894 813 1921 Sic
838 1893 894 1923 Gu.
917 1895 943 1923 1.
960 1895 990 1923 2.
1009 1909 1051 1914 —
1094 1908 1134 1916 -
1157 1889 1203 1928 44)
1233 1891 1366 1917 Dextrae
1396 1897 1566 1915 Commune-5
1597 1890 1667 1912 sunt
1690 1884 1728 1912 al.
1753 1894 1798 1922 pr.
1821 1899 1854 1905 -
1884 1883 2048 1910 Deus-alla

102 1935 164 1961 sint
185 1936 252 1963 sim.
277 1934 357 1972 vulg.
389 1953 430 1957 —
465 1936 513 1973 35)
531 1941 631 1964 autem
659 1935 761 1964 addidi
786 1946 801 1964 e
825 1935 882 1964 Gu.
902 1937 928 1965 1.
957 1936 987 1965 2.
1011 1951 1051 1956 -
1095 1933 1270 1961 communia
1292 1936 1363 1959 sunt
1386 1940 1432 1958 va.
1455 1944 1497 1950 —-
1529 1927 1577 1965 45)
1603 1927 1651 1955 Sic
1675 1927 1732 1954 Gu.
1753 1928 1780 1957 1.
1801 1941 1842 1947 —
1857 1926 2049 1963 feminarum

105 1974 153 2015 35)
176 1978 357 2015 serpentium
380 1978 435 2006 Gu-
459 1980 485 2008 1.
508 1993 549 1999 —
571 1980 775 2017 serpentinum
802 1979 858 2006 Gu.
886 1980 917 2008 2.
944 1994 977 1998 --
1004 1979 1052 2012 37)
1094 1976 1176 2013 vulg.
1201 1990 1243 1997 -
1272 1974 1322 2002 Ar.
1349 1971 1417 2001 add.
1446 1981 1501 2010 per
1534 1968 1725 2008 parenthesin
1759 1974 1886 1996 constat.
1918 1984 1955 1990 -
2002 1968 2049 2002 46)

103 2020 199 2046 variis
221 2019 289 2050 add.
312 2020 394 2057 vulg.
414 2035 456 2040 —
484 2019 550 2048 Om.
573 2021 628 2050 Gu.
648 2024 674 2052 1.
691 2024 719 2053 2.
753 2037 788 2042 -
821 2023 868 2055 38)
892 2019 941 2047 Sic
963 2019 1052 2048 Arev.
1097 2024 1221 2056 uterque
1242 2017 1327 2044 sexui
1356 2025 1402 2042 va.
1431 2031 1464 2035 -
1502 2013 1548 2051 47)
1572 2012 1659 2050 Vulg.
1691 2010 1760 2041 add.
1789 2011 1893 2049 ampla
1923 2014 1949 2037 et
1979 2013 2048 2036 ante

103 2071 118 2088 e
141 2061 223 2090 SerV.
254 2062 290 2090 ad
323 2062 393 2092 Aen.
420 2065 454 2097 1,
476 2062 547 2093 654.
570 2080 611 2084 --
645 2063 732 2101 Vulg.
759 2062 910 2092 Nonnulli
940 2061 997 2090 lzoc
1027 2067 1053 2089 et
1097 2062 1250 2089 manicam
1270 2062 1454 2097 portantur,
1486 2061 1511 2083 et
1538 2060 1668 2093 possunt
1690 2054 1734 2082 ibi
1756 2055 1845 2092 iungi
1868 2053 1954 2080 clavo
1978 2061 2047 2078 uno.

102 2110 253 2141 segmenta
284 2110 311 2132 et
344 2105 451 2143 longos
479 2104 602 2133 habitus
638 2105 764 2144 (dicunt
801 2106 870 2134 add.
909 2105 967 2134 Gn.
997 2104 1052 2142 1.).
1100 2121 1135 2125 —
1157 2102 1205 2142 48)
1225 2102 1273 2130 Sic
1298 2101 1353 2128 Gu.
1377 2102 1403 2130 1.
1427 2115 1467 2119 —
1490 2099 1582 2127 viror.
1605 2102 1679 2126 sunt
1699 2096 1780 2134 vulg.
1803 2113 1845 2117 —
1866 2093 1914 2134 49)
1932 2094 1979 2121 Sic
1996 2092 2045 2120 Ar.

103 2145 198 2174 Locus
221 2147 351 2176 luvenal.
381 2152 424 2175 est
453 2147 514 2175 Sat.
544 2147 588 2184 11,
612 2147 681 2178 124.
713 2164 749 2170 —-
787 2149 835 2184 39)
860 2153 892 2176 ιιι
915 2148 978 2185 ipse
1001 2147 1052 2175 Ar.
1094 2162 1136 2168 ——
1158 2145 1281 2172 viriliae
1302 2142 1384 2179 vulg.
1410 2159 1446 2164 —
1477 2141 1565 2169 fvirile’
1588 2151 1633 2169 va.
1665 2157 1701 2161 —-
1737 2142 1781 2173 50)
1805 2138 1853 2166 Sic
1877 2137 1933 2165 Gu.
1958 2138 1982 2164 1.
2004 2148 2045 2155 —

106 2187 200 2217 Locus
222 2194 267 2218 est
289 2200 304 2218 e
326 2190 430 2218 Iuven.
453 2189 516 2218 Sat.
539 2188 590 2225 VI,
613 2191 662 2220 88.
684 2205 725 2211 —
751 2192 798 2227 40)
822 2190 987 2219 Muretmla
1003 2199 1050 2217 va.
1095 2188 1220 2216 armilla
1243 2196 1301 2214 non
1323 2184 1414 2212 dtscr.
1438 2183 1519 2221 vulg.
1542 2199 1583 2204 —
1605 2180 1653 2221 51)
1679 2183 1727 2210 Sic
1752 2181 1808 2210 Gu.
1835 2183 1860 2211 1.
1877 2181 1906 2209 2.
1928 2187 1974 2205 va.
1992 2174 2041 2203 Ar-

105 2245 144 2251 —
167 2231 214 2269 41)
237 2234 269 2259 in
291 2231 495 2260 simulitudine
518 2231 574 2259 Gu.
595 2233 622 2261 1.
642 2233 671 2262 2.
700 2247 742 2253 ——
772 2231 822 2271 42)
851 2233 979 2271 virgula
1003 2241 1050 2261 va.
1097 2249 1134 2253 —
1159 2226 1337 2267 ambigendo
1361 2227 1440 2264 vulg.
1463 2241 1505 2248 --
1525 2225 1572 2265 5⁶2)
1587 2224 1712 2264 quando
1735 2223 1803 2253 add.
1825 2221 1902 2256 vulg·
1921 2234 1958 2240 -·
1977 2216 2042 2245 0⁸²·

107 2288 143 2293 -
180 2271 228 2311 43)
252 2274 302 2300 Sic
322 2276 376 2304 Gu.
407 2280 434 2306 1.
457 2290 500 2296 —
522 2273 580 2301 dic.
611 2275 643 2301 in
676 2273 763 2303 Cant.
795 2281 874 2303 cant.
903 2275 985 2312 vulg.
1012 2289 1048 2296 —
1096 2273 1152 2300 Gu.
1174 2275 1200 2302 1.
1220 2273 1248 2301 2.
1272 2280 1316 2309 pr.
1343 2279 1390 2299 va.
1414 2269 1465 2297 Ar.
1495 2284 1537 2290 ——
1569 2267 1616 2306 53)
1639 2269 1709 2296 circ.
1734 2273 1761 2294 et
1780 2270 1834 2292 rot·
1857 2262 1898 2297 fit
1929 2269 1976 2288 va·
2001 2273 2043 2282 -

107 2316 136 2341 in
161 2321 239 2343 cant.
263 2314 322 2345 dte.
347 2323 424 2346 cant.
448 2316 546 2348 Gu.2.
571 2326 616 2355 pr.
640 2325 686 2344 va.
706 2334 742 2338 —
769 2316 863 2346 Locus
886 2322 929 2346 est
953 2320 979 2353 1,
1001 2318 1048 2346 10.
1095 2313 1140 2353 54)
1163 2324 1183 2341 a
1207 2313 1307 2342 addidi
1329 2322 1345 2341 e
1366 2312 1422 2341 Gu.
1447 2312 1525 2387 1Ηί
1541 2352 1565 2385 h
1581 2352 1605 2385 h
1627 2355 1645 2375 *
