2203 2829
183 125 233 161 84

349 217 371 250 3
376 217 395 250 1
402 245 409 252 .

186 275 217 305 et
244 274 383 305 caetera.

871 118 1049 153 ISIDORI
1074 117 1253 152 HISPAL.
1280 117 1424 153 EPISC.

463 209 679 249 Ραννὴεείαι
707 215 754 244 est
780 212 885 244 oratio
913 212 1071 246 libertatis
1090 217 1123 244 et
1147 211 1292 245 fiduciae
1319 207 1460 256 plena²:
1490 210 1618 245 Occidi
1635 208 1725 245 non³
1752 211 1921 258 Spurium
1942 212 2088 246 Aletium
2099 211 2121 256 ⁴,

437 267 514 309 Qua
540 267 647 310 figura
670 268 765 296 caute
792 263 952 297 utendum
980 269 1045 303 est,
1072 268 1108 296 ut
1138 263 1276 296 Cicero:
1302 259 1491 308 praemisit⁵
1518 263 1605 296 enim
1631 264 1791 297 rationem
1803 262 1825 298 ⁶.

348 319 407 354 32.
460 312 681 361 Ethopoeia⁷
708 319 773 358 est,
801 326 877 348 cum
907 326 1092 348 sermonem
1120 326 1159 347 ex
1189 316 1295 348 aliena
1321 325 1464 359 persona
1490 314 1696 357 inducimus,
1736 320 1771 348 ut
1795 326 1858 360 pro
1888 315 2005 349 Caelio
2032 315 2122 348 Tul-

185 373 246 406 lius
273 372 352 406 facit
379 370 527 415 Appium
555 367 699 400 Caecum
725 377 800 399 cum
830 363 975 400 Clodia⁸
1003 367 1203 409 loquentem.

348 421 406 454 33.
459 418 623 463 Energiu
651 421 698 450 est
725 429 836 452 rerum
863 423 1033 463 gestarum
1062 423 1118 451 aut
1156 417 1247 462 quasi
1274 421 1444 462 gestarum
1471 416 1532 450 sub
1559 417 1664 452 oculis
1691 417 1855 459 inductio,
1891 417 1936 450 de
1963 428 2028 460 qua
2055 417 2122 450 iam

185 474 286 508 locuti
297 471 309 491 ⁹
335 483 452 505 sumus

346 523 406 558 3⁴.

461 519 671 553 Illetuthesis
698 525 765 560 est,
807 531 894 563 quae
926 520 1024 553 mittit
1060 520 1185 553 animos
1214 519 1362 552 iudicum
1396 519 1430 551 in
1460 530 1512 551 res
1544 520 1736 563 praeteritas
1768 525 1824 552 aut
1862 520 2004 559 futuras,

2052 518 2121 552 hoc

184 575 305 609 modo:
330 574 512 606 Revocate
524 568 547 588 ¹⁰
572 575 704 604 mentes
731 572 781 604 ud
806 572 1046 617 spectaculum
1074 575 1302 616 expugnatae
1329 570 1479 603 miserae
1508 571 1668 611 civitatis,
1694 575 1727 604 et
1753 571 1874 604 videre
1899 583 1959 604 vos
1986 570 2121 603 credite

183 625 361 665 incendia,
389 623 535 663 caedes,
557 623 722 667 rapinas,
749 623 976 668 direptiones,
1005 622 1193 656 liberorum

774 675 812 707 ln
838 675 984 707 futurum
1013 680 1122 707 autem
1150 674 1342 717 anticipatio
1370 684 1502 713 eorum,
1535 685 1621 716 quae
1648 673 1795 707 dicturus
1829 680 1877 707 est
1904 673 2118 713 adversarius,

184 688 280 717 rum,
307 675 557 708 trucidationes
582 685 711 707 senum.

1206 619 1227 639 ¹¹
1264 633 1450 666 corporum
1485 622 1650 662 iniurias,
1686 623 1909 666 captivitates
1935 626 2119 655 matrona-

185 735 219 761 ut
245 728 375 761 Tullius
387 723 410 742 ¹²¹
437 737 499 770 pro
526 725 674 765 Milone,
710 737 786 759 cum
810 727 909 759 mittit
922 723 946 743 ¹³
977 726 1103 758 animos
1129 725 1274 759 iudicum
1303 725 1335 758 in
1370 735 1445 757 eum
1471 725 1676 769 reipublicae
1703 729 1820 758 statum
1834 721 1876 766 ¹⁴,
1909 726 1965 768 qui
1991 725 2119 758 futurus

185 785 232 813 est
245 776 285 821 ¹5,
312 778 436 812 etiamsi
462 777 572 810 occiso
600 777 730 810 Milone
757 777 896 811 Clodius
923 778 1055 810 viveret.

345 827 406 863 35.
459 829 682 873 Aposiopesis
710 834 774 868 est,
801 840 878 863 cum
899 829 953 869 id,
979 828 1073 871 quod
1101 828 1219 861 dicturi
1245 827 1455 869 videbamur,
1482 826 1608 860 silentio
1636 826 1860 871 intercipimus
1871 823 1913 859 ¹⁵:

394 879 490 926 Quos
516 891 604 925 ego,
628 879 693 912 sed
719 884 827 914 motos
848 884 1011 925 praestat
1039 890 1245 924 componere
1259 875 1441 924 fluctusfl.

349 938 407 973 36.
460 939 699 984 Epanalepsis
725 946 774 972 est
800 940 973 984 digressio,
1001 940 1060 972 ita:
1094 939 1185 971 Tulit
1213 940 1313 972 calor
1336 950 1391 972 me
1402 935 1426 955 ’Β
1452 938 1594 972 dicendi
1621 942 1653 971 et
1680 937 1841 983 dignitas
1866 948 1985 970 rerum
2010 937 2121 983 paulo

185 992 340 1037 longius,
367 1002 472 1035 quam
499 990 676 1031 volebam,
703 992 767 1024 sed
793 991 900 1024 redeo
928 987 1012 1024 αιῑί19
1039 1002 1192 1024 causam.

458 1041 668 1075 Anamnesis
677 1039 702 1059 ²⁰

347 1041 405 1074 37.

348 1092 405 1127 38.

185 1145 397 1190 reposcimus,

730 1048 778 1076 est
805 1042 1081 1076 commemoratio
1109 1042 1176 1074 eius
1202 1041 1266 1082 rei,
1294 1053 1395 1085 quam
1422 1041 1544 1073 oblitos
1572 1040 1668 1073 fuisse
1694 1051 1754 1073 nos
1781 1040 1945 1084 tingimus.

461 1090 677 1139 Apuetesis²¹
708 1099 772 1136 est,
800 1106 876 1128 cum
900 1094 952 1136 id,
979 1093 1072 1137 quod
1099 1093 1131 1125 in
1158 1093 1283 1125 animos
1317 1093 1464 1126 iudicum
1492 1092 1584 1136 quasi
1615 1092 1894 1137 deposueramus,
1929 1094 2120 1135 opportune

349 1196 406 1229 39.
459 1195 664 1241 Aetiologiu
692 1201 757 1237 est,
781 1208 855 1230 cum
876 1196 1094 1241 proponimus
1120 1195 1246 1239 aliquid
1257 1192 1299 1236 ²²,
1327 1195 1460 1239 eiusque
1484 1205 1614 1227 causam
1644 1200 1675 1228 et
1702 1195 1861 1227 rationem
1889 1193 2069 1226 reddimus.

348 1247 406 1281 40.
464 1245 813 1289 Charc1cteris⁷1111s²³,
841 1248 1017 1292 descriptio
1045 1248 1173 1291 figurae
1200 1247 1336 1281 alicuius
1363 1258 1527 1291 expressa,
1554 1251 1606 1279 ut:

393 1307 522 1341 Omnia
551 1307 731 1340 illercurio
757 1305 912 1341 similis-²⁴
939 1318 1125 1351 vocemque
1152 1307 1370 1351 coloremque

1379 1303 1404 1324 25

389 1358 437 1390 Et
465 1359 577 1391 crines
598 1358 714 1403 slavos
727 1356 751 1375 ²⁸
779 1363 809 1392 ct
837 1358 996 1392 membru
1024 1359 1156 1391 decora
1182 1359 1322 1391 iuventa
1334 1355 1368 1391 ²⁷.

347 1414 680 1462 ’ΛθροισμόςΉζ
709 1429 784 1451 cum
813 1419 924 1462 plures
951 1429 1062 1450 sensus
1089 1418 1231 1450 breviter
1258 1417 1431 1461 expeditos
1457 1417 1488 1450 in
1513 1429 1612 1450 unum
1636 1418 1746 1451 locum
1769 1422 1960 1457 coacervat,
1989 1422 2021 1450 et
2043 1427 2119 1450 cum

185 1465 330 1508 quadam
353 1466 558 1499 festinatione
584 1467 745 1508 decurrit,
773 1474 808 1501 ut
834 1468 953 1501 Cicero
964 1465 1004 1501 ²⁰:
1032 1469 1321 1513 Rempuhlicam,
1354 1468 1518 1514 Quirites,
1544 1469 1721 1512 vitamque
1748 1468 1898 1501 omnium
1923 1464 2120 1510 vestrarum,

187 1516 276 1550 bona
285 1541 294 1558 ,
310 1516 481 1562 fortunas
489 1514 511 1534 ³¹

348 1568 409 1600 41.

522 1541 532 1558 ,
558 1519 743 1563 coniuges,
770 1518 963 1563 liberosque
988 1516 1168 1561 vestros-³⁸²,
1197 1525 1257 1552 etc.

462 1568 584 1601 Ινοηὶα
602 1574 660 1610 est,
686 1581 761 1604 cum
790 1581 851 1614 per
870 1570 1112 1603 simulationem
1125 1566 1149 1586 ³³

185 1622 242 1651 aut
269 1629 344 1651 cum
381 1619 556 1653 laudamus
591 1632 684 1661 eum,
719 1633 819 1664 quem
843 1622 1029 1665 vituperare
1056 1621 1227 1662 volumus,
1265 1627 1320 1654 aut
1348 1621 1587 1665 vituperamus,
1625 1632 1725 1663 quem
1756 1621 1893 1653 laudare
1921 1623 2072 1654 volumus
2111 1648 2120 1656 .

1173 1570 1349 1611 diversum,
1376 1569 1469 1613 quod
1480 1566 1504 1586 ³¹
1532 1569 1624 1611 dicit,
1646 1569 1787 1613 intelligi
1808 1571 1910 1613 cupit.
1938 1571 1992 1603 Fit
2009 1576 2119 1604 autem

2085 1618 2110 1639 ³5

185 1669 366 1713 Utriusque
391 1671 581 1715 exemplum
608 1673 678 1715 erit,
708 1673 734 1705 si
760 1673 851 1706 dicas
878 1678 1058 1705 amatorem
1086 1673 1291 1717 reipublicae
1316 1672 1509 1713 Catilinam,
1533 1672 1663 1705 hostem
1691 1672 1895 1716 reipublicae
1915 1673 2118 1718 Scipionem.

271 1757 296 1787 1)
321 1753 448 1783 Par-isia
463 1765 511 1783 va.
533 1771 575 1777 —
598 1756 628 1793 ⁶2)
647 1756 732 1794 Vulg.
751 1756 832 1785 addit
856 1762 889 1784 ut
910 1757 961 1793 ibi,
986 1768 1062 1796 quae
1078 1768 1134 1786 om.

186 1795 318 1828 Gu.1.2.
336 1807 381 1826 va.
400 1798 448 1825 Ar.
472 1813 511 1818 —
534 1800 562 1832 3)
581 1797 696 1835 Occidi,
714 1799 813 1827 occidi
828 1810 842 1828 e
861 1800 953 1828 Cicer.
969 1811 1013 1838 pr.
1031 1800 1133 1831 Milon.

185 1839 234 1874 27,
254 1840 303 1869 72.
321 1839 441 1879 scripsit
458 1839 545 1870 Arev.
560 1856 601 1861 -
619 1839 649 1880 4)
665 1843 771 1870 melius
789 1842 846 1870 Gu.
861 1845 886 1874 1.
905 1859 941 1864 —
966 1842 994 1880 5)
1014 1844 1134 1880 promi-

185 1881 225 1906 sit
239 1890 285 1908 va.
305 1899 338 1902 —
364 1885 391 1917 6)
413 1883 579 1919 factionem
600 1883 656 1912 Gu.
675 1887 701 1914 1.
721 1884 841 1913 Gothici
864 1896 910 1923 ap.
932 1884 1019 1913 Arev.
1043 1901 1081 1906 --
1105 1886 1132 1921 7)

186 1923 367 1961 Etopcqnoiia
389 1926 445 1953 Gu.
463 1927 488 1955 1.
503 1935 548 1963 pr.
565 1935 611 1955 va.
634 1943 675 1948 —
698 1926 727 1967 S)
749 1928 798 1955 Sic
816 1927 903 1958 Arev.
925 1937 969 1966 pr.
994 1943 1034 1949 -—·
1061 1927 1132 1955 Clo-

185 1963 236 1992 dio
255 1968 333 2005 vulg.
357 1966 395 1997 At
414 1967 482 1995 vide
500 1968 563 1997 Cic.
576 1968 607 1996 in
626 1974 701 1999 orat.
715 1986 757 1991 —
779 1968 809 2008 9)
833 1970 880 1998 Sic
900 1970 956 1998 Gu.
976 1972 1004 2001 1.
1027 1986 1069 1990 —
1091 1970 1134 1997 lo-

185 2009 248 2035 cuti
265 2009 326 2036 ium
342 2020 449 2038 sumus
464 2010 546 2048 vulg.
566 2028 603 2032 —
629 2011 672 2051 10)
698 2012 812 2048 Nescio,
836 2012 914 2041 unde
928 2012 966 2040 sit
983 2012 1065 2040 locus
1081 2022 1131 2050 pe-

185 2049 266 2079 titus.
291 2052 441 2081 Ciceronis
459 2058 538 2081 certe
560 2063 619 2081 non
641 2059 692 2084 est.
716 2072 758 2077 —
784 2054 826 2095 11)
853 2055 897 2082 vel
918 2057 1052 2083 rivorum
1076 2055 1131 2082 ad·-

185 2091 230 2120 dit
246 2102 291 2121 va.
315 2111 356 2115 —
380 2099 421 2129 15)
453 2096 588 2123 Tullium
603 2096 658 2124 Gu.
676 2101 700 2128 1.
718 2100 746 2128 2.
769 2114 811 2119 —
837 2096 880 2136 13)
903 2098 1060 2125 committit
1075 2097 1130 2124 Gu.

187 2136 214 2164 1.
239 2152 274 2156 —
302 2136 345 2175 14)
369 2139 399 2165 in
416 2148 483 2165 vum
504 2139 603 2166 locum
621 2140 803 2178 reipublicae
824 2145 924 2168 status
949 2150 992 2168 va.
1014 2156 1056 2161 —
1088 2143 1130 2172 15)

186 2182 301 2206 Statum
320 2181 471 2216 ficturum
497 2187 538 2208 est
563 2182 618 2209 Gu.
637 2186 662 2213 1.
684 2193 730 2222 pr.
751 2183 788 2211 al.
809 2199 850 2203 -—
878 2189 979 2210 status
995 2184 1129 2219 futurus

187 2223 228 2245 cst
251 2229 295 2248 va.
320 2240 357 2245 -—
382 2224 584 2261 quisuturus
604 2230 691 2261 esset,
715 2226 742 2251 si
762 2225 808 2253 Ar.
834 2242 870 2247 —
898 2227 942 2261 16)
966 2225 1046 2261 vulg.
1062 2225 1128 2252 add.

186 2262 247 2297 ita,
276 2265 355 2299 quod
372 2276 418 2293 om
451 2266 506 2294 Gu.
528 2269 551 2297 1.
567 2268 594 2297 2.
619 2277 664 2295 va.
690 2267 739 2295 Ar.
765 2284 800 2289 —
834 2269 875 2303 17)
899 2267 1001 2303 Vir-gil.
1021 2268 1089 2295 Aen.
1107 2267 1128 2299 Ι,

188 2304 257 2334 135.
275 2321 315 2325 —-
342 2309 382 2343 18)
406 2319 449 2334 me
465 2309 548 2335 calor
567 2309 624 2337 Gu.
640 2311 668 2340 2.
685 2326 726 2331 --
750 2310 794 2346 19)
819 2309 862 2336 ud
879 2320 935 2338 orn.
953 2310 1007 2339 Gu.
1024 2312 1052 2339 2.
1071 2310 1128 2337 Lo-

189 2355 239 2374 cus
257 2347 334 2376 unde
350 2349 396 2383 sit,
419 2361 477 2378 non
494 2356 619 2379 constat.
632 2369 671 2373 —
695 2351 739 2390 20)
762 2352 956 2379 Anmm'nisis
971 2353 1024 2380 Gu.
1040 2354 1068 2382 2.
1083 2363 1128 2390 pr.

189 2395 232 2415 vn.
257 2406 295 2410 -
318 2393 362 2426 21)
387 2393 532 2430 Aput-isis
551 2394 606 2422 Gu.
620 2397 646 2424 1.
672 2411 712 2416 —
734 2395 888 2433 Almrasis
906 2395 961 2423 Gu.
977 2396 1005 2425 2.
1020 2404 1065 2432 pr.
1081 2404 1127 2423 va.

1178 1774 1219 1780 .-
1240 1760 1284 1793 92)
1310 1763 1454 1795 oportune
1471 1759 1651 1796 reposcimus
1667 1756 1792 1795 aliquid
1807 1757 1875 1786 add.
1893 1758 1948 1786 Gu.
1965 1760 1994 1788 2.
2011 1769 2055 1797 pr.
2072 1768 2118 1787 va.

1178 1802 1320 1838 (proponi
1335 1800 1476 1833 exhibet.)
1495 1817 1534 1821 —
1551 1798 1599 1839 2²3)
1614 1800 1699 1837 Vulg.
1716 1806 1757 1827 est
1775 1800 1867 1834 addit,
1892 1801 1971 1838 quod
1990 1811 2047 1830 om.
2061 1802 2118 1829 Gu.

1179 1847 1203 1874 1.
1222 1845 1250 1874 2.
1278 1861 1315 1865 —
1348 1846 1390 1877 24)
1412 1843 1506 1870 simul
1529 1842 1584 1871 Gu.
1602 1845 1627 1873 1.
1654 1858 1695 1864 —
1717 1841 1764 1881 25)
1796 1843 1843 1870 Sic
1860 1844 1916 1871 Gu.
1934 1846 1958 1873 1.
1975 1845 2003 1873 2.
2027 1854 2073 1872 va.
2089 1849 2119 1872 et

1177 1885 1279 1922 virgil,
1297 1886 1366 1915 Aen.
1383 1885 1431 1921 IV,
1455 1886 1525 1916 558.
1551 1901 1590 1905 —
1613 1885 1695 1922 vulg.
1711 1886 1836 1913 colorem
1851 1886 1913 1913 sine
1929 1896 1994 1923 que.
2011 1902 2053 1908 —
2071 1897 2118 1914 co-

1175 1929 1324 1966 loremque
1339 1938 1493 1966 vocemque
1507 1937 1550 1965 pr.
1573 1943 1616 1948 —
1641 1926 1685 1966 26)
1710 1928 1759 1956 Sic
1781 1929 1836 1955 Gu.
1857 1932 1882 1959 1.
1898 1930 1917 1958 2
1941 1939 1986 1966 pr.
2005 1929 2053 1959 Ar.
2075 1944 2118 1951 —

1175 1976 1201 1998 et
1222 1971 1321 2005 slavo-9
1343 1970 1421 2008 vulg.
1438 1975 1541 1997 contra
1561 1969 1662 2007 virgil.
1685 1985 1727 1991 —
1755 1972 1801 2005 27)
1825 1972 1962 1998 ium-ntae
1975 1971 2060 2000 Arev.
2075 1987 2117 1993 —

1175 2013 1225 2050 Qo')
1247 2013 1496 2051 Epitroelzasmos
1515 2013 1576 2047 An,
1601 2013 1650 2050 qui
1676 2013 1810 2050 sequitur
1824 2014 1933 2046 Crini„
1958 2015 2008 2050 qui
2032 2018 2117 2052 putat

1175 2055 1376 2084 Atliroisniuni
1390 2060 1416 2083 et
1427 2054 1685 2092 Epitrochasmum
1702 2055 1857 2083 confusum
1875 2065 1937 2083 esse
1953 2067 1968 2083 a
1987 2056 2116 2084 librari-s

1174 2103 1202 2126 et
1220 2098 1390 2126 alterutrius
1408 2097 1608 2126 definitionem
1623 2098 1776 2126 excidisse.
1790 2099 1822 2126 In
1837 2098 1915 2126 MSS.
1931 2098 2011 2136 apud
2025 2099 2117 2127 Griat.

1173 2146 1216 2169 est
1230 2141 1398 2176 litrismus,
1421 2141 1600 2175 lituris-mus,
1624 2143 1814 2168 sinn-[mnus.
1836 2141 1999 2168 Litrismus
2012 2151 2055 2178 pr.
2069 2151 2113 2170 va.

1175 2200 1210 2203 —
1238 2181 1284 2222 29)
1310 2183 1393 2220 Vulg.
1414 2182 1496 2210 addit
1519 2183 1577 2217 sic,
1604 2183 1684 2220 quod
1705 2194 1760 2211 om.
1787 2184 1921 2213 Gu.1.2.
1937 2193 1972 2210 va
2000 2184 2049 2213 Ar.
2074 2200 2114 2205 —

1171 2224 1220 2264 30)
1238 2231 1402 2252 ras-trorum
1418 2226 1473 2254 Gu.
1492 2227 1551 2256 1.2.
1565 2225 1601 2252 At
1617 2231 1749 2253 vestrum
1763 2231 1842 2254 recte
1856 2230 1899 2253 est
1912 2236 1958 2263 ap.
1974 2226 2032 2254 Cic.
2049 2225 2113 2254 init.

1175 2268 1222 2295 lll.
1238 2268 1320 2295 Catil.
1332 2284 1369 2288 -—
1393 2266 1439 2305 31)
1459 2269 1590 2303 fortuna
1605 2269 1659 2297 Gn.
1674 2271 1698 2298 1.
1713 2284 1755 2289 —
1777 2267 1826 2306 32)
1845 2278 1920 2295 usu-5·
1935 2278 1987 2305 pro
2004 2274 2114 2296 vestros

1173 2321 1215 2348 pr.
1232 2320 1276 2339 va.
1298 2326 1339 2330 —
1361 2308 1409 2348 33)
1433 2309 1669 2338 similitudinem
1686 2320 1732 2340 va.
1758 2329 1795 2333 —
1819 2310 1867 2345 34)
1890 2311 1937 2337 Sic
1955 2311 2009 2338 Gu.
2031 2314 2112 2342 1,-

1173 2362 1266 2390 ψιαηι
1287 2352 1367 2388 vulg.
1400 2367 1441 2373 —
1475 2351 1522 2391 35)
1546 2359 1600 2379 aut
1627 2355 1845 2392 vituperamus,
1877 2363 1961 2390 quem
1984 2352 2113 2380 laudare

1170 2395 1314 2423 volumus
1329 2404 1385 2423 om.
1402 2394 1458 2423 Gu.
1474 2397 1501 2426 2.
1518 2411 1559 2415 -
1580 2396 1628 2432 36)
1652 2406 1730 2434 quae
1753 2405 1822 2424 cum
1845 2405 1960 2433 magna
1981 2400 2051 2424 sunt
2065 2405 2111 2426 va.
