2264 2830
779 90 1024 125 0R1G1NUM
1065 93 1209 128 LIBER
1244 96 1317 129 ΧΙΙ.
1943 99 2017 133 373

240 186 272 219 2.
326 187 410 219 Nam
439 191 470 219 et
498 186 669 219 Diomedis
696 187 804 219 socios
838 187 870 218 in
897 187 1048 219 volucres
1087 188 1186 222 fuisse
1212 200 1405 229 conversos,
1445 200 1511 222 non
1538 189 1692 221 sabuloso
1727 190 1923 232 mendacin,
1958 194 2015 226 sed

73 239 231 273 historica
274 239 494 271 affirmatione
535 239 741 271 confirmant.
801 238 870 270 Sed
904 235 970 270 et³¹
1005 239 1140 281 quidam
1176 248 1323 275 asserunt
1359 241 1486 284 Strigas
1520 252 1558 273 ex
1594 240 1785 273 hominibus
1821 242 1900 276 lieri.
1961 245 2018 277 Ad

74 292 177 325 multa
206 290 292 324 enim
321 290 491 323 latrocinia
513 290 642 333 figurae
670 290 905 323 sceleratorum
935 297 1117 331 mutamur,
1146 298 1177 324 et
1204 293 1271 326 sive
1299 292 1438 336 magicis
1464 293 1630 333 cantibus,
1657 293 1724 325 sive
1752 292 1932 327 herbarum
1961 307 2017 329 ve-

71 344 213 386 neficio,
240 342 315 374 totis
343 341 539 385 corporibus
567 342 597 373 in
627 342 712 373 feras
739 346 914 374 transeunt.

238 395 270 428 3.
320 393 493 436 Siquidem
528 398 559 424 et
594 405 654 437 per
688 399 836 425 naturam
866 393 1026 437 pleraque
1055 395 1269 427 mutationem
1334 396 1513 439 recipiunt,
1550 401 1581 428 et
1616 401 1774 438 corrupta
1809 395 1841 428 in
1875 396 2019 430 diversas

72 441 236 490 species³⁰
267 445 556 486 transformantur,
590 445 674 477 sicut
701 445 745 477 (le
768 446 945 477 vitulorum
974 446 1125 478 carnibus
1159 446 1300 491 putridis
1327 458 1426 492 apes,
1459 447 1540 481 sicut
1574 447 1616 480 de
1650 447 1742 490 equis
1776 448 1941 491 scarabei,
1976 449 2019 482 de

72 498 168 530 mulis
195 499 356 535 locustae,
385 495 427 527 de
455 496 580 528 cancris
608 497 808 541 scorpiones.
863 494 1055 529 Ovidius³³⁷2

300 546 465 580 Com-(wa
493 548 621 580 liltore}
647 549 676 581 si
703 549 829 581 demus
856 548 1005 581 brachiu
1035 549 1167 588 caueri,

297 597 464 644 Scorpius
477 595 502 615 ³⁸
530 599 651 641 mihil,
681 601 872 645 caudaque
899 600 1090 633 minabitur
1117 611 1217 633 unca.

1282 390 1306 411 ³5

646 858 683 900 L
773 858 795 899 1
886 858 925 899 B
1014 857 1054 899 E
1142 856 1186 898 R
1298 855 1433 899 x11³⁹.

459 978 608 1013 CAP.
662 978 686 1011 1.
766 977 840 1011 De
888 976 1193 1023 pecoribus
1246 982 1293 1011 et
1346 978 1619 1013 iumentis.

232 1062 264 1095 l.
318 1062 481 1096 Omnibus
514 1064 732 1096 animantibus
767 1064 877 1097 Adam
912 1059 1076 1108 primusffl
1104 1063 1271 1097 vocabula
1304 1063 1442 1105 indidit,
1475 1064 1650 1110 appellans
1687 1063 1863 1107 unicuique
1898 1073 2018 1095 nomen

65 1126 105 1147 ex
133 1114 295 1159 praesenti
323 1114 540 1155 institutione,
568 1116 656 1148 iuxta
684 1116 908 1149 conditionem
922 1112 945 1132 ⁴¹
972 1120 1126 1156 naturae,
1155 1115 1207 1148 cui
1235 1112 1414 1149 serviretffi.

230 1165 264 1199 2.
319 1166 442 1200 Gentes
477 1172 588 1200 autem
622 1168 800 1210 unicuique
844 1167 1033 1200 animalium
1069 1177 1109 1199 ex
1141 1167 1280 1211 propria
1294 1164 1318 1183 '¹³³
1353 1167 1469 1212 lingua
1503 1167 1670 1199 dederunt
1703 1166 1877 1200 vocabula.
1942 1165 2017 1197 Non

63 1223 172 1250 autem
201 1217 382 1251 secundum
410 1219 562 1251 Latinam
590 1220 739 1262 linguam
767 1224 866 1261 atque
899 1219 1085 1258 Graecam,
1121 1223 1176 1249 ant
1212 1219 1438 1261 quarumlibet
1461 1219 1609 1263 gentium
1638 1219 1853 1250 barbararum
1882 1216 2017 1248 nomina

62 1269 119 1301 illa
154 1269 311 1312 imposuit
344 1271 474 1312 Adam,
523 1270 583 1302 sed
621 1270 678 1301 illa
713 1270 845 1314 lingua,
893 1281 979 1312 quae
1014 1274 1089 1301 ante
1117 1268 1278 1301 diluvium
1307 1281 1372 1301 una
1404 1270 1467 1302 fuit
1494 1270 1641 1302 omnium
1658 1266 1695 1309 ¹⁸,
1744 1280 1830 1311 quae
1857 1268 2016 1300 Hebraea

61 1325 281 1365 nuncupatur.

229 1370 262 1403 3.
316 1371 435 1404 Latine
469 1376 580 1404 autem
616 1371 788 1412 animalia,
829 1372 897 1404 sive
931 1369 1109 1403 animantia
1144 1369 1250 1411 dicta,
1294 1367 1425 1414 quod³⁵
1458 1371 1643 1404 animantur

61 1427 114 1454 tur
139 1422 264 1466 spiritu.

226 1473 260 1506 4.
316 1473 560 1517 Quadrupedia
584 1479 720 1513 vocata,
749 1474 824 1516 qnia
849 1478 993 1516 quatuor
1020 1473 1164 1517 pedibus
1190 1473 1388 1518 gradiuntur
1400 1469 1438 1506 ⁴⁷:
1465 1485 1552 1517 quae
1583 1473 1664 1505 dum
1691 1471 1808 1504 similia
1835 1472 1896 1503 sint
1908 1467 1933 1487 ⁴⁹
1952 1482 2015 1515 pe-

61 1524 216 1566 curibus,
251 1528 361 1557 tamen
389 1525 450 1557 snb
478 1537 558 1558 cura
585 1524 732 1557 hnmana
759 1537 825 1557 non
852 1529 935 1557 sunt.
988 1524 1036 1557 Ut
1063 1524 1169 1564 cervi,
1207 1525 1346 1565 damae,
1381 1526 1518 1570 onagri,
1553 1530 1632 1564 etc,
1669 1523 1728 1556 sed
1757 1533 1864 1566 neque
1891 1523 2014 1556 bestiae

60 1582 152 1618 eunt,
179 1581 216 1609 ut
243 1576 375 1609 leones:
403 1587 511 1618 neque
538 1577 702 1617 iumenta,
731 1581 765 1608 ut
792 1588 866 1608 usus
890 1575 1063 1608 hominum
1089 1577 1202 1608 iuvare
1229 1576 1364 1620 possint.

224 1625 258 1662 5.
312 1628 421 1661 Pecus
448 1627 587 1661 dicimus
615 1639 724 1667 omne,
752 1628 846 1671 quod
873 1627 1020 1660 humana
1044 1627 1159 1672 lingua
1187 1632 1220 1660 et
1246 1627 1363 1672 effigie
1391 1631 1491 1660 caret.
1546 1625 1687 1671 Proprie
1713 1629 1824 1658 autem
1852 1635 2013 1669 pecorum

59 1689 182 1711 nomen
208 1679 245 1711 iis
272 1679 468 1711 animalibus
495 1680 746 1713 accommodari
774 1681 874 1722 solet,
909 1691 996 1723 quae
1023 1684 1096 1712 sunt
1109 1675 1133 1695 ⁴⁹
1159 1684 1215 1712 aut
1242 1679 1284 1712 ad
1313 1678 1515 1712 vescendum
1544 1683 1643 1722 apta,
1679 1682 1714 1710 ut
1748 1687 1828 1710 oves
1861 1682 1894 1709 et
1925 1688 2013 1709 sues:

59 1734 117 1763 aut
146 1730 179 1763 in
205 1741 300 1763 usum
312 1727 337 1747 ⁵⁰
363 1730 537 1763 hominum
565 1731 745 1765 commoda
757 1728 799 1772 ⁵¹,
834 1736 870 1763 ut
897 1731 974 1774 equi
1001 1736 1033 1763 et
1059 1731 1172 1764 boves.

223 1780 257 1816 6.
309 1781 433 1814 Differt
471 1788 582 1816 autem
616 1784 700 1816 inter
732 1794 859 1827 pecora
893 1788 925 1815 et
961 1783 1127 1828 pecudes:
1161 1793 1236 1815 nam
1272 1787 1400 1816 veteres
1429 1781 1651 1815 communiter
1677 1781 1709 1812 in
1737 1775 2013 1825 significationes*

1653 1366 1676 1386 ⁴⁵
1711 1370 1777 1401 vita
1811 1376 1843 1403 et
1877 1381 2015 1403 moven-

58 1885 105 1915 30)
129 1883 207 1909 sicut
230 1892 263 1909 ex
284 1881 389 1920 lszoe.
412 1893 511 1920 equor.
535 1888 590 1913 etc.
612 1885 644 1912 Z.
674 1900 715 1906 -—·
748 1885 795 1920 31)
827 1889 1013 1911 monstrosae
1055 1882 1164 1922 Incipit
1186 1893 1291 1912 rursus
1311 1893 1326 1910 a
1350 1881 1400 1911 lib.
1417 1881 1518 1918 XIV„
1541 1881 1592 1909 ubi
1615 1879 1653 1909 de
1677 1879 1867 1918 Geographia
1891 1880 2011 1918 agitur.)

59 1925 110 1953 Ar.
132 1940 174 1945 —
195 1922 244 1962 32)
267 1924 314 1951 wel
334 1935 389 1963 pro
411 1931 437 1952 et
461 1926 518 1953 Gu.
537 1929 564 1957 1.
585 1942 627 1949 ·—
649 1929 696 1963 33)
721 1926 770 1954 Sic
795 1926 851 1954 Gu.
871 1930 897 1957 1.
912 1928 942 1956 2.
967 1936 1010 1964 pr.
1054 1927 1103 1961 40)
1121 1927 1259 1963 primum
1284 1926 1340 1954 Gu.
1354 1927 1382 1955 2.
1412 1924 1461 1954 Ar.
1492 1940 1534 1945 —
1567 1922 1612 1961 41)
1648 1925 1895 1952 constitutionem
1917 1922 1955 1952 al.
1973 1938 2012 1943 -—

58 1977 106 1995 va.
128 1981 169 1989 ·-
200 1965 316 2003 Πζιεείε
337 1967 419 2004 vulg.
442 1984 484 1989 —
513 1968 557 1997 34³
581 1974 608 1996 et
629 1979 686 1998 0111.
710 1970 740 1997 Z.
769 1985 811 1990 —
843 1968 890 2008 35)
914 1974 939 1996 et
958 1979 1014 2006 per
1056 1969 1174 1997 Caesen.
1201 1969 1223 1997 1.
1246 1978 1302 1998 om.
1328 1970 1415 1995 iuxta
1447 1966 1560 1994 condit.
1584 1982 1628 1987 —
1660 1965 1706 2005 42)
1730 1967 1887 1994 inserviret
1910 1965 1947 1995 al.
1970 1980 2012 1986 —-

58 2011 259 2037 mutationem
282 2014 307 2036 et
324 2020 380 2047 per
402 2016 463 2037 nat.
489 2010 544 2038 Gu.
565 2013 589 2041 1.
619 2029 652 2033 —
687 2011 735 2051 36)
765 2013 875 2050 specie-9
898 2022 956 2040 om.
982 2011 1012 2039 Z.
1055 2013 1099 2044 43)
1119 2013 1225 2049 prima
1249 2011 1305 2039 Gu,
1329 2013 1354 2041 1.
1385 2026 1427 2031 —
1457 2008 1504 2047 44)
1529 2010 1577 2037 Sic
1601 2009 1658 2037 Gu.
1680 2012 1706 2039 1.
1730 2025 1768 2031 --
1793 2009 1926 2036 omnium
1949 2018 2011 2036 unu

59 2067 97 2073 —
131 2049 179 2090 37)
211 2051 328 2081 Metam.
346 2052 410 2088 XV,
433 2054 503 2084 369.
536 2069 578 2074 -—
605 2053 650 2091 38)
673 2056 798 2093 Scorpio
828 2055 859 2082 Z.
892 2070 933 2076 -—
965 2055 1011 2087 39)
1051 2054 1118 2089 fuit
1141 2054 1222 2092 vulg.
1244 2070 1285 2075 —
1307 2054 1446 2090 45)q1me
1468 2052 1523 2082 Gu.
1544 2056 1570 2084 1.
1587 2067 1628 2074 —
1656 2052 1704 2090 46)
1722 2051 1904 2080 Indicativos
1928 2049 2009 2079 exhi-

58 2093 125 2122 Om.
146 2093 228 2121 hunc
249 2094 358 2122 librum
374 2099 402 2122 et
418 2100 590 2132 sequentem
613 2096 680 2125 cod.
702 2098 820 2135 Zitlav.,
844 2096 896 2125 ubi
916 2096 1012 2125 scriba
1056 2095 1105 2125 bet
1136 2097 1191 2126 Gn.
1220 2099 1244 2127 1.
1276 2111 1316 2116 —
1348 2096 1521 2123 animentur
1551 2118 1557 2124 .
1582 2117 1589 2124 .
1617 2118 1623 2124 .
1654 2100 1831 2122 ηιυιέαηιαν
1860 2093 1942 2131 vulg.
1970 2108 2009 2113 —-

57 2136 173 2165 notavit
197 2135 287 2165 haec:
319 2138 477 2175 Sequentes
507 2139 651 2166 materias
680 2139 716 2167 (le
739 2139 869 2168 diuersis
890 2141 1011 2167 animu-
1054 2139 1099 2175 47)
1133 2138 1324 2178 gradiantur
1369 2138 1406 2166 al.
1451 2154 1493 2160 —-
1536 2140 1581 2175 48)
1627 2137 1676 2165 Sic
1724 2137 1781 2166 Gu.
1808 2140 1835 2168 1.
1873 2153 1913 2157 —
1949 2136 2009 2162 sint

57 2179 151 2215 libus,
176 2189 254 2216 quae
276 2181 397 2207 cumin
420 2180 523 2207 Plinio
547 2182 749 2218 reperiuntur,
780 2189 806 2211 et
829 2182 865 2211 (le
887 2183 1008 2210 elemen-
1053 2183 1120 2210 δίνη.
1155 2182 1234 2220 vulg.
1274 2199 1312 2204 —
1345 2180 1393 2218 49)
1431 2191 1510 2218 quae
1544 2185 1615 2209 sunt
1645 2190 1702 2208 orn.
1733 2180 1789 2210 Gu.
1816 2182 1843 2211 l·
1883 2196 1919 2201 -·
1960 2179 2005 2208 50)

57 2223 115 2259 tis,
146 2231 215 2249 cum
245 2232 321 2250 mere
344 2223 476 2260 physica
505 2224 583 2257 sint,
619 2234 669 2251 eas
703 2226 865 2264 scriptione
894 2225 1010 2264 digna-5·
1053 2224 1101 2252 Sic
1142 2225 1198 2254 Gu.
1227 2228 1252 2255 1.
1277 2224 1325 2252 Ar.
1358 2240 1393 2244 —
1437 2225 1469 2251 in
1500 2234 1575 2252 usus
1611 2223 1668 2251 Gu.
1692 2225 1720 2254 2.
1748 2238 1790 2244 -
1825 2221 1900 2249 usui
1928 2217 2004 2263 vulg-

56 2274 116 2292 non
140 2263 298 2298 iudicans,
328 2265 430 2293 studio
454 2266 617 2301 intermisi,
647 2271 674 2293 et
703 2266 746 2294 ad
773 2274 941 2296 tractatum
972 2267 1008 2295 de
1050 2283 1092 2287 —
1120 2267 1166 2304 51)
1197 2273 1268 2296 sunt
1297 2277 1401 2297 comm.
1436 2266 1492 2296 Gu.
1518 2269 1545 2298 2.
1576 2283 1616 2287 —
1654 2264 1700 2304 52)
1739 2267 1770 2293 in
1806 2261 2004 2301 Significatio-

59 2306 213 2335 paradiso
234 2318 279 2335 me
302 2308 426 2336 contuli.
463 2307 512 2343 (H.
536 2317 560 2336 e.
584 2307 684 2337 omisit
705 2309 756 2337 lib.
779 2311 846 2341 XII.
871 2316 900 2341 et
923 2310 1004 2340 XIII.
1049 2319 1113 2337 nem
1136 2310 1174 2340 al.
