2255 2819
206 135 267 156 vm
923 121 1432 158 PRAEFATIONES.

206 222 310 251 tamen
338 218 417 251 haec
440 229 510 250 mea
538 220 602 259 est,
635 219 734 259 ipsum
764 226 835 248 esse
855 216 1009 249 Diomede
1036 218 1173 260 priorem
1200 220 1229 250 et
1253 219 1476 264 antiquiorem,
1504 222 1674 264 propterea
1697 220 1779 264 quod
1802 219 1966 254 Charisius
1989 218 2150 251 Diomedis

206 270 293 303 nullo
321 271 351 302 in
378 272 447 304 loco
475 269 666 302 meminerit:
694 278 735 299 ex
763 279 822 310 quo
850 269 875 300 si
904 270 966 300 tam
991 269 1088 301 multa
1114 280 1195 313 pene
1223 270 1262 302 de
1292 270 1386 302 verbo
1414 273 1682 315 transcripsisset,
1717 283 1779 304 non
1803 275 1952 305 tacuisset
1976 272 2059 304 illius
2088 281 2150 303 no-

206 332 276 354 men
303 332 360 365 per
389 326 433 355 tot
458 322 572 361 libros,
600 320 785 362 praesertim
813 330 881 352 cum
904 321 929 351 is
954 320 1072 353 candor
1099 322 1129 353 in
1152 321 1301 355 Charisio
1330 326 1504 365 appareat,
1532 327 1565 355 ut
1591 334 1631 357 ne
1657 324 1826 357 finitionem
1853 325 1993 368 quidem,
2022 326 2073 355 aut
2098 324 2150 354 in-

206 375 460 417 terpretationem
488 371 621 403 voculae
649 372 817 415 sumpserit
841 371 879 403 de
904 372 988 415 alio,
1017 383 1108 415 quam
1130 384 1192 406 non
1220 373 1259 405 ad
1287 384 1377 406 suum
1405 376 1549 406 autorem
1580 376 1717 419 ingenue
1739 379 1831 418 atque
1853 380 1964 419 aperte
1988 374 2150 408 retulerit:

206 424 288 469 quod
316 424 457 467 equidem
485 425 515 455 in
542 422 696 455 Diomede
722 424 894 455 observare
919 434 980 456 non
1008 426 1182 468 potuimus,
1211 427 1262 469 qui
1290 436 1330 457 ex
1352 425 1464 457 eodem
1488 424 1724 470 Comminiano,
1759 438 1849 470 quem
1872 431 1981 461 noster
2011 426 2147 469 adducit,

206 476 328 508 videtur
356 486 416 507 non
443 484 543 518 pauca
577 474 796 518 transtulisse,
832 474 1040 507 Comminiani
1067 486 1186 518 aeque,
1222 480 1315 519 atque
1344 475 1482 510 Charisii
1509 478 1665 510 mentione
1692 480 1815 522 penitus
1843 481 1968 514 omissa.
2023 479 2149 519 Quam-

206 529 310 560 obrem
338 530 370 559 ut
398 525 592 559 Muci-obium
615 525 770 559 furtorum
795 525 1013 559 Gellianorum
1040 529 1134 559 certis
1159 529 1314 571 clarisque
1342 528 1460 560 indiciis
1488 538 1560 560 esse
1589 531 1762 563 convictum
1787 532 1919 563 scimus:
1947 533 1988 563 ita
2014 531 2149 563 Diome—

205 580 274 611 dem
298 580 475 622 suspicione
497 578 609 621 culpae
630 578 767 610 liberare
794 588 856 610 non
880 589 1068 622 possumus,
1097 589 1246 612 accusare
1269 584 1373 612 tamen
1398 591 1460 613 non
1484 579 1653 623 audemus,
1681 581 1759 622 qnod
1785 582 1922 615 fortasse
1946 583 1997 614 alii
2022 582 2149 621 sacient,

205 632 253 674 qui
282 631 352 674 plus
379 630 555 663 autoritatis
584 633 614 662 et
641 630 752 662 virium
780 629 819 661 ad
846 630 1007 662 victoriam
1043 630 1158 662 suerint
1195 633 1386 675 consequuti.
1440 632 1643 664 Testimoniis
1672 631 1809 665 Charisii
1844 644 1884 666 cx
1911 634 2070 666 veteribus
2097 632 2149 662 ni-

204 685 309 715 tuntur
342 682 523 714 Priscianus
557 684 585 713 et
616 681 765 714 Rntl'inus
792 680 873 726 (nisi
903 680 984 713 fallit
1013 682 1119 714 titulus
1146 683 1266 726 libelli,
1303 684 1353 726 qui
1377 683 1416 715 (le
1443 684 1568 715 comicis
1597 684 1705 715 metris
1733 685 1865 728 scriptus
1899 679 2150 725 circumfertur)-

204 734 255 766 ΕΚ
280 734 503 766 recentioribus
531 735 603 764 ante
631 732 816 777 editionem,
844 734 893 765 usi
920 733 1059 766 eiusdem
1088 730 1230 767 docti-‘ina
1253 738 1284 768 et
1307 735 1485 779 praeceptis
1509 737 1600 771 sunt,
1631 736 1794 767 ambitiose
1823 737 2068 779 propemodum.
2092 736 2149 767 la-

205 797 262 818 nus
289 785 477 817 Parrhasius
507 788 536 815 et
570 784 690 816 Pierius
720 785 933 828 Valerianus,
968 785 1082 818 literati
1111 788 1140 817 et
1169 786 1336 830 diligentes
1373 788 1443 819 riri.
1496 786 1598 819 Nemo
1628 792 1713 818 certe
1746 797 1785 818 ex
1815 789 1946 819 veustis
1974 792 2038 832 est,
2074 787 2148 819 Pri-

204 838 310 870 sciano
338 835 542 870 Caesariensi
571 840 723 879 excepto,
764 837 814 880 qui
845 836 884 868 de
911 838 980 868 arte
1007 837 1149 880 scripsit,
1181 841 1211 869 et
1237 837 1277 869 ad
1304 841 1442 870 nostram
1473 841 1608 870 aetatem
1635 839 1797 882 pervenit.
1832 841 2075 882 granunaticus,
2100 839 2149 881 qni

204 889 311 932 plures
339 891 431 930 atque
453 888 644 929 antimum-es
671 887 805 920 adducat
832 889 901 931 ipso
929 886 1078 921 Chai-isio
1111 891 1259 933 autores,
1294 888 1384 931 idque
1413 890 1456 922 illi
1486 889 1578 922 facile
1607 889 1692 922 factu
1725 891 1843 934 extitit,
1872 891 1902 922 in
1930 891 2005 923 urbe
2032 890 2148 933 Roma,

205 942 235 972 in
264 949 322 983 qua
349 940 469 971 nobiles
494 939 700 971 bibliothecae
723 939 819 971 doctis
845 940 986 971 omnibus
1007 940 1170 983 patebant,
1199 944 1229 972 et.
1256 940 1364 973 surore
1389 941 1523 974 Gothico
1548 940 1683 974 nondum
1708 945 1794 973 erant
1817 942 1975 974 laceratae
2000 946 2029 974 et
2051 952 2150 974 ever-

204 1002 270 1023 sae.
325 990 434 1033 quales
465 988 590 1021 fuerunt
617 991 646 1021 in
671 990 833 1033 Palatino,
858 990 1016 1033 Augusti:
1044 992 1072 1022 in
1095 990 1298 1035 Capitolino,
1326 991 1484 1025 Maiornm
1512 993 1688 1035 appellata:
1716 994 1746 1025 in
1772 993 1938 1037 viminali,
1968 994 2079 1037 Ulpia:
2109 992 2149 1024 ad

206 1043 331 1075 Vallem
367 1041 557 1083 Quirinalis,
594 1041 744 1074 Traiana.
807 1051 879 1072 nam
915 1043 1076 1074 eveniam
1112 1043 1285 1076 incendium
1320 1044 1404 1076 urbis
1437 1047 1695 1087 consumpserat,
1730 1044 1832 1076 altero
1861 1050 1929 1088 post
1959 1044 2091 1077 Vesuvii
2119 1045 2148 1075 in

205 1093 380 1136 Campania
407 1092 686 1135 conflagrationem
715 1103 808 1126 anno.
861 1092 954 1135 Atqui
981 1104 1155 1137 progressu
1179 1098 1356 1138 temporum
1380 1099 1410 1127 ct
1436 1095 1587 1127 Barbaris
1610 1097 1712 1127 onmia
1738 1098 1952 1137 vastantibus,
1981 1097 2041 1130 hoe
2068 1105 2150 1138 quo-

204 1156 262 1189 que
285 1144 422 1177 Charisii
451 1154 529 1187 opus
552 1142 606 1187 [ut
633 1144 693 1175 alia
718 1143 837 1185 multa)
866 1145 1024 1187 perierat.
1052 1145 1133 1188 (prod
1160 1150 1284 1189 patrum
1311 1149 1463 1179 memoria
1490 1156 1508 1176 a
1536 1146 1610 1177 lano
1633 1146 1804 1179 Parrhasio
1830 1148 2008 1186 intentum,
2034 1151 2065 1180 et
2086 1147 2150 1178 ini-

204 1198 319 1240 quitate
348 1195 492 1227 fortunae
521 1206 555 1226 ac
584 1195 740 1227 hominum
766 1196 882 1227 insidia
905 1206 985 1238 pene
1009 1207 1133 1228 rursum
1161 1207 1367 1241 oppressum,
1396 1200 1425 1229 in
1452 1198 1553 1229 lucem
1581 1197 1672 1229 edidit
1702 1201 1775 1229 ante
1801 1201 1925 1231 sextum
1948 1202 1977 1231 et
1999 1199 2150 1231 decimum

204 1259 317 1280 :annum
339 1248 475 1279 loannes
504 1246 624 1278 Pierius
654 1246 840 1288 Cyminius,
869 1247 908 1278 dc
936 1247 1083 1279 studiosis
1115 1258 1152 1281 eo
1186 1250 1309 1281 nomine
1344 1259 1404 1281 non
1433 1248 1515 1280 male
1544 1249 1692 1280 meritus:
1730 1250 1780 1291 qni
1809 1250 1969 1282 cumulare
1997 1251 2151 1294 potuisset

204 1299 280 1333 illud
310 1299 507 1337 beneficium,
545 1299 570 1329 si
599 1300 627 1330 in
653 1298 775 1331 edendo
802 1300 954 1330 maiorem
980 1299 1173 1332 adhibuisset
1200 1311 1306 1333 euram
1334 1303 1364 1332 et
1391 1299 1604 1343 diligentiam,
1632 1310 1734 1343 neque
1760 1301 1922 1333 maluisset
1949 1301 2150 1343 manuscripti

203 1351 318 1385 codicis
345 1351 420 1382 vitia
448 1351 539 1382 etiam
569 1353 662 1393 atque
691 1353 796 1383 errata
823 1351 948 1384 imitari,
1001 1351 1098 1385 Liber
1122 1354 1246 1391 autem,
1275 1353 1344 1395 qnia
1371 1351 1622 1395 Langobardicis
1650 1352 1884 1384 characteribus
1910 1356 2057 1385 exaratus
2081 1351 2149 1394 suit,

204 1406 235 1436 ut
259 1404 308 1445 qui
337 1412 406 1434 eum
433 1403 601 1445 inspexere
626 1405 803 1444 testantur,
831 1414 849 1434 a
877 1413 939 1435 non
967 1404 1139 1435 exercitato
1168 1405 1296 1436 librario
1326 1403 1481 1436 ditl'icilius
1503 1404 1566 1446 legi
1592 1404 1699 1446 potuit.
1753 1403 1836 1435 unde
1863 1404 2064 1436 similitudine
2086 1413 2150 1435 no-

202 1459 304 1489 tarum
333 1453 500 1497 deceptus,
528 1454 663 1496 plurima
690 1453 802 1485 menda
830 1455 967 1486 invexit:
996 1464 1075 1498 quae
1102 1465 1163 1487 non
1188 1466 1287 1499 pauca
1314 1465 1372 1487 nos
1400 1454 1663 1498 deprchemlimns
1693 1458 1722 1487 et.
1746 1454 1939 1487 sustulimus.
1993 1455 2150 1488 Debemus

203 1510 308 1539 tamen
336 1504 431 1537 Pierii
451 1505 553 1537 studio
582 1515 617 1536 ac
644 1506 904 1549 benevolentiae,
932 1507 1062 1549 eiusque
1091 1517 1169 1549 erga
1198 1507 1418 1551 rempublicam
1443 1507 1627 1539 litterariam
1655 1517 1811 1550 amorem,
1849 1510 1880 1538 et
1902 1508 2048 1539 virtutem
2072 1508 2149 1539 civis

204 1558 383 1591 conservati
409 1557 518 1589 merito
551 1556 778 1600 praedicamus.
832 1557 925 1597 Quod
953 1559 978 1589 si
1006 1568 1123 1600 querna
1147 1560 1221 1591 olim
1249 1561 1303 1591 aut
1333 1559 1452 1601 ilignea
1484 1568 1601 1591 corona
1628 1559 1714 1590 militi
1743 1569 1809 1591 cum
1838 1557 1951 1602 plausu
1978 1558 2051 1591 data
2079 1557 2149 1602 fuit,

205 1610 254 1652 qui
281 1610 381 1641 civem
407 1607 577 1652 pugnando
611 1610 749 1640 servavit
779 1609 971 1653 reipublicae
997 1609 1034 1641 ad
1064 1612 1207 1653 tempus:
1243 1612 1356 1653 (planto
1385 1610 1511 1654 dignius
1539 1609 1655 1641 hedera
1688 1610 1740 1641 vel
1770 1610 1858 1642 lauro
1886 1613 2056 1642 coronatur
2082 1610 2149 1653 ille,

207 1661 255 1703 qui
283 1662 383 1692 civem
408 1661 577 1693 extInctum
607 1664 637 1691 et
660 1662 746 1703 quasi
775 1662 812 1692 ab
837 1661 919 1693 Orco
952 1666 1152 1705 revocatum,
1181 1664 1210 1695 in
1240 1662 1405 1694 Musarum
1433 1662 1559 1693 chorum
1588 1664 1617 1693 et
1644 1661 1864 1703 rempublicam
1891 1661 2064 1694 litei-ariam
2092 1671 2149 1693 re·-

206 1712 303 1743 stituit
328 1710 506 1755 perpetuo?
559 1714 589 1744 et
617 1722 686 1743 eum
714 1713 831 1755 civem,
860 1714 910 1754 qni
940 1712 1178 1747 honestissimos
1206 1713 1333 1747 ordines
1357 1713 1472 1745 ducens
1501 1714 1582 1744 viam
1613 1711 1743 1749 imlicat,
1777 1715 1807 1744 et
1834 1712 1999 1744 resistendi
2021 1712 2149 1745 Barba-

206 1763 250 1795 ris
277 1762 475 1807 cohortibus,
509 1766 539 1795 et
566 1774 690 1795 manum
717 1763 904 1796 conserendi
935 1774 1003 1796 cnm
1032 1764 1141 1797 tiducia
1169 1768 1262 1808 atque
1289 1765 1434 1799 scienter.
1488 1764 1600 1796 'Palem
1630 1765 1715 1806 qnasi
1744 1763 1876 1807 ducem,
1907 1763 1964 1796 sed
1989 1775 2007 1795 a
2031 1764 2149 1796 vulne-

208 1813 291 1847 ribus
319 1814 440 1857 multis,
469 1818 499 1846 et
526 1814 580 1860 (ut
605 1814 782 1859 Virgiliano
810 1816 906 1848 verbo
935 1813 1026 1859 utar)
1054 1818 1238 1849 immanibus
1265 1819 1429 1859 sanatum,
1458 1815 1497 1848 ad
1523 1819 1554 1848 te
1582 1815 1720 1847 Vicelebi
1745 1817 1912 1859 mittimus,
1940 1815 2012 1848 boni
2037 1816 2148 1858 auspi-

207 1865 245 1898 cii
272 1875 385 1907 causa,
419 1870 545 1909 propter
572 1878 685 1898 noram
713 1867 878 1911 scholam,
916 1878 1007 1910 quam
1033 1871 1066 1900 tn
1093 1879 1174 1900 nune
1201 1868 1398 1911 Rnstelebii,
1432 1878 1531 1912 prope
1558 1866 1703 1900 Steinnm
1730 1878 1834 1899 arcem
1863 1870 1948 1899 tuam
1974 1876 2068 1909 paras
2096 1867 2149 1898 in-

207 1917 356 1959 stituere,
392 1916 420 1946 in
455 1928 513 1958 qna
552 1918 772 1950 adolescentes
805 1918 1016 1963 quadraginta
1044 1922 1117 1960 aut,
1149 1921 1176 1952 si
1212 1920 1352 1963 licuerit,
1389 1920 1515 1963 plureS‚
1547 1929 1616 1950 cnm
1650 1919 1714 1950 suis
1746 1919 1907 1962 magistris
1934 1917 2086 1961 alendos,
2119 1920 2149 1949 et

206 1969 321 2012 pietate
352 1965 553 2011 Christiana,
591 1971 776 2013 optimisque
802 1971 938 2014 artibus,
973 1981 1042 2003 cum
1069 1971 1214 2004 Graecae
1243 1974 1273 2003 et
1302 1971 1434 2004 Latinae
1462 1971 1591 2013 linguae
1618 1971 1799 2013 cognitione
1826 1968 2026 2002 instruendos
2053 1978 2148 2001 cura-

207 2022 294 2052 turus
322 2029 374 2061 65,
403 2017 484 2060 qnod
508 2018 641 2059 sactum,
674 2023 741 2064 quia
772 2023 869 2054 mains
901 2023 1001 2055 ocium
1025 2023 1170 2065 requirit,
1197 2033 1445 2055 commemorare
1472 2024 1591 2054 tantum
1621 2023 1651 2053 in
1678 2021 1737 2053 hac
1764 2022 1892 2054 chartae
1914 2021 2063 2064 angustia
2085 2030 2148 2052 vo·-

207 2070 272 2114 lui,
307 2070 451 2113 quoniam
483 2070 605 2113 quidem
633 2073 691 2115 iis,
725 2074 832 2116 quibus
861 2075 1045 2117 oportebat,
1081 2074 1226 2107 laudibus
1260 2075 1416 2107 extollere
1448 2076 1478 2105 et
1514 2083 1629 2105 ornare
1656 2072 1717 2105 hoc
1749 2076 1891 2116 tempore
1918 2082 1980 2104 non
2008 2081 2147 2114 possum.

208 2122 291 2154 'Pale
314 2123 399 2153 certe
426 2123 491 2164 est,
519 2122 598 2164 quod
627 2125 712 2155 tuum
740 2124 881 2156 ordinem
910 2128 1002 2168 atque
1030 2126 1123 2158 istum
1149 2125 1350 2170 splendorem
1376 2126 1406 2156 in
1434 2125 1540 2168 primis
1568 2124 1677 2168 decet,
1706 2124 1848 2168 quodque
1878 2133 1988 2156 omnes
2014 2123 2086 2155 boni
2113 2132 2150 2154 ao

209 2174 367 2217 sapientes
399 2172 458 2204 viri
492 2176 644 2215 perpetuo
679 2175 895 2208 celebrabimt:
928 2187 1059 2219 qnorum
1090 2178 1278 2209 imitatorem
1311 2187 1367 2221 pro
1402 2176 1558 2220 singulari
1592 2179 1645 2208 tua
1677 2176 1813 2219 virtute,
1854 2178 1947 2218 atque
1980 2175 2093 2207 eximio
2123 2175 2152 2205 111

209 2224 432 2269 rempublicam
456 2223 558 2256 studio
586 2234 635 2256 me
659 2236 797 2267 quoque,
831 2227 903 2259 dum
926 2229 1050 2273 viram,
1076 2228 1238 2261 habiturus
1263 2238 1307 2262 es.
1359 2226 1524 2271 Misenae,
1557 2238 1597 2259 ex
1622 2227 1733 2260 schola
1755 2237 1838 2260 nova
1862 2226 2027 2270 Principis.
2081 2223 2152 2258 Cal.

209 2276 345 2308 Martiis.
397 2275 490 2308 Anno
518 2274 627 2307 salutis
648 2274 695 2308 M.
720 2275 758 2309 l).
782 2277 935 2312 Xffl'ul.

375 2325 488 2371 (Quae
522 2327 552 2358 in
583 2326 732 2358 Editione
758 2326 893 2360 Fabricii
921 2330 981 2361 iam
1007 2334 1179 2373 sequuntur
1210 2330 1465 2364 nomenclaturae
1488 2332 1670 2373 auctorum,
1699 2331 1750 2374 qni
1782 2340 1802 2362 a
1825 2328 1973 2364 Charisio
2009 2328 2152 2369 citantur,

210 2380 376 2421 propterea
403 2378 580 2421 omisimus,
609 2377 690 2420 quod
716 2387 771 2410 eas
798 2379 828 2410 111
856 2378 1004 2412 indicibus
1031 2381 1070 2413 ad
1098 2382 1159 2414 hoc
1184 2382 1333 2415 volumen
1358 2386 1501 2426 quartum
1529 2381 1684 2428 Corporis
1710 2381 1994 2415 Grammaticorum
2016 2378 2151 2412 Latino-

211 2438 279 2460 rum
305 2430 360 2461 sub
384 2429 502 2462 calcem
529 2428 694 2462 exhibituri
720 2439 838 2463 sumus.
1884 2435 1962 2482 Β.)
