2264 2830
808 128 1053 164 ORIGINUM
1087 129 1232 163 LIBER
1258 130 1285 164 1.

1966 136 2014 170 25

69 240 110 261 co
123 224 148 244 ⁴³
176 238 284 265 meus,
312 231 402 263 tuus,
430 215 589 256 definion
617 224 742 268 aliquid
771 236 882 257 meum
911 235 997 263 esse,
1026 224 1077 256 vel
1104 229 1207 258 tuum.
1260 225 1429 259 Relativa
1451 226 1622 267 dicuntur,
1649 226 1727 269 quia
1754 226 1798 258 ad
1826 228 2013 275 interroga-

69 281 193 312 tionem
221 277 414 315 reseruntur,
439 280 473 307 ut
499 275 570 317 quis
598 276 668 308 est?
696 276 933 321 respondetur:
962 271 1036 308 hic⁴

233 343 266 377 4.
322 343 610 376 Demonstrate‘va
637 344 791 378 dicuntur
808 341 829 361 '¹⁵
856 355 897 376 eo
924 343 1017 387 quod
1046 343 1172 376 habent
1198 343 1449 377 demonstrantis
1460 341 1483 361 ⁴⁷
1516 345 1803 389 significationem.

1040 271 1050 290 ⁵
1078 280 1134 308 est.

1857 347 2013 392 Aliquem

71 399 156 432 enim
182 401 391 440 praesentem
412 394 464 427 his
491 395 774 437 demonstramus,
802 400 838 428 ut
863 395 935 437 hic,
964 395 1071 436 haec,
1098 395 1184 429 hoc:
1211 407 1297 438 quae
1324 395 1385 427 tria
1412 401 1444 428 et
1471 397 1599 430 articuli
1626 398 1846 433 nominantur.

233 462 268 498 5.
320 463 474 496 Articuli
508 469 618 496 autem
653 464 750 506 dicti,
784 464 877 508 quod
905 464 1090 497 nominibus
1118 459 1297 496 ιιτῑωιῑιιι·48
1329 463 1361 496 id
1387 469 1433 496 est
1463 465 1681 510 colligantur,
1718 462 1830 500 cum¹⁰
1858 465 2012 502 dicimus:

69 516 126 550 hic
153 521 273 549 orator.

68 568 192 601 nomini
220 567 381 611 iungitur,
410 572 445 599 ut
472 566 528 600 hic
555 568 693 612 sapiens.

68 620 126 654 hic
154 625 185 652 et
212 618 297 652 haec
325 624 357 650 et
384 618 461 652 hoc.

232 678 266 712 6.
319 677 441 711 Omnia
474 683 585 712 autem
626 679 826 724 pronomina
853 684 908 711 aut
944 674 1194 723 primogenia⁵²
1229 683 1285 710 aut
1319 677 1499 712 deductiva
1531 684 1614 712 sunt.

1050 730 1146 763 Haec
1158 725 1182 746 ⁵5
1214 730 1331 774 viginti
1366 727 1487 763 unum⁵

69 792 152 826 ego,
181 786 214 813 tu
242 787 274 815 et.
287 777 311 797 ⁵⁸
338 782 404 814 ille.
437 782 568 815 lnlinita
591 783 671 816 Vll:
697 783 787 826 quis,
815 783 937 826 qualis,
964 782 1055 824 talis,
1083 786 1239 825 quantus,
1267 786 1389 823 tantus,
1417 787 1555 825 quotus,
1582 779 1713 815 totu559.

991 834 1176 866 possessiva
1210 834 1372 877 quinque:
1400 834 1517 875 Meus,
1553 839 1644 875 tuus,
1672 846 1764 877 suus,
1791 841 1921 876 noster,
1949 832 2011 868 et⁴³¹

239 885 384 928 Reliqua
411 890 521 918 autem
548 886 740 920 deductiva
770 886 924 920 dicuntur
975 885 1052 929 quia
1080 897 1119 918 ex
1146 885 1208 918 illis
1219 881 1243 901 ‘⁵²
1270 885 1416 919 deducta
1450 892 1550 930 atque
1574 887 1761 931 composita
1789 887 1945 927 existunt,
1980 891 2015 919 ut

68 725 206 769 dicta⁵³,
241 730 318 773 quia
350 730 482 763 aliunde
515 731 677 776 originem
712 743 778 764 non
811 730 945 763 trallunt
957 727 990 763 ⁵⁴.

68 833 158 865 finita
186 844 257 865 sex:
291 833 379 877 ipse,
407 831 514 875 istem,
542 834 617 875 hic,
649 835 692 873 is,
729 834 837 875 idem,
871 834 929 869 sui.

67 890 185 919 vester.

67 936 247 980 quispiam,
275 933 446 980 aliquinffl,
475 943 506 970 et
533 938 660 982 reliqua
672 935 705 971 ¹³⁴.

931 915 941 931 θ

707 1058 736 1092 C
762 1059 793 1091 A
820 1058 857 1090 P.
911 1057 1004 1091 vni.

1045 564 1066 584 51

328 516 416 548 luter
443 515 618 548 articulum
645 522 755 549 autem
784 523 816 549 et
842 527 1029 561 pronomen
1065 516 1133 550 hoc
1159 516 1308 553 interest,
1349 515 1442 558 quod
1471 517 1628 551 articulus
1655 523 1733 551 tunc
1769 523 1832 560 est,
1873 516 2014 562 quum⁵⁰

748 568 833 602 Cum
861 579 940 601 vero
968 580 1034 600 non

1096 568 1326 612 coniungitur,
1353 567 1647 602 demonstrativum
1674 581 1861 614 pronomen
1884 576 1951 612 est,
1980 576 2014 604 ut

1675 679 1909 725 Primogcnia
1940 687 2014 714 sunt

1490 727 1501 747 ⁰
1678 732 1787 765 Finita
1826 732 1885 764 tria
1895 756 1904 773 ‚
1945 738 1981 765 ut
1989 729 2013 749 ⁵⁷

1534 736 1616 764 sunt.

1774 783 1886 816 Minus
1912 795 2013 826 quam

1085 1057 1157 1090 De
1197 1056 1370 1091 verbo.

233 1142 265 1175 l.
324 1142 474 1176 Verbum
502 1143 628 1176 dictum
664 1140 745 1176 est⁰⁵
780 1154 839 1183 eo,
884 1143 976 1186 quod
1012 1143 1190 1176 verberato
1224 1155 1301 1177 aere
1327 1139 1472 1183 sonet¹ffi‚
1508 1141 1562 1174 vel
1593 1141 1686 1184 quod
1720 1140 1807 1175 haec
1841 1152 1918 1185 pars
1944 1141 2011 1174 fre-

67 1198 205 1236 quenter
231 1195 263 1226 in
290 1195 439 1228 oratione
464 1200 621 1229 versetur.

67 1245 207 1278 invicem
236 1246 407 1289 loquendo
435 1246 671 1280 demonstrant.

67 1294 258 1341 ctumque⁶⁷
285 1308 459 1342 personae.

673 1195 757 1228 Sunt
784 1200 893 1228 autent
920 1195 1022 1228 verba
1058 1196 1175 1228 mentis
1211 1196 1322 1239 signa,
1355 1194 1474 1238 quibus
1506 1192 1658 1225 homines
1694 1193 1914 1237 cogitationes
1940 1204 2011 1225 suas

725 1247 819 1281 Sicut
846 1252 956 1279 autem
991 1257 1113 1278 nomen
1147 1247 1312 1290 significat
1338 1256 1533 1289 personam,
1570 1244 1614 1276 ita
1642 1244 1778 1276 verbum
1805 1244 1929 1276 sactum
1957 1243 2011 1275 di—

518 1298 556 1329 ln
583 1309 725 1342 persona
752 1298 845 1330 verbi
872 1297 999 1341 agentis
1026 1303 1081 1328 aut
1091 1294 1116 1312 ‘⁵⁸
1145 1298 1300 1340 patientis
1326 1295 1523 1340 significatio
1551 1299 1598 1326 est
1608 1290 1640 1327 ⁶⁹.

232 1356 264 1388 2.
319 1358 404 1389 Nam
429 1357 540 1390 scribo
564 1353 761 1401 personae⁷⁰
787 1356 913 1389 factum
936 1360 993 1387 est.
1034 1354 1116 1387 Item
1142 1356 1268 1389 scribor
1295 1351 1392 1388 ῐιοιιτι
1419 1365 1584 1398 personae
1605 1352 1731 1386 sactum
1757 1352 1891 1394 indicat,
1919 1350 2011 1385 sed⁷²

67 1406 152 1439 iuius
162 1403 204 1447 ⁷³,
239 1419 257 1439 a
283 1419 351 1450 quo
378 1409 509 1452 patitur.

232 1459 420 1491 Verborum
447 1469 571 1503 genera
598 1457 666 1490 duo
693 1463 782 1490 sunt:
819 1456 1123 1489 Grammaticorum
1151 1461 1251 1498 atque
1277 1456 1478 1488 Rhetorum.

69 1508 192 1540 cadunt
218 1514 388 1553 tempora:
415 1510 643 1553 praeteritum,
670 1504 834 1548 instans⁷⁴‚
863 1507 1009 1539 futurum
1021 1503 1063 1546 ⁷⁵,
1093 1512 1127 1539 ut
1154 1507 1251 1547 facit,
1284 1507 1380 1547 fecit,
1407 1506 1516 1539 faciet.

355 1561 466 1593 Verba
493 1560 647 1593 dicuntur
672 1559 762 1592 velut
775 1555 818 1599 ⁷⁶,
857 1557 980 1591 serbis
1017 1554 1149 1591 ὸοηὶεΠ
1182 1569 1243 1591 nos
1270 1558 1379 1603 cepit,
1420 1556 1530 1590 verba
1560 1555 1651 1589 bona
1685 1555 1827 1596 habuit,
1862 1557 1918 1589 ubi
1945 1568 2010 1589 non

67 1571 159 1592 versa
187 1561 302 1592 oratio.

66 1616 191 1643 tantum
219 1608 327 1644 sunt'st*
354 1612 472 1653 verba,
507 1623 594 1654 quae
629 1612 663 1643 in
688 1611 750 1643 tria
783 1609 906 1644 cadunt
937 1614 1108 1653 tempora,
1142 1610 1201 1642 sed
1236 1611 1385 1643 universa
1411 1609 1519 1642 oratio
1553 1612 1610 1642 est.

65 1667 138 1695 sunt
165 1663 311 1704 formae,
338 1663 431 1696 modi
441 1659 483 1703 ⁷⁹,
517 1662 786 1707 coniugationes,
814 1667 846 1694 et
872 1673 998 1707 genera
1010 1657 1035 1676 ⁸⁰

67 1767 112 1799 37)
136 1775 214 1803 quae
235 1765 266 1793 Ζ.
295 1781 336 1787 -
368 1763 418 1805 38)
441 1765 498 1793 oin.
520 1764 650 1801 faciunt
676 1764 707 1793 Z.
738 1779 778 1785 —
816 1761 863 1804 39)
891 1762 1014 1791 Certum

67 1808 145 1835 enim
165 1813 207 1835 est
229 1808 260 1837 Z.
290 1824 327 1829 —
356 1806 403 1847 40)
431 1807 479 1835 Sic
503 1806 562 1835 Gu.
582 1810 609 1838 1.
633 1822 674 1829 —
698 1811 846 1834 vocantur
868 1805 950 1843 vulg.
973 1820 1015 1825 —-

67 1847 115 1888 41)
134 1849 257 1888 aliquid
276 1861 330 1878 nos
353 1850 410 1879 Gu.
433 1852 461 1881 2.
482 1859 530 1877 va.
553 1866 591 1870 —-
617 1847 664 1889 42)
680 1848 755 1876 dum
777 1849 834 1877 Gu.
852 1851 881 1880 2.
903 1858 950 1877 va.
974 1864 1012 1868 —-

68 1891 114 1925 43)
137 1891 203 1920 dico
222 1903 278 1920 om.
295 1893 326 1921 Z.
349 1909 386 1914 —
409 1891 458 1933 44)
476 1891 523 1919 Sic
540 1892 574 1920 Z.
591 1891 646 1920 Gu.
663 1894 689 1923 1.
704 1894 733 1923 2.
751 1902 797 1931 pr.
814 1901 860 1919 va.
886 1909 923 1912 —
948 1889 1013 1927 dis-

60 1934 141 1972 finio
157 1935 237 1972 vulg.
266 1953 303 1957 —-
326 1936 375 1972 45)
392 1934 440 1962 Sic
456 1934 512 1962 Gu.
532 1937 559 1964 1.
577 1952 615 1956 —
633 1935 660 1962 is
675 1934 756 1972 vulg.
775 1950 817 1954 —
838 1934 885 1970 46)
903 1931 1015 1960 dicun-

69 1982 119 2004 tur
140 1976 223 2005 addit
245 1977 299 2005 Gu.
323 1980 351 2008 1.
373 1993 415 1998 —
438 1976 483 2015 47)
500 1976 548 2004 Sic
565 1976 623 2005 Gu.
640 1979 667 2008 1.
688 1977 739 2005 Ar.
758 1993 800 1997 ——
824 1975 1011 2003 demonstra-

69 2021 162 2047 tionis
182 2019 261 2057 vulg.
285 2036 322 2041 —-
354 2018 604 2047 demonstrantem
629 2019 685 2049 Gu.
709 2022 737 2050 2,
761 2029 808 2047 va.
830 2035 871 2040 —
894 2019 940 2056 48)
964 2017 1012 2045 sic

71 2062 127 2090 Gu.
144 2065 170 2093 1.
189 2065 218 2093 2.
242 2071 288 2100 pr.
304 2071 350 2090 va.
373 2078 413 2083 —-
438 2067 599 2090 arctantur
620 2062 652 2090 Z.
675 2061 728 2092 Ar.
750 2077 792 2084 —
815 2066 1013 2089 coarctantur

69 2104 149 2142 vulg.
176 2121 211 2125 —
236 2102 282 2142 49)
302 2104 382 2130 sicut
404 2114 473 2132 cum
489 2105 519 2134 Z.
539 2120 582 2126 —
604 2110 638 2132 ut
665 2115 735 2132 cum
756 2105 807 2132 Ar.
832 2120 872 2125 —
894 2104 942 2140 50)
965 2103 1014 2131 Sic

70 2147 126 2176 Gu.
152 2150 179 2178 1.
203 2149 234 2178 2.
257 2156 304 2176 va.
333 2147 384 2175 Ar.
409 2163 440 2168 —
475 2145 600 2185 quando
621 2147 704 2185 vulg.
734 2163 776 2168 —
806 2146 853 2183 51)
872 2156 931 2173 non
956 2155 1014 2175 om.

71 2189 127 2219 Gu.
144 2192 169 2220 1.
184 2206 222 2211 —
242 2187 288 2226 52⁷)
304 2188 352 2216 Sic
368 2188 424 2217 Gu.
435 2191 461 2220 1.
476 2189 506 2218 h.
521 2190 542 2220 l.
554 2193 581 2217 et
595 2200 675 2218 mox.
695 2193 768 2218 Item
784 2189 823 2218 al.
836 2188 1015 2226 —pr·imig.

69 2231 152 2269 vulg.
176 2248 210 2253 -
231 2232 418 2269 prinu'genia
439 2237 508 2259 sunt
530 2237 583 2260 aut
606 2231 771 2260 deductiva
795 2231 850 2259 Gu.
870 2233 900 2262 2.
918 2241 1016 2258 va.—

71 2274 118 2312 53)
135 2273 183 2302 Sic
206 2274 262 2303 Gu.
284 2276 309 2304 1.
331 2290 372 2295 —
402 2272 486 2301 dicta
508 2280 578 2302 sunt
601 2275 681 2313 vulg.
698 2291 740 2296 —
762 2275 807 2311 54)
831 2276 892 2301 ηόη,
914 2273 1016 2301 oriun-

72 2322 122 2344 tur
143 2317 175 2345 Z.
202 2334 234 2338 —
260 2315 306 2354 55)
327 2321 361 2343 ut
379 2315 452 2343 llaec
474 2317 505 2345 Z.
528 2316 663 2346 Fortasse
686 2323 711 2345 et
731 2316 812 2346 llaec.
835 2332 876 2337 —
911 2315 957 2354 56)
974 2316 1017 2343 vie

69 2360 152 2396 giuti
174 2365 199 2386 et
222 2369 315 2386 unum
338 2359 368 2387 Z.
393 2359 449 2387 Gu.
465 2361 493 2390 2.
508 2369 553 2388 va.
569 2376 611 2382 -—-
629 2360 743 2401 viginti
760 2364 785 2386 et
809 2364 944 2397 quatuor
960 2357 1017 2385 Gu.

75 2405 102 2432 1.
123 2417 165 2424 —·
186 2399 232 2439 57)
247 2407 280 2428 ut
295 2400 395 2429 addidi
411 2412 426 2430 e
443 2401 501 2429 Gu.
522 2404 548 2432 1.
571 2412 617 2431 va.
642 2420 679 2424 —
704 2401 751 2441 58)
764 2407 791 2430 et
806 2400 909 2430 addidi
926 2410 942 2430 e
958 2401 1017 2429 Gu.

124 2452 288 2482 Garanum.
309 2462 379 2482 Lu.
392 2451 442 2482 ΙΙΙ.

1548 1454 1853 1486 Grammaticorum
1880 1455 1912 1486 in
1949 1455 2010 1486 tria

1579 1504 1770 1537 Rhetorum
1798 1511 1908 1538 autem
1937 1506 2008 1538 uni—

1665 1608 1853 1641 Verborum
1883 1608 2010 1652 speeies

1060 1764 1086 1793 1.
1100 1778 1141 1783 —
1159 1761 1204 1801 59)
1223 1767 1323 1798 totus,
1347 1767 1460 1800 quotus
1481 1761 1537 1791 Gu.
1556 1763 1585 1792 1.
1613 1777 1648 1781 —
1674 1759 1720 1799 60)
1736 1761 1815 1798 ipse,
1839 1761 1895 1787 iste
1910 1758 1965 1787 Gu.
1983 1763 2007 1790 1.

1057 1820 1098 1827 —
1122 1803 1169 1843 61)
1190 1810 1216 1832 et
1234 1815 1290 1833 om.
1305 1805 1336 1832 Z.
1362 1805 1417 1834 Gu.
1435 1807 1463 1836 2.
1478 1814 1523 1832 va.
1538 1803 1588 1832 Ar.
1616 1819 1657 1824 —
1690 1801 1735 1839 62)
1758 1804 1826 1829 istis
1851 1802 1881 1830 Z.
1909 1802 1964 1830 Gu.
1981 1804 2008 1833 2.

1058 1857 1104 1876 va.
1130 1863 1171 1869 ——
1201 1846 1248 1886 63)
1270 1858 1326 1875 om.
1347 1847 1463 1886 aliquis
1488 1847 1545 1875 Gu.
1562 1850 1590 1878 2.
1616 1863 1653 1866 —
1677 1844 1803 1883 aliquid
1827 1854 1872 1875 va.
1899 1859 1940 1866 -
1963 1846 2009 1881 64)

1058 1890 1108 1918 Sic
1121 1890 1177 1918 Gu.
1195 1893 1221 1921 1.
1237 1892 1266 1921 2.
1283 1900 1329 1920 va.
1351 1906 1393 1911 —
1416 1895 1468 1918 etc.
1493 1889 1575 1926 vulg.
1595 1906 1631 1910 —
1657 1890 1702 1923 65)
1720 1888 1769 1916 Sic
1788 1888 1844 1916 Gu.
1865 1889 1892 1918 1.
1913 1904 1952 1909 --
1967 1892 2008 1914 est

1060 1943 1118 1961 om.
1137 1932 1218 1970 vulg.
1242 1948 1279 1954 —
1306 1930 1352 1970 66)
1369 1938 1457 1960 sonat
1474 1931 1528 1961 Gu.
1545 1934 1574 1962 2.
1592 1933 1641 1960 Ar.
1657 1940 1705 1969 pr.
1723 1940 1769 1959 va.
1788 1946 1822 1950 —
1850 1933 1897 1966 67)
1913 1929 1963 1957 Sic
1978 1929 2007 1956 Z.

1056 1976 1113 2004 Gu.
1134 1978 1161 2007 1.
1179 1978 1207 2007 2.
1226 1985 1272 2013 pr.
1285 1985 1332 2003 va.
1349 1975 1400 2003 Ar.
1424 1990 1462 1996 —
1487 1973 1601 2002 dictum
1615 1974 1803 2012 factumque
1820 1982 1901 2011 per-r.
1926 1971 2004 2009 vulg.

1054 2034 1096 2040 —
1118 2017 1166 2054 68)
1185 2017 1233 2045 Sic
1250 2018 1307 2047 Gu.
1326 2021 1350 2048 1.
1368 2033 1410 2039 —-
1429 2023 1454 2044 el
1472 2017 1553 2055 vulg.
1577 2032 1618 2037 ——
1642 2014 1687 2055 69)
1706 2022 1748 2043 est
1770 2025 1828 2047 om,
1845 2015 1875 2042 Z.
1899 2029 1938 2035 —
1962 2016 2006 2051 70)

1056 2061 1178 2099 agentis
1194 2071 1343 2098 personae
1367 2059 1417 2088 Ar.
1436 2075 1477 2082 —
1499 2075 1541 2081 —
1560 2058 1608 2099 71)
1622 2069 1682 2086 nun
1704 2069 1760 2087 om.
1778 2058 1832 2087 Gu.
1847 2060 1877 2089 2.
1894 2056 1943 2086 Ar.
1961 2066 2005 2095 pr.

1056 2103 1104 2142 72)
1121 2103 1186 2131 scil.
1200 2103 1232 2131 Z.
1255 2119 1297 2124 —
1319 2106 1364 2137 73)
1382 2103 1431 2130 Sic
1454 2102 1510 2131 Gu.
1531 2105 1557 2132 1.
1572 2117 1613 2122 —-
1637 2102 1701 2129 eius
1723 2100 1806 2138 vulg.
1830 2114 1872 2120 -—-
1890 2100 1938 2137 74)
1959 2099 2005 2126 Sic

1056 2146 1088 2173 Ζ.
1113 2146 1171 2174 Gu.
1192 2148 1218 2176 1.
1235 2148 1265 2177 2.
1286 2145 1324 2174 al.
1340 2155 1386 2184 pr.
1408 2155 1456 2173 va.
1481 2160 1523 2165 —
1546 2146 1683 2181 instans,
1701 2143 1904 2183 praeteritum
1926 2141 2005 2178 vulg.

1057 2204 1096 2210 —
1127 2189 1348 2226 praeteritum,
1381 2197 1528 2226 praesens
1550 2187 1603 2216 Ar.
1629 2203 1670 2208 —
1701 2187 1750 2225 75)
1774 2185 1854 2223 vulg.
1876 2189 1902 2212 et
1923 2184 2004 2221 fut„

1059 2230 1111 2258 sed
1135 2241 1193 2258 om.
1219 2237 1244 2258 et
1268 2231 1299 2259 Z.
1324 2231 1381 2259 Gu.
1399 2233 1425 2261 1.
1444 2233 1472 2262 2.
1493 2239 1538 2258 va.
1560 2245 1602 2250 —
1631 2229 1677 2267 76)
1694 2229 1743 2258 Sic
1767 2229 1826 2256 Gu.
1851 2229 1878 2258 1.
1895 2242 1933 2248 —
1959 2236 2004 2252 re-

1059 2273 1119 2300 luti
1141 2274 1223 2311 vulg.
1247 2291 1288 2295 —
1310 2275 1358 2309 77)
1369 2272 1456 2300 honis
1480 2282 1536 2301 om.
1559 2271 1616 2301 Gu.
1632 2274 1661 2303 2.
1686 2288 1723 2293 -
1748 2270 1794 2310 78)
1809 2274 1879 2297 sunt
1902 2265 2003 2296 addidi

1059 2325 1076 2343 e
1099 2316 1153 2344 Gu.
1181 2318 1208 2347 1.
1239 2332 1275 2338 —
1313 2314 1360 2355 79)
1385 2314 1482 2351 modi,
1520 2315 1645 2352 formae
1675 2314 1707 2342 Z.
1739 2329 1781 2336 —-
1816 2313 1863 2347 80)
1884 2316 1910 2338 et
1933 2315 2003 2336 tem-

1054 2368 1135 2396 pora
1158 2358 1194 2386 al.

1572 2448 1603 2481 D
