2264 2830
809 136 1053 176 ORIGINUM
1090 144 1234 182 LIBER
1260 149 1318 183 ix.
1961 168 2036 202 237

257 220 318 256 46.
372 222 466 257 Medi
494 238 513 261 a
540 237 620 270 rege
657 239 716 262 suo
744 233 971 275 cognominati
998 243 1163 280 putantur.
1217 243 1373 288 Namque
1408 246 1506 280 Iason
1531 249 1655 284 l’eliaci
1682 254 1770 297 regis
1792 255 1893 290 frater
1921 271 1938 290 a
1968 262 2031 294 l'e—

90 272 156 305 liae
184 272 256 306 liliis
283 272 461 308 Thessalia
486 277 600 320 pulsus
627 285 674 312 est
689 276 707 297 ¹¹
736 292 813 315 cuni
837 283 961 319 Medea
989 299 1092 323 uxore
1114 303 1187 333 sua,
1215 295 1305 328 cuius
1329 297 1391 333 suit
1417 299 1589 344 privignus
1614 302 1738 338 Medus
1763 318 1822 340 rex
1847 308 2032 345 Athenien-

90 324 183 363 sium,
212 326 268 367 qui
291 331 369 369 post
389 333 529 362 mortem
552 329 675 364 Iasonis
702 331 845 369 Orientis
858 332 881 352 ⁴²
907 338 1046 382 plagam
1074 344 1277 386 perdomuit,
1304 347 1417 391 ibique
1439 350 1590 386 Mediam
1618 355 1734 390 urbem
1763 360 1924 402 condidit,
1947 373 2031 407 gen—

89 382 223 418 temque
250 375 431 411 Medorum
459 380 590 415 nomine
618 394 677 415 suo
705 387 899 428 appellavit.
952 390 1022 425 Sed
1050 393 1268 430 invenimuu⁴³
1294 398 1327 431 in
1350 399 1518 443 Genesi¹¹‚
1547 405 1640 448 quod
1659 407 1777 443 Madal
1804 417 1920 448 auctor
1947 426 2032 458 gen-

88 427 127 458 tis
156 427 336 460 Medorum
365 429 443 470 suit,
471 442 489 462 a
517 443 584 475 quo
614 439 646 465 ct
672 439 916 481 cognominati,
944 447 978 474 ut
1000 446 1148 488 superius
1176 448 1303 482 dictum
1331 457 1388 483 est.

251 495 309 528 47.
362 497 483 531 Persae
508 512 527 531 a
550 501 670 535 Perseo
682 499 706 521 *ὅ
733 516 814 549 rege
840 513 913 540 sunt
936 513 1057 553 vocati,
1084 514 1140 556 qui
1162 512 1217 547 am
1244 515 1388 551 Graecia
1416 519 1447 551 in
1457 516 1482 536 ⁴²
1504 521 1616 555 Asiam
1642 527 1807 571 transiens,
1836 531 1880 564 ibi
1909 533 2031 567 barba-

87 557 137 578 ras
171 551 286 590 gentes
318 548 412 591 gravi
440 550 663 597 diuturnoque
696 555 787 589 bello
816 560 1026 604 perdomuit,
1062 565 1236 600 novissime
1270 570 1375 603 victor
1409 581 1529 605 nomen
1564 576 1732 611 subiectae
1765 583 1855 625 genti
1890 583 1983 618 dedit
1996 583 2031 617 ⁴⁸.

85 598 206 630 Persae
232 602 341 631 autem
370 606 445 633 ante
474 602 598 646 Cyrum
626 606 792 650 ignobiles
816 611 957 655 fuerunt,
984 620 1016 647 et
1042 617 1164 650 nullius
1191 619 1274 652 inter
1299 627 1416 665 gentes
1444 623 1512 657 loci
1525 621 1549 641 ⁴⁹
1576 624 1794 666 habebantur.
1824 634 1919 668 Medi
1942 648 2030 670 sem—

84 661 145 693 per
171 650 387 693 potentissimi
414 652 554 689 fuerunt.

246 699 305 733 48.
360 702 531 748 Casdei⁵⁰‚
566 707 621 752 qui
650 720 736 744 nunc
762 711 926 747 Chaldaei
953 724 1128 761 vocantur,
1155 732 1175 752 a
1202 721 1326 756 Caseth
1351 725 1422 758 lilio
1450 727 1589 761 Nachor
1614 730 1723 764 fratris
1750 733 1938 770 Abrahae5¹
1969 750 2028 773 co-

82 751 265 794 gnominati
293 759 374 786 sunt.

245 803 304 836 ⁴9.
358 805 480 840 Sabaei
508 808 587 842 dicti
615 809 690 847 α’πὸ
715 814 783 848 τοῦ
805 819 990 860 σεβεσθαι,
1017 821 1110 863 quod
1135 827 1184 855 est
1210 825 1401 870 supplicare
1413 825 1439 847 5²
1465 835 1496 862 et
1524 833 1692 873 venerari,
1720 837 1797 879 quia
1823 838 2027 873 divinitatem

79 863 142 896 per
168 853 315 898 ipsorum
342 857 440 891 thura
468 872 672 895 veneramur.
726 865 793 908 lpsi
821 873 893 899 sunt
920 874 952 901 et
979 871 1106 905 Arabes
1119 870 1164 915 ⁵³,
1192 877 1248 918 qul
1262 874 1287 894 Μ
1314 878 1346 911 in
1375 882 1542 915 montibus
1569 884 1714 918 Arabiae
1748 894 1837 931 sunt,
1877 891 1933 934 qui
1967 903 2029 924 vo-

80 909 195 937 cantur
221 907 367 941 Libanus
389 916 420 943 et
446 911 705 955 Antilibanus⁵⁵‚
729 917 786 949 ubi
812 918 911 952 thura
937 923 1150 968 colliguntur.

244 957 304 990 50.
358 961 434 1005 Syri
460 964 503 996 ab
530 964 676 998 Assurim
688 963 713 983 ⁵⁸⁵
740 970 847 1002 vocati
874 972 1112 1017 perhibentur,
1147 978 1203 1020 qui
1230 979 1292 1012 fuit
1318 992 1424 1027 nepos
1451 984 1625 1018 Abraham
1652 999 1693 1020 cx
1719 989 1878 1024 Cethura.
1934 994 2026 1034 Quos

79 1012 187 1041 autem
218 1015 344 1044 veteres
375 1015 542 1058 Assyrios,
571 1028 658 1051 nunc
684 1030 744 1052 nos
771 1032 927 1056 vocamus
951 1025 1052 1069 Syros
1066 1024 1108 1069 ⁵⁷,
1136 1040 1156 1061 a
1180 1036 1277 1074 parte
1303 1037 1410 1067 totum
1437 1037 1656 1081 appellantes.

241 1069 301 1104 51.
354 1073 502 1109 Hebraei
529 1078 637 1110 vocati
665 1077 774 1112 ,ςυιιιῡ8
800 1082 843 1114 ab
870 1083 1004 1128 Heber,
1031 1087 1088 1130 qui
1114 1099 1285 1135 pronepos
1312 1093 1376 1126 suit
1403 1094 1493 1129 Sem.

240 1136 299 1175 52.
351 1141 518 1177 israelitae
548 1157 627 1180 vero
662 1148 705 1181 ab
738 1149 838 1183 Israel
865 1152 934 1185 filio
961 1153 1064 1190 Isaac.
1117 1158 1204 1191 Nam
1236 1161 1463 1204 patriarcham
1493 1165 1727 1202 Hebraeorum
1754 1169 1853 1204 fuisse
1866 1167 1890 1188 ⁵⁹
1912 1172 2024 1214 Israel,

75 1197 92 1217 a
115 1197 182 1229 quo
205 1189 385 1226 duodecim
408 1195 608 1230 ludaeorum
636 1200 737 1232 tribus
746 1197 771 1217 ⁶⁰
792 1202 922 1236 Israelis
943 1207 1143 1241 vocabulum
1171 1212 1304 1246 sortitae
1331 1219 1414 1247 sunt.
1457 1216 1589 1250 Iudaeis
1611 1223 1722 1252 autem
1742 1222 1877 1255 scissura
1905 1223 2023 1258 decem

73 1237 219 1273 tribuum
230 1238 252 1257 ⁶¹
279 1254 400 1278 nomen
410 1243 435 1263 ⁶²
461 1248 627 1291 imposuit.
680 1252 769 1284 Nam
797 1258 893 1286 antea
920 1255 1069 1290 Hebraei
1096 1260 1162 1292 sive
1188 1261 1355 1296 Israelitae
1382 1268 1669 1310 nuncupabantur.

235 1308 295 1342 53.
349 1313 400 1345 Ex
427 1325 495 1356 quo
523 1321 633 1349 autem
662 1318 694 1350 in
722 1319 790 1351 duo
818 1332 922 1365 regna
949 1323 1012 1356 Dei
1039 1327 1186 1370 populus
1197 1325 1222 1346 ⁰³
1248 1335 1297 1362 est
1317 1331 1437 1366 divisus
1448 1331 1483 1374 ⁰⁴,
1510 1339 1588 1369 tunc
1615 1336 1704 1370 duae
1723 1338 1837 1380 tribus,
1864 1351 1952 1383 quae
1979 1342 2022 1376 de

73 1358 174 1403 stirpe
207 1360 291 1393 Iuda
324 1374 421 1407 reges
454 1365 641 1409 habebant,
688 1370 890 1404 ludaeorum
928 1386 1050 1409 nomen
1087 1380 1223 1412 sortitae
1257 1387 1340 1415 sunt.
1401 1385 1547 1429 Reliqua
1588 1398 1666 1430 pars
1706 1389 1826 1424 decem
1864 1393 2022 1434 tribuum,

71 1422 157 1453 quae
205 1411 238 1443 in
284 1412 433 1448 Samaria
480 1428 596 1463 regem
648 1418 745 1453 sibifif·
783 1425 950 1458 constituit
992 1428 1038 1460 ob
1073 1431 1196 1474 populi
1228 1435 1492 1478 magnitudinem
1527 1439 1701 1482 pristinum
1735 1452 1856 1474 nomen
1889 1445 2022 1477 retinuit

70 1462 198 1495 Israelis
213 1459 247 1495 ⁶⁶.

231 1513 292 1550 54.
343 1515 624 1553 Samaritanorum
658 1520 776 1566 gens⁶⁷
813 1528 953 1571 sumpsit
993 1530 1165 1564 exordium
1209 1534 1252 1566 ab
1286 1534 1446 1579 Assyrii3‚
1493 1539 1551 1582 qui
1591 1542 1812 1586 transmigrati
1846 1544 2019 1579 habitave-

69 1569 142 1597 runt
175 1565 208 1597 in
235 1566 400 1608 Samaria,
440 1570 496 1612 qui
523 1571 639 1606 Latine
674 1575 930 1619 interpretantur
956 1582 1127 1624 custodes,
1157 1595 1197 1616 eo
1224 1586 1318 1629 quod
1345 1590 1514 1632 captivato
1542 1591 1643 1625 Israel
1675 1593 1725 1625 isti
1751 1593 1783 1626 in
1809 1599 1896 1628 terra
1909 1594 1934 1613 ⁶⁵⁹
1963 1608 2018 1630 re-

65 1616 175 1660 gionis
201 1628 317 1650 eorum
344 1619 387 1651 ad
415 1622 602 1656 custodiam
628 1626 785 1660 collocati
809 1635 891 1664 sunt.

229 1667 288 1702 55.
340 1670 492 1705 Phoenix
528 1676 648 1710 Cadmi
681 1678 784 1711 frater
817 1680 861 1714 de
899 1682 1029 1716 Thebis
1069 1686 1319 1730 Aegyptiorum
1361 1690 1394 1723 in
1430 1691 1561 1735 Syriam
1599 1695 1790 1738 profectus,
1831 1698 1923 1742 apud
1964 1698 2015 1732 Si·

64 1717 189 1751 donem
225 1723 393 1765 regnavit,
439 1724 601 1768 eosque‘³³
626 1730 774 1773 populos
808 1743 848 1764 ex
882 1745 940 1766 suo
976 1737 1110 1769 nomine
1136 1738 1342 1782 Phoenices,
1389 1754 1531 1787 eamque
1557 1747 1764 1790 provinciam
1797 1748 2012 1785 Phoeniciam

64 1772 275 1815 nuncupavit.

228 1821 287 1854 56.
340 1823 480 1859 Sidones
506 1832 616 1862 autem
644 1842 663 1863 a
689 1827 822 1867 'civitate
849 1846 936 1878 quae
962 1844 1101 1872 vocatur
1126 1840 1233 1874 Sidon
1256 1842 1391 1877 traxisse
1417 1846 1620 1880 vocabulum
1646 1849 1876 1893 perhibentur.

63 1926 149 1966 vulg.
173 1940 276 1961 eorum
298 1933 404 1963 emt-lec.
428 1950 469 1955 —
491 1933 538 1976 35)
561 1938 608 1966 Sic
624 1940 681 1969 Gu.
698 1944 723 1974 1.
741 1944 769 1974 2.
788 1942 837 1972 Ar.
861 1961 902 1965 —
925 1945 1011 1984 vulg.
1057 1948 1112 1978 Gu.
1131 1952 1161 1981 2.
1183 1960 1229 1989 pr.
1252 1961 1298 1981 va.
1329 1969 1370 1974 —
1402 1955 1449 1992 55)
1473 1960 1499 1982 et
1522 1956 1726 1986 Antilibanus
1748 1969 1805 1988 om.
1832 1961 1889 1988 Gu.
1914 1963 1941 1992 1.
1966 1977 2006 1983 —

62 1980 124 2000 voc.
148 1983 207 2003 eur.
242 1989 284 1997 -—
326 1977 372 2011 36)
398 1986 435 2003 ac
460 1977 498 2005 al·
531 1996 569 2000 —
613 1985 661 2019 37)
683 1984 733 2014 Sic
755 1985 813 2014 Gu.
832 1989 859 2018 1.
886 1988 1011 2025 Scyllia
1052 1990 1099 2031 56)
1121 1992 1171 2023 Sic
1190 1993 1242 2024 Ar.
1267 2011 1307 2015 —-
1331 1995 1418 2033 Vulg.
1442 2008 1462 2024 α
1484 1999 1597 2029 ιδἰινίιη.
1618 2017 1657 2021 -—-
1680 2002 1728 2038 57)
1753 2002 1844 2042 Syro-5
1868 2014 1926 2033 roc.
1948 2003 2004 2032 Gu-

56 2013 143 2050 pulsi
165 2015 245 2053 vulg.
279 2032 317 2037 —
354 2018 402 2056 38)
425 2019 619 2051 solitudinem
647 2025 685 2058 al,
710 2037 756 2065 pr.
784 2045 826 2051 —
855 2032 901 2067 39)
920 2032 1011 2067 licre-r
1052 2035 1082 2069 2.
1103 2050 1146 2057 —
1168 2038 1213 2069 58)
1228 2042 1300 2067 sunt
1318 2048 1374 2067 om.
1393 2040 1491 2071 Gu.2.
1514 2057 1556 2062 —
1578 2042 1626 2083 59)
1652 2041 1738 2084 vulg.
1763 2047 2003 2083 constatfuisse,

61 2055 162 2089 Gu.1.
188 2074 223 2079 -—
247 2057 295 2097 40)
317 2060 408 2088 etiam
431 2071 487 2092 om.
511 2064 566 2093 Gu.
587 2068 616 2096 2.
632 2084 666 2088 —-
692 2068 738 2108 41)
763 2076 805 2098 est
829 2082 888 2103 om.
913 2075 1007 2108 Gu,2.
1051 2076 1103 2104 sed
1131 2084 1250 2108 constat
1278 2090 1335 2108 orn.
1361 2081 1418 2113 Gu,
1443 2085 1471 2113 1.
1492 2085 1524 2118 2.
1551 2083 1588 2115 al,
1611 2101 1654 2108 —-
1680 2088 1725 2124 60)
1754 2087 1803 2115 Sic
1829 2088 1884 2117 Gu.
1910 2091 1936 2121 1.
1958 2099 2002 2127 pr.

59 2113 100 2119 —-
123 2096 170 2138 42)
194 2102 350 2130 orientalis
375 2102 432 2132 Gu.
446 2106 475 2134 2.
500 2121 535 2127 —
562 2106 609 2146 43)
633 2110 817 2142 inveniemus
841 2115 897 2145 Gu.
915 2119 944 2147 2.
966 2134 1008 2138 «-
1050 2119 1150 2148 tribus
1172 2121 1238 2150 lud.
1261 2139 1299 2146 —-
1322 2121 1510 2155 Iudaeorum
1534 2137 1592 2155 om.
1614 2137 1660 2158 va.
1687 2145 1721 2149 ——
1754 2129 1799 2171 61)
1824 2131 1923 2159 tribus
1945 2132 1999 2159 Gu.

59 2138 104 2178 44)
128 2140 158 2168 5¹1
185 2143 290 2174 Genesi
314 2144 465 2174 indicatur
488 2146 560 2178 haec
583 2160 646 2188 res,
670 2163 730 2184 non
755 2156 834 2187 clere
857 2159 1007 2197 exprimi-
1049 2162 1076 2192 2..
1100 2178 1141 2183 —-
1163 2162 1209 2202 62)
1232 2164 1280 2193 Sic
1299 2164 1354 2193 Gu.
1373 2169 1400 2199 1.
1417 2167 1467 2197 Ar.
1490 2185 1530 2190 —
1556 2172 1684 2200 nomina
1704 2171 1786 2211 vulg.
1812 2190 1847 2195 —
1883 2172 1928 2251 63)
1951 2172 1998 2200 Sic

59 2186 118 2213 tur.
140 2199 181 2204 --
209 2185 256 2223 45)
279 2187 369 2215 Perse
394 2188 445 2218 Ar.
468 2206 509 2211 —
541 2190 589 2230 46)
613 2204 632 2220 a
653 2205 709 2233 pro
732 2208 745 2229 e
769 2199 823 2227 Gu.
841 2203 866 2230 1.
892 2218 927 2222 —-
960 2201 1006 2241 47)
1052 2202 1108 2233 Gu.
1128 2207 1154 2238 1.
1174 2216 1220 2245 pr.
1246 2217 1293 2236 va.
1317 2209 1367 2238 Ar.
1389 2226 1423 2230 -—
1447 2209 1534 2250 Vulg.
1551 2213 1690 2252 populas
1712 2215 1782 2245 Dei.
1812 2232 1853 2240 —-
1881 2216 1913 2243 64
1949 2215 1995 2242 Sic

58 2225 89 2253 in
114 2236 170 2255 om.
196 2227 251 2259 Gu.
273 2231 300 2260 1.
315 2231 342 2260 2.
366 2230 403 2259 al.
427 2242 473 2270 pr.
496 2249 531 2254 —
556 2233 603 2274 43)
626 2237 775 2270 subiectae
794 2245 882 2280 genti
901 2254 1007 2272 nomen
1051 2244 1107 2275 Gu.
1129 2250 1154 2277 1.
1178 2248 1300 2277 diuisus
1322 2257 1365 2278 est
1387 2252 1468 2290 vulg.
1483 2271 1525 2275 —
1547 2254 1595 2297 65)
1619 2256 1667 2287 Sic
1691 2256 1747 2287 Gu.
1770 2260 1796 2288 1.
1814 2260 1842 2289 2.
1867 2257 1925 2284 sibi
1946 2266 1991 2282 ''f-

59 2266 141 2297 dedit
169 2279 216 2298 va.
242 2288 279 2292 —
305 2269 354 2312 49)
377 2275 496 2304 nullius
518 2276 579 2304 loci
601 2278 678 2306 inter
702 2289 804 2318 gentes
827 2285 885 2315 Gu,
908 2289 938 2319 2,
966 2304 1004 2309 —ffl
1045 2298 1113 2325 gem
1135 2290 1216 2330 vulg.
1238 2309 1281 2313 —
1303 2293 1347 2332 66)
1365 2294 1413 2323 Sic
1432 2296 1487 2327 Gu.
1503 2299 1531 2330 1,
1555 2299 1656 2329 lsrael
1672 2299 1750 2338 vulg.
1776 2317 1813 2321 —
1836 2302 1878 2331 67)
1898 2307 1992 2335 gen-²⁴⁸

58 2313 101 2344 50)
126 2309 269 2342 chasdim
294 2314 382 2345 Arev.
404 2333 446 2338 —
467 2315 515 2356 51)
529 2320 648 2355 fratris
669 2323 812 2354 Abrahae
835 2328 871 2356 al.
896 2339 1005 2358 om.-
1047 2340 1094 2360 va.
1117 2347 1159 2356 ν-
1181 2332 1230 2374 68)
1252 2336 1283 2365 in
1307 2341 1419 2369 terram
1444 2339 1540 2375 Gu.2.
1564 2351 1610 2379 pr.
1633 2358 1674 2363 —
1698 2343 1744 2378 69)
1767 2351 1814 2369 605
1837 2339 1890 2368 GU·
1907 2342 1935 2372 2·

58 2352 103 2389 52)
126 2356 293 2392 supplicari
312 2367 357 2395 pr.
378 2374 413 2380 —
436 2362 484 2394 53)
505 2361 605 2390 Arabi
628 2363 685 2395 Gu.
706 2368 731 2397 1,
748 2369 779 2397 2.
794 2385 835 2390 —
858 2370 908 2409 54)
932 2374 1004 2410 quia
