2264 2830
768 98 1014 134 ORIGlNUM
1058 100 1202 134 LIBER
1229 100 1254 134 Ι.
1943 107 1991 139 3Ἱ

41 194 210 238 riodos⁴²,
237 199 463 241 punctumque
490 191 532 224 ad
561 197 663 236 caput
689 193 804 226 literae
831 195 1004 239 ponimus,
1032 199 1065 227 et
1092 200 1228 229 vocatur
1256 194 1438 236 distinctio,
1468 195 1502 228 id
1531 202 1578 229 est
1606 197 1798 239 disiunctio,
1831 201 1908 242 quia
1936 201 1986 232 in-

42 255 175 296 tegram
203 247 366 292 separavit
376 242 401 261 ⁴³
427 244 628 278 sententiam,

207 298 243 332 6,
295 298 373 331 Hoc
400 295 534 339 quidem
562 295 653 339 apud
690 301 846 329 oratores.
900 296 1076 330 Caeterum
1114 297 1205 342 apud
1233 302 1368 341 poetas,
1404 299 1458 330 ubi
1487 299 1519 331 in
1547 311 1639 332 versu
1668 305 1745 345 post
1773 301 1857 333 duos
1884 301 1988 344 pedes

43 352 171 396 syllaba
198 355 362 388 remanet,
391 359 523 381 comma
551 354 617 387 est,
649 348 724 390 quia
748 348 792 380 ibi
820 353 895 393 post
922 349 1127 382 scansionem
1155 350 1320 394 praecisio
1348 350 1438 381 verbi
1466 351 1553 383 facta
1582 357 1630 384 est
1641 348 1673 384 ⁴⁴.

1729 353 1799 385 Ubi
1819 364 1898 385 vero
1914 358 1990 397 post

43 404 128 437 duos
154 401 260 446 pedes
288 401 331 433 de
357 404 454 444 parte
480 399 635 432 orationis
662 399 743 432 nibil
771 404 936 444 superest,
963 401 1062 434 colon
1091 406 1146 434 est.

1198 401 1306 434 Totus
1330 412 1409 433 vero
1424 397 1444 417 ¹⁶
1472 414 1582 435 versus
1593 400 1616 419 ‘¹⁶
1640 404 1798 447 periodos
1809 401 1833 421 ⁴⁷
1861 410 1919 438 est.

511 516 540 551 C
566 518 597 550 A
625 518 662 550 P.
717 515 824 552 XX⁴⁸.
903 519 968 552 De
1011 520 1130 553 notis
1171 520 1516 565 seripturarum.

210 603 242 636 1.
295 604 472 637 Praeterea
499 603 664 647 quaedam
692 602 961 648 scripturarum⁴⁰
995 610 1094 638 notae
1121 605 1212 651 apud
1248 606 1485 639 celeberrimos
1519 611 1670 640 auctores
1697 607 1847 650 suerunt,
1889 619 1989 650 quas—

45 667 112 700 que
139 655 262 698 antiqui
297 656 340 687 ad
368 656 611 689 distinctionem
647 655 882 699 scripturarum
916 657 1116 690 carminibus
1153 662 1185 690 et
1220 656 1363 690 historiis
1398 664 1635 702 apposuerunt.
1688 660 1778 692 Nota
1807 664 1855 691 est
1881 659 1990 703 ligura

44 703 219 753 propria⁵⁰
251 707 282 738 in
310 707 437 740 litterae
464 707 603 740 modum
634 708 763 751 posita,
794 708 836 740 ad
865 708 1155 742 demonstrandam
1170 706 1192 725 ⁵¹
1229 721 1497 753 unamquamque
1530 711 1623 743 verbi
1655 706 1989 753 sententiarumque⁵²

45 770 85 793 ac
111 769 262 791 versuum
290 759 462 791 rationem.
515 760 623 792 Notae
650 764 760 792 autem
788 761 934 793 versibus
978 766 1192 806 apponuntur
1227 772 1366 794 numero
1405 762 1547 803 XXVI„
1584 774 1670 805 quae
1706 767 1778 795 sunt
1804 762 1990 795 nominibus

45 811 129 843 infra
156 810 292 854 scriptis.

151 858 216 907 -Χ-
273 861 307 895 2.
344 860 544 894 Asteriscus
569 862 750 906 apponitur
774 863 807 895 in
834 862 884 895 his
894 858 928 903 ⁵³,
957 875 1042 906 quae
1070 860 1222 896 omissa5⁴
1249 868 1339 904 sunt3
1365 864 1401 898 ut
1427 861 1654 899 illucescant⁵⁵
1682 876 1745 909 per
1768 876 1841 897 eam
1868 868 1991 903 notam,

45 925 131 956 quae
158 911 277 946 deesse
303 913 465 945 videntur.
516 913 622 946 Stella
645 914 731 947 enim
759 911 873 962 ἀστήρ
901 915 1019 949 (licitur
1047 915 1180 948 Graeco
1208 927 1360 949 sermone
1372 913 1414 958 ⁵5,
1450 929 1470 950 a
1502 928 1570 961 quo
1603 912 1826 950 asteriscus&
1860 915 1992 948 deriva—

45 970 96 998 tus
121 966 169 997 est
182 959 215 997 ⁵⁸.

164 1025 237 1054 —>
296 1016 329 1049 3.
385 1015 533 1057 Obelns,
561 1015 594 1047 id
621 1023 686 1057 est,
719 1017 849 1061 virgula
877 1018 1002 1059 iacens,
1038 1019 1218 1062 apponitur
1245 1019 1276 1051 in
1309 1019 1417 1052 verbis
1445 1020 1497 1053 vel
1528 1021 1560 1052 in
1573 1016 1597 1036 ⁷⁹
1627 1019 1791 1052 sententiis
1826 1018 1991 1062 superflue

45 1068 184 1107 iteratis,
205 1069 275 1100 sive
301 1068 333 1099 in
360 1067 396 1099 iis
424 1068 524 1108 locis,
553 1068 609 1100 ubi
637 1068 737 1101 lectio
765 1069 875 1111 aliqua
902 1069 1045 1102 salsitate
1071 1075 1184 1102 notata
1212 1075 1278 1111 est,
1306 1076 1342 1104 ut
1367 1073 1460 1114 quasi
1487 1072 1605 1116 sagitta
1633 1071 1761 1115 iugulet
1787 1081 1991 1114 supervacua

47 1124 146 1162 atque
176 1119 259 1152 salsa
286 1119 468 1153 confodiat.

521 1119 650 1163 Sagitta
678 1121 764 1152 enim
792 1120 924 1153 Graece
952 1121 1074 1166 ὅβελος
1098 1118 1264 1155 dicim-⁰⁰.

155 1179 221 1206 -·->
273 1170 307 1202 4.
366 1170 496 1203 Obelus
507 1167 530 1186 ⁸¹
563 1182 711 1216 superne
739 1176 937 1217 oppane-tus
949 1170 974 1189 ²⁵²
997 1169 1212 1217 app011itur⁶³
1243 1173 1274 1205 in
1302 1168 1406 1213 hism,
1442 1172 1487 1205 de
1513 1173 1633 1216 quibus
1661 1172 1847 1212 dubitatur,
1882 1176 1990 1203 utrum

47 1220 191 1254 debeant
223 1222 296 1254 tolli
309 1218 333 1238 ⁰⁵
360 1233 422 1255 nec
449 1233 490 1254 ne
502 1219 537 1253 Μ’.

250 1273 284 1306 5.
338 1273 555 1311 Lemnis-cus,
588 1273 621 1304 id
657 1279 720 1313 est,
763 1273 892 1316 virgula
919 1273 1002 1304 inter
1031 1274 1182 1316 geminos
1209 1278 1351 1316 punctos
1381 1273 1510 1315 iacens,
1558 1273 1737 1317 apponitur
1759 1273 1790 1305 in
1820 1272 1871 1304 his
1898 1272 1989 1309 locis,

47 1335 132 1366 quae
159 1325 282 1357 Sacrae
309 1324 501 1367 Scripturae
528 1324 725 1366 interpretes
754 1323 873 1354 eodem
901 1334 1012 1361 sensu,
1051 1323 1110 1355 sed
1122 1320 1147 1339 ¹⁵⁷
1174 1324 1310 1356 diversis
1334 1324 1538 1357 sermonibus
1566 1325 1807 1356 transtulerunt.

169 1371 174 1376 ⁸
224 1374 257 1407 6.

148 1372 221 1469 X*
260 1421 364 1470 *2⁷4²*
420 1424 453 1457 7.
505 1424 702 1457 Asteris-cus
728 1436 807 1458 cum
834 1424 940 1457 obelo.

48 1476 106 1520 qui
130 1487 196 1508 non
226 1487 285 1509 suo
313 1476 390 1509 loco
418 1475 515 1519 positi
542 1480 641 1509 erant.

156 1528 230 1573 J
292 1526 326 1561 S.
379 1526 647 1571 Paragraphus
673 1525 806 1570 ponitur
833 1525 876 1557 ad
904 1526 1106 1569 separandas
1131 1537 1182 1559 res
1210 1538 1228 1558 a
1255 1527 1372 1567 rebus,
1400 1523 1520 1571 quae⁶⁹

48 1577 332 1622 quemadmodum
368 1579 399 1610 in
433 1579 590 1622 catalogo
618 1578 694 1610 loca
727 1589 745 1609 a
773 1577 855 1610 locis
882 1582 914 1609 et
941 1578 1093 1622 regiones
1124 1574 1180 1610 a⁷⁰

311 1373 562 1418 Antigrupltus
595 1385 669 1406 cum
696 1379 822 1418 puncto
850 1375 1046 1417 apponitur,
1084 1374 1139 1407 ubi
1168 1375 1200 1406 in
1221 1375 1485 1407 translationibus
1520 1374 1665 1407 diversus
1693 1387 1805 1407 sensus
1832 1373 1985 1406 habetur.

994 1422 1103 1458 Hac⁰³
1129 1426 1266 1469 proprie
1292 1425 1503 1458 Aristarchus
1532 1426 1686 1458 utebatur
1712 1426 1744 1457 in
1771 1426 1807 1457 iis
1834 1424 1990 1463 versibus,

1547 1528 1580 1561 in
1602 1538 1752 1562 connexu
1781 1532 1989 1564 concurrunt,

1213 1578 1422 1623 regionibus,
1464 1579 1497 1612 in
1525 1591 1634 1625 agone
1668 1579 1818 1624 praemia
1846 1591 1863 1611 a
1891 1590 1989 1622 prae—

48 1630 135 1672 miis,
162 1629 340 1663 certamina
367 1641 386 1662 a
413 1626 579 1663 ‹liversis›⁷¹
607 1629 838 1662 certaminibus
865 1634 1067 1673 separantur.

51 1731 116 1758 cola
133 1731 155 1758 Z
189 1730 245 1758 Gu.
275 1733 300 1760 l.
323 1731 385 1769 (qui
409 1731 505 1760 addit:
529 1730 564 1759 id
585 1737 627 1759 est
650 1729 749 1758 media
773 1728 940 1768 distinctio)
965 1734 993 1762 2.

49 1783 97 1803 va.
117 1773 154 1801 al.
180 1789 222 1794 —
243 1772 288 1811 41)
300 1774 408 1811 plenae
424 1785 468 1802 va.
494 1790 536 1795 -—-
557 1773 602 1812 42)
631 1774 679 1801 Sic
705 1774 735 1802 Z.
761 1773 816 1800 Gu.
840 1775 865 1803 1.
882 1789 925 1794 ——
943 1784 995 1811 pe-

53 1815 158 1842 riodus
174 1815 256 1851 vulg.
280 1832 318 1837 —-
342 1816 388 1856 4³)
407 1817 455 1845 Sic
479 1817 535 1844 Gu.
556 1820 582 1848 1.
600 1820 627 1847 2.
648 1832 690 1838 —-
710 1821 831 1853 separat
855 1816 936 1852 vulg.
954 1833 995 1838 -

51 1857 99 1894 44)
118 1858 192 1894 quia
214 1867 306 1895 usque
322 1859 460 1896 adsueta
481 1865 522 1887 est
546 1859 580 1887 al.
597 1870 653 1887 om.
678 1875 721 1880 --
745 1862 789 1891 45)
811 1859 858 1885 Sic
888 1860 944 1885 Gu.
965 1862 993 1890 1.

52 1905 155 1927 autem
177 1901 257 1936 vulg.
280 1917 321 1922 —
349 1905 393 1932 46)
418 1913 521 1930 versus
544 1912 601 1931 om.
619 1902 649 1929 Z.
673 1917 715 1922 -—
749 1903 796 1936 47)
815 1900 863 1928 Sic
890 1901 945 1928 Gu.
967 1903 994 1932 1.

51 1957 94 1963 -.
110 1940 256 1980 periodus
282 1943 360 1980 vulg.
384 1963 421 1967 -—
449 1946 493 1976 48)
511 1945 629 1972 Omittit
651 1943 717 1971 cod.
740 1943 807 1970 Ziu.
829 1943 924 1981 capita
945 1946 994 1974 20.

53 1987 102 2015 21.
117 1987 167 2015 22·
185 1987 232 2016 23*
249 1985 298 2015 24·
315 1987 363 2017 25.
399 1988 430 2015 ln
448 1988 514 2017 eod.
534 1988 629 2015 Guels.
646 1989 673 2016 2.
698 1985 755 2013 hoc
769 1991 857 2023 caput
881 1985 926 2013 bis
949 1986 994 2013 le-

53 2027 148 2064 gitur,
175 2027 303 2065 primnm
333 2038 384 2056 suo
407 2031 473 2058 loco
497 2030 597 2058 munis
626 2029 755 2061 omissis,
795 2028 901 2055 deinde
926 2032 995 2066 post

53 2079 117 2107 cap
134 2070 185 2100 32.
209 2069 342 2107 plenius,
367 2081 455 2108 quare
479 2073 501 2100 si
525 2072 597 2111 quid
620 2072 706 2099 aliter
728 2071 821 2098 altero
846 2071 912 2098 loco
928 2072 992 2106 erit,

53 2115 121 2139 utar
145 2111 235 2146 signis
259 2122 273 2139 a
298 2117 326 2140 et
350 2113 378 2142 b.
428 2115 527 2143 Scriba
553 2115 667 2142 codicis
697 2113 768 2141 haec
785 2113 915 2141 notavit:
945 2114 994 2141 De

55 2155 135 2181 notis
149 2156 372 2183 Sententiarum.
401 2158 469 2184 Hoc
484 2159 657 2195 capitulum
672 2158 704 2183 in
720 2156 911 2194 sequestribus
930 2156 992 2193 ple-

55 2197 125 2223 nius
141 2197 278 2224 invenie&
319 2198 349 2225 ln
366 2198 432 2227 edit.
451 2210 496 2227 va.
514 2200 569 2228 boc
586 2204 675 2238 caput
693 2204 758 2236 post
778 2204 867 2237 eaput
883 2198 918 2225 tle
936 2209 993 2236 pe-

56 2238 146 2266 dibus
167 2240 322 2276 reperitur.
368 2242 510 2269 Arevalus
538 2243 667 2270 tabulam
697 2241 849 2279 apposuit,
882 2242 911 2268 in
937 2251 993 2278 qua

56 2281 135 2318 signa
166 2287 307 2310 noiunlur
340 2301 378 2305 —-
409 2283 456 2322 49)
475 2285 523 2312 Sic
548 2286 603 2313 Gn.
632 2289 658 2315 1.
683 2287 711 2314 2-
739 2287 786 2311 ΑΓ.
815 2294 858 2322 pr.
888 2294 937 2312 va·
955 2299 993 2304 —·

57 2325 271 2351 sententiarum
296 2326 375 2363 vulg.
404 2343 441 2347 -—-
478 2330 521 2363 50)
537 2328 668 2365 Propria
692 2328 722 2353 in
745 2326 851 2353 lt'terae
873 2325 995 2353 modum

54 2367 157 2403 posita
180 2372 220 2393 est
234 2368 345 2405 figura
369 2369 423 2396 Gu.
450 2372 474 2400 1.
512 2385 551 2390 —
583 2374 630 2404 51)
653 2368 922 2396 demonstrandum
946 2369 994 2396 Ar.

1037 1747 1078 1752 —
1101 1728 1148 1769 52)
1169 1741 1223 1768 que
1246 1741 1305 1762 om.
1328 1741 1374 1759 va.
1404 1747 1444 1753 —
1473 1735 1520 1768 53)
1536 1732 1584 1760 Sic
1603 1743 1648 1771 pr.
1672 1742 1716 1760 va.
1743 1751 1778 1755 —
1805 1732 1855 1759 llis
1880 1731 1987 1759 omisso

1038 1775 1070 1801 in
1094 1774 1149 1800 Gu.
1170 1776 1198 1804 2.
1221 1790 1256 1794 -
1287 1772 1333 1810 54)
1359 1775 1474 1802 amissa
1497 1775 1533 1804 al.
1563 1791 1605 1796 —
1634 1779 1679 1809 55)
1702 1775 1859 1802 illucescat
1881 1784 1926 1801 va.
1949 1788 1990 1793 -

1038 1819 1082 1847 56)
1106 1816 1155 1843 Sic
1180 1817 1235 1844 Gu.
1258 1819 1285 1846 1.
1312 1818 1341 1847 2.
1371 1827 1395 1844 a.
1411 1816 1437 1844 b.
1462 1834 1502 1839 —
1529 1818 1634 1846 Graec.
1658 1828 1734 1844 serm
1763 1817 1822 1845 dic.
1845 1816 1925 1853 vulg.
1952 1831 1986 1836 -

1037 1858 1084 1897 57)
1106 1858 1190 1895 Vulg.
1221 1860 1387 1886 asteriscus
1409 1860 1548 1896 stellula,
1580 1860 1631 1888 sed
1654 1860 1778 1888 stellula
1802 1870 1858 1888 om.
1882 1859 1938 1886 Gu.
1964 1862 1988 1888 1.

1038 1903 1065 1931 2.
1083 1901 1110 1928 b.
1138 1901 1185 1928 Ar.
1206 1911 1249 1939 pr.
1265 1911 1311 1928 va.
1335 1917 1377 1922 —
1403 1905 1448 1936 58)
1468 1903 1517 1931 Sic
1539 1904 1594 1932 Gu.
1618 1905 1645 1934 1.
1666 1919 1707 1924 —
1729 1908 1772 1930 esc
1795 1902 1888 1930 deria.
1907 1900 1987 1936 vulg.

1035 1958 1078 1964 —
1100 1943 1148 1980 553)
1166 1944 1214 1971 Sic
1237 1944 1293 1972 Gn.
1313 1946 1339 1973 1.
1360 1960 1399 1964 —
1423 1946 1453 1972 ιή
1477 1956 1534 1974 om.
1557 1945 1638 1983 vulg.
1662 1962 1695 1966 --
1724 1944 1769 1983 60)
1787 1946 1910 1983 Sagitta
1936 1953 1987 1970 us-

1037 1995 1095 2023 que
1117 1986 1152 2013 ad
1182 1985 1298 2013 dicitur
1315 1996 1372 2014 om.
1400 1987 1454 2015 Gu.
1472 1991 1499 2018 2.
1517 1998 1541 2015 a.
1571 2004 1611 2009 -—
1648 1987 1694 2026 61)
1724 1988 1836 2016 Obelzts
1863 1996 1984 2024 superne

1037 2038 1131 2066 usque
1155 2028 1191 2056 ad
1215 2034 1297 2056 recta
1319 2039 1375 2056 om.
1392 2031 1448 2057 Gu.
1464 2033 1516 2061 2³.
1541 2046 1581 2051 —
1602 2029 1649 2070 62)
1666 2030 1714 2058 Sic
1734 2031 1780 2058 Ar.
1799 2029 1987 2067 adplene-tum

1038 2071 1095 2099 Gu.
1117 2073 1146 2101 2.
1162 2070 1190 2098 b.
1219 2088 1253 2092 —-
1285 2077 1421 2109 punctu-3
1447 2073 1504 2101 Gu.
1529 2076 1556 2103 1.
1573 2072 1601 2101 d.
1626 2088 1666 2094 —
1691 2078 1861 2110 punctulus
1885 2071 1920 2099 al.
1946 2086 1985 2090 —

1035 2119 1243 2151 appzmctalzcvs·
1262 2114 1341 2151 vulg.
1368 2130 1405 2135 —
1438 2117 1482 2149 63)
1502 2117 1668 2153 apponitur
1690 2116 1746 2143 Gu.
1767 2119 1793 2146 1.
1814 2130 1856 2136 —-
1884 2114 1929 2147 64)
1946 2114 1977 2138 in

1033 2155 1149 2183 hisdem
1174 2157 1229 2183 Gu.
1248 2159 1276 2186 2.
1296 2156 1321 2183 Ι).
1345 2172 1386 2178 —
1410 2157 1455 2195 65)
1477 2158 1525 2185 Sic
1539 2160 1594 2185 Gu.
1614 2161 1639 2188 1.
1662 2173 1704 2179 —
1726 2158 1795 2185 tolla·
1819 2157 1882 2184 deb.
1902 2155 1981 2187 vult}-

1035 2215 1076 2219 —
1099 2201 1142 2231 66)
1161 2200 1275 2236 apponi
1297 2198 1365 2226 add.
1393 2200 1448 2228 Gu.
1476 2203 1500 2230 1.
1523 2202 1550 2230 2.
1567 2200 1595 2228 b.
1614 2200 1650 2227 al.
1669 2210 1714 2228 va.
1745 2216 1786 2221 —-
1824 2199 1982 2227 Toletanus

1036 2241 1270 2278 antiquissimus:
1300 2251 1389 2268 necne
1411 2245 1523 2280 apponi
1538 2243 1687 2279 falsitate
1709 2248 1848 2270 notatum
1869 2245 1918 2267 est.
1941 2252 1981 2258 —-

1036 2282 1082 2321 67)
1099 2294 1205 2318 sensu,
1230 2289 1255 2310 fb
1279 2282 1340 2312 div.
1367 2284 1403 2313 al.
1427 2301 1469 2306 -
1495 2285 1541 2321 63)
1560 2284 1653 2313 Hanc
1668 2285 1723 2312 Gu.
1740 2287 1766 2315 2.
1780 2284 1807 2312 b.
1832 2301 1869 2306 —-
1903 2280 1981 2307 hunc

1036 2326 1082 2353 vel
1099 2327 1181 2353 smne
1197 2325 1318 2363 gothici.
1340 2342 1383 2347 —
1406 2326 1451 2366 69)
1470 2338 1605 2365 quaeque
1633 2328 1688 2355 Gu.
1714 2330 1739 2356 1.
1756 2343 1796 2347 —
1819 2328 1863 2356 70)
1885 2323 1978 2357 ''ffifl'fl-

1037 2378 1086 2395 nes
1107 2379 1126 2395 α
1149 2379 1204 2397 om.
1231 2369 1286 2398 Gu.
1305 2371 1331 2399 1.
1348 2370 1376 2399 2.
1396 2369 1422 2396 b.
1446 2385 1488 2391 —
1514 2373 1560 2405 71)
1576 2369 1703 2397 diversis
1719 2378 1776 2396 om.
1792 2377 1837 2393 va.
