<?xml version="1.0" encoding="UTF-8"?>
<!DOCTYPE html PUBLIC "-//W3C//DTD XHTML 1.0 Transitional//EN"
    "http://www.w3.org/TR/xhtml1/DTD/xhtml1-transitional.dtd">
<html xmlns="http://www.w3.org/1999/xhtml" xml:lang="en" lang="en">
 <head>
  <title>
</title>
<meta http-equiv="Content-Type" content="text/html;charset=utf-8" />
  <meta name='ocr-system' content='tesseract 3.04.00' />
  <meta name='ocr-capabilities' content='ocr_page ocr_carea ocr_par ocr_line ocrx_word'/>
</head>
<body>
  <div class='ocr_page' id='page_1' title='image "./corpusgrammatico03linduoft_0209.png"; bbox 0 0 2264 2830; ppageno 0'>
   <div class='ocr_carea' id='block_1_1' title="bbox 792 68 1307 104">
    <p class='ocr_par' dir='ltr' id='par_1_1' title="bbox 792 68 1307 104">
     <span class='ocr_line' id='line_1_1' title="bbox 792 68 1307 104; baseline -0.006 0"><span class='ocrx_word' id='word_1_1' title='bbox 792 68 1040 104; x_wconf 85' lang='lat' dir='ltr'><strong>ORIGINUM</strong></span> <span class='ocrx_word' id='word_1_2' title='bbox 1075 68 1222 102; x_wconf 83' lang='lat' dir='ltr'><strong>LIBER</strong></span> <span class='ocrx_word' id='word_1_3' title='bbox 1250 69 1307 102; x_wconf 72' lang='lat' dir='ltr'><strong>vl.</strong></span> 
     </span>
    </p>
   </div>
   <div class='ocr_carea' id='block_1_2' title="bbox 65 165 471 310">
    <p class='ocr_par' dir='ltr' id='par_1_2' title="bbox 65 165 471 310">
     <span class='ocr_line' id='line_1_2' title="bbox 231 165 291 198; baseline 0.017 -1"><span class='ocrx_word' id='word_1_4' title='bbox 231 165 291 198; x_wconf 69' lang='lat'><strong>⁴3.</strong></span> 
     </span>
     <span class='ocr_line' id='line_1_3' title="bbox 65 213 471 252; baseline -0.007 0"><span class='ocrx_word' id='word_1_5' title='bbox 65 218 278 252; x_wconf 73' lang='lat' dir='ltr'>annunciatio</span> <span class='ocrx_word' id='word_1_6' title='bbox 307 213 471 251; x_wconf 76' lang='lat' dir='ltr'><strong>dicitur³².</strong></span> 
     </span>
     <span class='ocr_line' id='line_1_4' title="bbox 230 277 290 310; baseline -0.017 0"><span class='ocrx_word' id='word_1_7' title='bbox 230 277 290 310; x_wconf 61' lang='lat'><strong>44.</strong></span> 
     </span>
    </p>
   </div>
   <div class='ocr_carea' id='block_1_3' title="bbox 347 164 703 208">
    <p class='ocr_par' dir='ltr' id='par_1_3' title="bbox 347 164 703 208">
     <span class='ocr_line' id='line_1_5' title="bbox 347 164 703 208; baseline -0.003 -11"><span class='ocrx_word' id='word_1_8' title='bbox 347 164 569 208; x_wconf 73' lang='lat' dir='ltr'><strong>Evangelium</strong></span> <span class='ocrx_word' id='word_1_9' title='bbox 593 168 703 196; x_wconf 86' lang='lat' dir='ltr'><strong>autem</strong></span> 
     </span>
    </p>
   </div>
   <div class='ocr_carea' id='block_1_4' title="bbox 1951 72 2020 106">
    <p class='ocr_par' dir='ltr' id='par_1_4' title="bbox 1951 72 2020 106">
     <span class='ocr_line' id='line_1_6' title="bbox 1951 72 2020 106; baseline 0 -1"><span class='ocrx_word' id='word_1_10' title='bbox 1951 72 2020 106; x_wconf 77' lang='lat'><strong>191</strong></span> 
     </span>
    </p>
   </div>
   <div class='ocr_carea' id='block_1_5' title="bbox 345 161 2017 319">
    <p class='ocr_par' dir='ltr' id='par_1_5' title="bbox 345 161 2017 319">
     <span class='ocr_line' id='line_1_7' title="bbox 716 161 2017 210; baseline 0.001 -13"><span class='ocrx_word' id='word_1_11' title='bbox 716 161 739 181; x_wconf 89' lang='lat'><strong>³¹</strong></span> <span class='ocrx_word' id='word_1_12' title='bbox 767 166 1001 209; x_wconf 82' lang='lat' dir='ltr'><strong>interpretatur</strong></span> <span class='ocrx_word' id='word_1_13' title='bbox 1027 163 1117 195; x_wconf 90' lang='lat' dir='ltr'><strong>bona</strong></span> <span class='ocrx_word' id='word_1_14' title='bbox 1143 163 1364 197; x_wconf 90' lang='lat' dir='ltr'><strong>annunciatio.</strong></span> <span class='ocrx_word' id='word_1_15' title='bbox 1405 163 1537 198; x_wconf 80' lang='lat' dir='ltr'>Graece</span> <span class='ocrx_word' id='word_1_16' title='bbox 1566 164 1652 196; x_wconf 87' lang='lat' dir='ltr'><strong>enim</strong></span> <span class='ocrx_word' id='word_1_17' title='bbox 1681 161 1719 198; x_wconf 70' lang='lat' dir='ltr'><strong>ez]</strong></span> <span class='ocrx_word' id='word_1_18' title='bbox 1748 163 1843 205; x_wconf 77' lang='lat' dir='ltr'><strong>benc,</strong></span> <span class='ocrx_word' id='word_1_19' title='bbox 1872 163 2017 210; x_wconf 70' lang='grc' dir='ltr'><strong>ἀγγελία</strong></span> 
     </span>
     <span class='ocr_line' id='line_1_8' title="bbox 528 211 1324 262; baseline 0 -13"><span class='ocrx_word' id='word_1_20' title='bbox 528 215 626 249; x_wconf 85' lang='lat' dir='ltr'><strong>Unde</strong></span> <span class='ocrx_word' id='word_1_21' title='bbox 654 222 687 248; x_wconf 90' lang='lat' dir='ltr'><strong>et</strong></span> <span class='ocrx_word' id='word_1_22' title='bbox 714 217 853 262; x_wconf 68' lang='lat' dir='ltr'><strong>angelus</strong></span> <span class='ocrx_word' id='word_1_23' title='bbox 880 216 1017 248; x_wconf 75' lang='lat' dir='ltr'><strong>nuncius</strong></span> <span class='ocrx_word' id='word_1_24' title='bbox 1044 211 1324 258; x_wconf 75' lang='lat' dir='ltr'><strong>interpretatur³³.</strong></span> 
     </span>
     <span class='ocr_line' id='line_1_9' title="bbox 345 272 2015 319; baseline -0.002 -9"><span class='ocrx_word' id='word_1_25' title='bbox 345 277 468 310; x_wconf 82' lang='lat' dir='ltr'><strong>Paulus</strong></span> <span class='ocrx_word' id='word_1_26' title='bbox 496 276 676 319; x_wconf 72' lang='lat' dir='ltr'><strong>Apostolus</strong></span> <span class='ocrx_word' id='word_1_27' title='bbox 704 288 775 309; x_wconf 71' lang='lat' dir='ltr'><strong>suas</strong></span> <span class='ocrx_word' id='word_1_28' title='bbox 789 274 813 293; x_wconf 75' lang='lat'><strong>³¹</strong></span> <span class='ocrx_word' id='word_1_29' title='bbox 841 276 970 319; x_wconf 74' lang='lat' dir='ltr'><strong>scripsit</strong></span> <span class='ocrx_word' id='word_1_30' title='bbox 997 275 1154 318; x_wconf 81' lang='lat' dir='ltr'><strong>epistolas</strong></span> <span class='ocrx_word' id='word_1_31' title='bbox 1182 275 1451 318; x_wconf 80' lang='lat' dir='ltr'><strong>quatuordecim,</strong></span> <span class='ocrx_word' id='word_1_32' title='bbox 1479 287 1497 308; x_wconf 88' lang='lat' dir='ltr'><strong>e</strong></span> <span class='ocrx_word' id='word_1_33' title='bbox 1524 274 1644 318; x_wconf 81' lang='lat' dir='ltr'><strong>quibus</strong></span> <span class='ocrx_word' id='word_1_34' title='bbox 1655 272 1680 292; x_wconf 67' lang='lat'><strong>³³</strong></span> <span class='ocrx_word' id='word_1_35' title='bbox 1706 285 1827 308; x_wconf 87' lang='lat' dir='ltr'><strong>novem</strong></span> <span class='ocrx_word' id='word_1_36' title='bbox 1854 272 2015 319; x_wconf 44' lang='lat' dir='ltr'><strong>septem*</strong></span> 
     </span>
    </p>
   </div>
   <div class='ocr_carea' id='block_1_6' title="bbox 66 322 1551 373">
    <p class='ocr_par' dir='ltr' id='par_1_6' title="bbox 66 322 1551 373">
     <span class='ocr_line' id='line_1_10' title="bbox 66 322 1551 373; baseline -0.003 -9"><span class='ocrx_word' id='word_1_37' title='bbox 66 330 214 364; x_wconf 79' lang='lat' dir='ltr'><strong>ecclesiis</strong></span> <span class='ocrx_word' id='word_1_38' title='bbox 242 329 391 373; x_wconf 75' lang='lat' dir='ltr'><strong>scripsit,</strong></span> <span class='ocrx_word' id='word_1_39' title='bbox 415 328 557 370; x_wconf 85' lang='lat' dir='ltr'><strong>reliquas</strong></span> <span class='ocrx_word' id='word_1_40' title='bbox 584 327 754 371; x_wconf 75' lang='lat' dir='ltr'><strong>discipulis</strong></span> <span class='ocrx_word' id='word_1_41' title='bbox 781 329 845 362; x_wconf 82' lang='lat' dir='ltr'><strong>suis</strong></span> <span class='ocrx_word' id='word_1_42' title='bbox 873 326 1059 363; x_wconf 78' lang='lat' dir='ltr'><strong>Timotheo</strong></span> <span class='ocrx_word' id='word_1_43' title='bbox 1087 332 1119 359; x_wconf 89' lang='lat' dir='ltr'><strong>et</strong></span> <span class='ocrx_word' id='word_1_44' title='bbox 1131 322 1154 342; x_wconf 71' lang='lat'><strong>³³</strong></span> <span class='ocrx_word' id='word_1_45' title='bbox 1182 326 1214 360; x_wconf 84' lang='lat' dir='ltr'>T</span> <span class='ocrx_word' id='word_1_46' title='bbox 1217 328 1263 360; x_wconf 92' lang='lat' dir='ltr'><strong>ito</strong></span> <span class='ocrx_word' id='word_1_47' title='bbox 1291 332 1324 360; x_wconf 88' lang='lat' dir='ltr'><strong>et</strong></span> <span class='ocrx_word' id='word_1_48' title='bbox 1351 327 1551 360; x_wconf 79' lang='lat' dir='ltr'><strong>Philemoni.</strong></span> 
     </span>
    </p>
   </div>
   <div class='ocr_carea' id='block_1_7' title="bbox 229 387 289 421">
    <p class='ocr_par' dir='ltr' id='par_1_7' title="bbox 229 387 289 421">
     <span class='ocr_line' id='line_1_11' title="bbox 229 387 289 421; baseline 0 0"><span class='ocrx_word' id='word_1_49' title='bbox 229 387 289 421; x_wconf 73' lang='lat'><strong>45.</strong></span> 
     </span>
    </p>
   </div>
   <div class='ocr_carea' id='block_1_8' title="bbox 342 383 2017 432">
    <p class='ocr_par' dir='ltr' id='par_1_8' title="bbox 342 383 2017 432">
     <span class='ocr_line' id='line_1_12' title="bbox 342 383 2017 432; baseline -0.002 -11"><span class='ocrx_word' id='word_1_50' title='bbox 342 388 398 421; x_wconf 90' lang='lat' dir='ltr'><strong>Ad</strong></span> <span class='ocrx_word' id='word_1_51' title='bbox 425 388 601 420; x_wconf 77' lang='lat' dir='ltr'><strong>Hebraeos</strong></span> <span class='ocrx_word' id='word_1_52' title='bbox 627 393 738 421; x_wconf 90' lang='lat' dir='ltr'><strong>autem</strong></span> <span class='ocrx_word' id='word_1_53' title='bbox 775 387 918 432; x_wconf 79' lang='lat' dir='ltr'><strong>epistola</strong></span> <span class='ocrx_word' id='word_1_54' title='bbox 956 383 1160 431; x_wconf 44' lang='lat' dir='ltr'><strong>pteris-quem*</strong></span> <span class='ocrx_word' id='word_1_55' title='bbox 1195 387 1319 420; x_wconf 83' lang='lat' dir='ltr'><strong>Latinis</strong></span> <span class='ocrx_word' id='word_1_56' title='bbox 1347 387 1415 419; x_wconf 84' lang='lat' dir='ltr'><strong>eius</strong></span> <span class='ocrx_word' id='word_1_57' title='bbox 1442 398 1511 420; x_wconf 82' lang='lat' dir='ltr'><strong>esse</strong></span> <span class='ocrx_word' id='word_1_58' title='bbox 1544 388 1669 420; x_wconf 81' lang='lat' dir='ltr'><strong>incerta</strong></span> <span class='ocrx_word' id='word_1_59' title='bbox 1704 390 1751 420; x_wconf 76' lang='lat' dir='ltr'><strong>est</strong></span> <span class='ocrx_word' id='word_1_60' title='bbox 1784 390 1924 430; x_wconf 85' lang='lat' dir='ltr'><strong>propter</strong></span> <span class='ocrx_word' id='word_1_61' title='bbox 1947 385 2017 418; x_wconf 74' lang='lat' dir='ltr'><strong>dis—</strong></span> 
     </span>
    </p>
   </div>
   <div class='ocr_carea' id='block_1_9' title="bbox 64 434 2017 483">
    <p class='ocr_par' dir='ltr' id='par_1_9' title="bbox 64 434 2017 483">
     <span class='ocr_line' id='line_1_13' title="bbox 64 434 2017 483; baseline -0.002 -10"><span class='ocrx_word' id='word_1_62' title='bbox 64 440 247 473; x_wconf 80' lang='lat' dir='ltr'><strong>sonantiam</strong></span> <span class='ocrx_word' id='word_1_63' title='bbox 274 441 456 479; x_wconf 79' lang='lat' dir='ltr'><strong>sermonis,</strong></span> <span class='ocrx_word' id='word_1_64' title='bbox 498 439 710 483; x_wconf 75' lang='lat' dir='ltr'>eandemque</span> <span class='ocrx_word' id='word_1_65' title='bbox 743 440 800 472; x_wconf 89' lang='lat' dir='ltr'><strong>alii</strong></span> <span class='ocrx_word' id='word_1_66' title='bbox 836 439 1026 473; x_wconf 77' lang='lat' dir='ltr'><strong>Barnabam</strong></span> <span class='ocrx_word' id='word_1_67' title='bbox 1057 439 1305 483; x_wconf 72' lang='lat' dir='ltr'><strong>conscripsisse,</strong></span> <span class='ocrx_word' id='word_1_68' title='bbox 1346 439 1402 471; x_wconf 86' lang='lat' dir='ltr'><strong>alii</strong></span> <span class='ocrx_word' id='word_1_69' title='bbox 1434 450 1455 470; x_wconf 86' lang='lat' dir='ltr'><strong>a</strong></span> <span class='ocrx_word' id='word_1_70' title='bbox 1484 438 1660 472; x_wconf 76' lang='lat' dir='ltr'><strong>Clemente</strong></span> <span class='ocrx_word' id='word_1_71' title='bbox 1693 434 1885 483; x_wconf 62' lang='lat' dir='ltr'><strong>scriptam³³</strong></span> <span class='ocrx_word' id='word_1_72' title='bbox 1919 437 2017 471; x_wconf 76' lang='lat' dir='ltr'><strong>fuisse</strong></span> 
     </span>
    </p>
   </div>
   <div class='ocr_carea' id='block_1_10' title="bbox 65 488 314 537">
    <p class='ocr_par' dir='ltr' id='par_1_10' title="bbox 65 488 314 537">
     <span class='ocr_line' id='line_1_14' title="bbox 65 488 314 537; baseline -0.008 -12"><span class='ocrx_word' id='word_1_73' title='bbox 65 493 271 537; x_wconf 78' lang='lat' dir='ltr'><strong>suspicantur</strong></span> <span class='ocrx_word' id='word_1_74' title='bbox 280 488 314 524; x_wconf 72' lang='lat'><strong>⁴⁰.</strong></span> 
     </span>
    </p>
   </div>
   <div class='ocr_carea' id='block_1_11' title="bbox 69 546 2016 647">
    <p class='ocr_par' dir='ltr' id='par_1_11' title="bbox 69 546 2016 647">
     <span class='ocr_line' id='line_1_15' title="bbox 227 546 2016 596; baseline -0.002 -12"><span class='ocrx_word' id='word_1_75' title='bbox 227 551 287 584; x_wconf 75' lang='lat'><strong>46.</strong></span> <span class='ocrx_word' id='word_1_76' title='bbox 341 551 460 584; x_wconf 82' lang='lat' dir='ltr'><strong>Petrus</strong></span> <span class='ocrx_word' id='word_1_77' title='bbox 486 550 615 594; x_wconf 84' lang='lat' dir='ltr'><strong>scripsit</strong></span> <span class='ocrx_word' id='word_1_78' title='bbox 638 551 721 583; x_wconf 84' lang='lat' dir='ltr'><strong>duas</strong></span> <span class='ocrx_word' id='word_1_79' title='bbox 748 551 888 584; x_wconf 83' lang='lat' dir='ltr'><strong>nominis</strong></span> <span class='ocrx_word' id='word_1_80' title='bbox 916 550 964 583; x_wconf 78' lang='lat' dir='ltr'><strong>sui</strong></span> <span class='ocrx_word' id='word_1_81' title='bbox 996 550 1173 596; x_wconf 68' lang='lat' dir='ltr'><strong>epistolas,</strong></span> <span class='ocrx_word' id='word_1_82' title='bbox 1201 561 1289 594; x_wconf 88' lang='lat' dir='ltr'><strong>qnae</strong></span> <span class='ocrx_word' id='word_1_83' title='bbox 1323 546 1543 583; x_wconf 77' lang='lat' dir='ltr'><strong>catholicae⁴¹</strong></span> <span class='ocrx_word' id='word_1_84' title='bbox 1571 549 1649 582; x_wconf 88' lang='lat' dir='ltr'><strong>ideo</strong></span> <span class='ocrx_word' id='word_1_85' title='bbox 1677 550 1910 589; x_wconf 76' lang='lat' dir='ltr'><strong>nominantur,</strong></span> <span class='ocrx_word' id='word_1_86' title='bbox 1937 548 2016 591; x_wconf 84' lang='lat' dir='ltr'><strong>quia</strong></span> 
     </span>
     <span class='ocr_line' id='line_1_16' title="bbox 69 601 1769 647; baseline -0.002 -10"><span class='ocrx_word' id='word_1_87' title='bbox 69 615 136 637; x_wconf 90' lang='lat' dir='ltr'><strong>non</strong></span> <span class='ocrx_word' id='word_1_88' title='bbox 162 604 217 637; x_wconf 86' lang='lat' dir='ltr'><strong>uni</strong></span> <span class='ocrx_word' id='word_1_89' title='bbox 247 608 373 636; x_wconf 88' lang='lat' dir='ltr'><strong>tantum</strong></span> <span class='ocrx_word' id='word_1_90' title='bbox 404 602 553 646; x_wconf 79' lang='lat' dir='ltr'><strong>populo,</strong></span> <span class='ocrx_word' id='word_1_91' title='bbox 581 603 634 635; x_wconf 86' lang='lat' dir='ltr'><strong>vel</strong></span> <span class='ocrx_word' id='word_1_92' title='bbox 663 603 805 644; x_wconf 83' lang='lat' dir='ltr'><strong>civitati,</strong></span> <span class='ocrx_word' id='word_1_93' title='bbox 832 603 892 636; x_wconf 85' lang='lat' dir='ltr'><strong>sed</strong></span> <span class='ocrx_word' id='word_1_94' title='bbox 918 603 1077 636; x_wconf 81' lang='lat' dir='ltr'><strong>universis</strong></span> <span class='ocrx_word' id='word_1_95' title='bbox 1103 603 1259 647; x_wconf 84' lang='lat' dir='ltr'><strong>gentibus</strong></span> <span class='ocrx_word' id='word_1_96' title='bbox 1287 601 1489 647; x_wconf 78' lang='lat' dir='ltr'><strong>generaliter</strong></span> <span class='ocrx_word' id='word_1_97' title='bbox 1516 601 1660 646; x_wconf 78' lang='lat' dir='ltr'><strong>scriptae</strong></span> <span class='ocrx_word' id='word_1_98' title='bbox 1686 606 1769 636; x_wconf 86' lang='lat' dir='ltr'><strong>sunt.</strong></span> 
     </span>
    </p>
   </div>
   <div class='ocr_carea' id='block_1_12' title="bbox 500 659 524 678">
    <p class='ocr_par' dir='ltr' id='par_1_12' title="bbox 500 659 524 678">
     <span class='ocr_line' id='line_1_17' title="bbox 500 659 524 678; baseline 0 0"><span class='ocrx_word' id='word_1_99' title='bbox 500 659 524 678; x_wconf 68' lang='lat'><strong>⁴2</strong></span> 
     </span>
    </p>
   </div>
   <div class='ocr_carea' id='block_1_13' title="bbox 229 662 288 695">
    <p class='ocr_par' dir='ltr' id='par_1_13' title="bbox 229 662 288 695">
     <span class='ocr_line' id='line_1_18' title="bbox 229 662 288 695; baseline 0 0"><span class='ocrx_word' id='word_1_100' title='bbox 229 662 288 695; x_wconf 74' lang='grc' dir='ltr'><strong>-Π,</strong></span> 
     </span>
    </p>
   </div>
   <div class='ocr_carea' id='block_1_14' title="bbox 344 663 485 696">
    <p class='ocr_par' dir='ltr' id='par_1_14' title="bbox 344 663 485 696">
     <span class='ocr_line' id='line_1_19' title="bbox 344 663 485 696; baseline -0.007 -1"><span class='ocrx_word' id='word_1_101' title='bbox 344 663 485 696; x_wconf 86' lang='lat' dir='ltr'><strong>lacobus</strong></span> 
     </span>
    </p>
   </div>
   <div class='ocr_carea' id='block_1_15' title="bbox 551 659 1067 696">
    <p class='ocr_par' dir='ltr' id='par_1_15' title="bbox 551 659 1067 696">
     <span class='ocr_line' id='line_1_20' title="bbox 551 659 1067 696; baseline 0.002 -1"><span class='ocrx_word' id='word_1_102' title='bbox 551 668 582 695; x_wconf 88' lang='lat' dir='ltr'><strong>et</strong></span> <span class='ocrx_word' id='word_1_103' title='bbox 608 663 745 696; x_wconf 83' lang='lat' dir='ltr'><strong>loannes</strong></span> <span class='ocrx_word' id='word_1_104' title='bbox 773 668 806 696; x_wconf 88' lang='lat' dir='ltr'><strong>et</strong></span> <span class='ocrx_word' id='word_1_105' title='bbox 832 662 931 695; x_wconf 81' lang='lat' dir='ltr'><strong>Iudas</strong></span> <span class='ocrx_word' id='word_1_106' title='bbox 958 659 1067 696; x_wconf 76' lang='lat' dir='ltr'><strong>suas⁴³</strong></span> 
     </span>
    </p>
   </div>
   <div class='ocr_carea' id='block_1_16' title="bbox 1095 659 1489 707">
    <p class='ocr_par' dir='ltr' id='par_1_16' title="bbox 1095 659 1489 707">
     <span class='ocr_line' id='line_1_21' title="bbox 1095 659 1489 707; baseline -0.008 -12"><span class='ocrx_word' id='word_1_107' title='bbox 1095 663 1296 707; x_wconf 80' lang='lat' dir='ltr'><strong>scripserunt</strong></span> <span class='ocrx_word' id='word_1_108' title='bbox 1323 659 1489 705; x_wconf 79' lang='lat' dir='ltr'><strong>epistolas.</strong></span> 
     </span>
    </p>
   </div>
   <div class='ocr_carea' id='block_1_17' title="bbox 63 710 2013 811">
    <p class='ocr_par' dir='ltr' id='par_1_17' title="bbox 63 710 2013 811">
     <span class='ocr_line' id='line_1_22' title="bbox 227 710 2010 759; baseline -0.002 -13"><span class='ocrx_word' id='word_1_109' title='bbox 227 713 287 747; x_wconf 79' lang='lat'><strong>48.</strong></span> <span class='ocrx_word' id='word_1_110' title='bbox 342 716 446 748; x_wconf 79' lang='lat' dir='ltr'><strong>Actus</strong></span> <span class='ocrx_word' id='word_1_111' title='bbox 473 714 715 758; x_wconf 75' lang='lat' dir='ltr'><strong>Apostolorum</strong></span> <span class='ocrx_word' id='word_1_112' title='bbox 744 714 927 759; x_wconf 85' lang='lat' dir='ltr'><strong>primordia</strong></span> <span class='ocrx_word' id='word_1_113' title='bbox 951 715 1030 747; x_wconf 84' lang='lat' dir='ltr'><strong>fidei</strong></span> <span class='ocrx_word' id='word_1_114' title='bbox 1059 714 1268 748; x_wconf 78' lang='lat' dir='ltr'><strong>Christianae</strong></span> <span class='ocrx_word' id='word_1_115' title='bbox 1294 715 1326 746; x_wconf 91' lang='lat' dir='ltr'><strong>in</strong></span> <span class='ocrx_word' id='word_1_116' title='bbox 1351 713 1506 756; x_wconf 69' lang='lat' dir='ltr'><strong>gentibus</strong></span> <span class='ocrx_word' id='word_1_117' title='bbox 1533 717 1566 746; x_wconf 87' lang='lat' dir='ltr'><strong>et</strong></span> <span class='ocrx_word' id='word_1_118' title='bbox 1591 712 1752 747; x_wconf 78' lang='lat' dir='ltr'><strong>nascentis</strong></span> <span class='ocrx_word' id='word_1_119' title='bbox 1780 710 1940 746; x_wconf 71' lang='lat' dir='ltr'><strong>ecclesiae</strong></span> <span class='ocrx_word' id='word_1_120' title='bbox 1961 710 2010 742; x_wconf 91' lang='lat' dir='ltr'><strong>hi-</strong></span> 
     </span>
     <span class='ocr_line' id='line_1_23' title="bbox 63 761 2013 811; baseline -0.002 -13"><span class='ocrx_word' id='word_1_121' title='bbox 63 766 196 798; x_wconf 85' lang='lat' dir='ltr'><strong>storiam</strong></span> <span class='ocrx_word' id='word_1_122' title='bbox 225 766 358 811; x_wconf 87' lang='lat' dir='ltr'><strong>digerit.</strong></span> <span class='ocrx_word' id='word_1_123' title='bbox 400 767 547 799; x_wconf 89' lang='lat' dir='ltr'><strong>Actuum</strong></span> <span class='ocrx_word' id='word_1_124' title='bbox 575 767 807 810; x_wconf 76' lang='lat' dir='ltr'><strong>apostolorum</strong></span> <span class='ocrx_word' id='word_1_125' title='bbox 835 767 965 800; x_wconf 88' lang='lat' dir='ltr'><strong>Lucam</strong></span> <span class='ocrx_word' id='word_1_126' title='bbox 991 766 1186 811; x_wconf 83' lang='lat' dir='ltr'><strong>scriptorem</strong></span> <span class='ocrx_word' id='word_1_127' title='bbox 1203 762 1227 784; x_wconf 77' lang='lat'><strong>⁴⁴</strong></span> <span class='ocrx_word' id='word_1_128' title='bbox 1254 777 1324 798; x_wconf 82' lang='lat' dir='ltr'><strong>esse</strong></span> <span class='ocrx_word' id='word_1_129' title='bbox 1337 761 1362 782; x_wconf 68' lang='lat'><strong>“¹⁵</strong></span> <span class='ocrx_word' id='word_1_130' title='bbox 1389 765 1639 809; x_wconf 78' lang='lat' dir='ltr'><strong>evangelistam,</strong></span> <span class='ocrx_word' id='word_1_131' title='bbox 1666 764 1699 797; x_wconf 93' lang='lat' dir='ltr'><strong>in</strong></span> <span class='ocrx_word' id='word_1_132' title='bbox 1725 774 1794 808; x_wconf 85' lang='lat' dir='ltr'><strong>quo</strong></span> <span class='ocrx_word' id='word_1_133' title='bbox 1822 774 1926 807; x_wconf 82' lang='lat' dir='ltr'><strong>opere</strong></span> <span class='ocrx_word' id='word_1_134' title='bbox 1952 774 2013 795; x_wconf 85' lang='lat' dir='ltr'><strong>na-</strong></span> 
     </span>
    </p>
   </div>
   <div class='ocr_carea' id='block_1_18' title="bbox 62 812 1444 864">
    <p class='ocr_par' dir='ltr' id='par_1_18' title="bbox 62 812 1444 864">
     <span class='ocr_line' id='line_1_24' title="bbox 62 812 1444 864; baseline 0.001 -13"><span class='ocrx_word' id='word_1_135' title='bbox 62 818 179 851; x_wconf 80' lang='lat' dir='ltr'><strong>scentis</strong></span> <span class='ocrx_word' id='word_1_136' title='bbox 206 818 368 853; x_wconf 79' lang='lat' dir='ltr'><strong>ecclesiae</strong></span> <span class='ocrx_word' id='word_1_137' title='bbox 394 818 531 851; x_wconf 83' lang='lat' dir='ltr'><strong>infantia</strong></span> <span class='ocrx_word' id='word_1_138' title='bbox 565 818 701 859; x_wconf 83' lang='lat' dir='ltr'><strong>texitur,</strong></span> <span class='ocrx_word' id='word_1_139' title='bbox 742 824 776 852; x_wconf 87' lang='lat' dir='ltr'><strong>et</strong></span> <span class='ocrx_word' id='word_1_140' title='bbox 809 819 1038 864; x_wconf 80' lang='lat' dir='ltr'><strong>apostolorum</strong></span> <span class='ocrx_word' id='word_1_141' title='bbox 1071 817 1209 853; x_wconf 73' lang='lat' dir='ltr'><strong>historia</strong></span> <span class='ocrx_word' id='word_1_142' title='bbox 1241 812 1444 852; x_wconf 72' lang='lat' dir='ltr'><strong>retinetur⁴⁰.</strong></span> 
     </span>
    </p>
   </div>
   <div class='ocr_carea' id='block_1_19' title="bbox 62 870 287 903">
    <p class='ocr_par' dir='ltr' id='par_1_19' title="bbox 62 870 287 903">
     <span class='ocr_line' id='line_1_25' title="bbox 62 870 287 903; baseline -0.004 0"><span class='ocrx_word' id='word_1_143' title='bbox 62 880 135 903; x_wconf 86' lang='lat' dir='ltr'><strong>rum</strong></span> <span class='ocrx_word' id='word_1_144' title='bbox 156 870 287 903; x_wconf 86' lang='lat' dir='ltr'><strong>dieitur.</strong></span> 
     </span>
    </p>
   </div>
   <div class='ocr_carea' id='block_1_20' title="bbox 1497 814 2013 858">
    <p class='ocr_par' dir='ltr' id='par_1_20' title="bbox 1497 814 2013 858">
     <span class='ocr_line' id='line_1_26' title="bbox 1497 814 2013 858; baseline -0.012 -7"><span class='ocrx_word' id='word_1_145' title='bbox 1497 816 1600 851; x_wconf 85' lang='lat' dir='ltr'><strong>Unde</strong></span> <span class='ocrx_word' id='word_1_146' title='bbox 1631 820 1666 849; x_wconf 87' lang='lat' dir='ltr'><strong>et</strong></span> <span class='ocrx_word' id='word_1_147' title='bbox 1698 821 1790 850; x_wconf 86' lang='lat' dir='ltr'><strong>actus</strong></span> <span class='ocrx_word' id='word_1_148' title='bbox 1826 814 2013 858; x_wconf 78' lang='lat' dir='ltr'><strong>Apostolo-</strong></span> 
     </span>
    </p>
   </div>
   <div class='ocr_carea' id='block_1_21' title="bbox 225 925 2012 974">
    <p class='ocr_par' dir='ltr' id='par_1_21' title="bbox 225 925 2012 974">
     <span class='ocr_line' id='line_1_27' title="bbox 225 925 2012 974; baseline -0.003 -12"><span class='ocrx_word' id='word_1_149' title='bbox 225 929 285 962; x_wconf 78' lang='lat'><strong>49.</strong></span> <span class='ocrx_word' id='word_1_150' title='bbox 339 929 583 974; x_wconf 69' lang='lat' dir='ltr'><strong>Apocalypsim</strong></span> <span class='ocrx_word' id='word_1_151' title='bbox 612 929 734 962; x_wconf 89' lang='lat' dir='ltr'><strong>librum</strong></span> <span class='ocrx_word' id='word_1_152' title='bbox 765 929 905 962; x_wconf 82' lang='lat' dir='ltr'><strong>Ioannes</strong></span> <span class='ocrx_word' id='word_1_153' title='bbox 932 930 1134 974; x_wconf 81' lang='lat' dir='ltr'><strong>evangelista</strong></span> <span class='ocrx_word' id='word_1_154' title='bbox 1160 925 1342 974; x_wconf 72' lang='lat' dir='ltr'><strong>scripsit⁴⁷‚</strong></span> <span class='ocrx_word' id='word_1_155' title='bbox 1383 941 1425 963; x_wconf 85' lang='lat' dir='ltr'><strong>eo</strong></span> <span class='ocrx_word' id='word_1_156' title='bbox 1459 934 1634 973; x_wconf 82' lang='lat' dir='ltr'><strong>tempore,</strong></span> <span class='ocrx_word' id='word_1_157' title='bbox 1665 937 1734 970; x_wconf 89' lang='lat' dir='ltr'><strong>quo</strong></span> <span class='ocrx_word' id='word_1_158' title='bbox 1770 926 1815 958; x_wconf 91' lang='lat' dir='ltr'><strong>ob</strong></span> <span class='ocrx_word' id='word_1_159' title='bbox 1849 925 2012 969; x_wconf 81' lang='lat' dir='ltr'><strong>evangelii</strong></span> 
     </span>
    </p>
   </div>
   <div class='ocr_carea' id='block_1_22' title="bbox 62 978 2011 1077">
    <p class='ocr_par' dir='ltr' id='par_1_22' title="bbox 62 978 2011 1077">
     <span class='ocr_line' id='line_1_28' title="bbox 62 978 1131 1026; baseline 0.003 -13"><span class='ocrx_word' id='word_1_160' title='bbox 62 980 348 1025; x_wconf 83' lang='lat' dir='ltr'><strong>praedicationem</strong></span> <span class='ocrx_word' id='word_1_161' title='bbox 376 981 408 1013; x_wconf 88' lang='lat' dir='ltr'><strong>in</strong></span> <span class='ocrx_word' id='word_1_162' title='bbox 435 981 540 1014; x_wconf 82' lang='lat' dir='ltr'><strong>insula</strong></span> <span class='ocrx_word' id='word_1_163' title='bbox 564 980 725 1014; x_wconf 86' lang='lat' dir='ltr'><strong>Pathmos</strong></span> <span class='ocrx_word' id='word_1_164' title='bbox 751 981 892 1015; x_wconf 85' lang='lat' dir='ltr'><strong>traditur</strong></span> <span class='ocrx_word' id='word_1_165' title='bbox 902 978 927 998; x_wconf 67' lang='lat'><strong>⁴⁸</strong></span> <span class='ocrx_word' id='word_1_166' title='bbox 953 982 1131 1026; x_wconf 75' lang='lat' dir='ltr'><strong>relegatus·</strong></span> 
     </span>
     <span class='ocr_line' id='line_1_29' title="bbox 543 1024 2011 1077; baseline -0.003 -12"><span class='ocrx_word' id='word_1_167' title='bbox 543 1033 720 1065; x_wconf 86' lang='lat' dir='ltr'><strong>Revelatio</strong></span> <span class='ocrx_word' id='word_1_168' title='bbox 747 1034 833 1066; x_wconf 87' lang='lat' dir='ltr'><strong>enim</strong></span> <span class='ocrx_word' id='word_1_169' title='bbox 862 1033 981 1066; x_wconf 89' lang='lat' dir='ltr'><strong>dicitur</strong></span> <span class='ocrx_word' id='word_1_170' title='bbox 1008 1034 1231 1066; x_wconf 87' lang='lat' dir='ltr'><strong>manifestatio</strong></span> <span class='ocrx_word' id='word_1_171' title='bbox 1258 1045 1392 1076; x_wconf 86' lang='lat' dir='ltr'><strong>eornm,</strong></span> <span class='ocrx_word' id='word_1_172' title='bbox 1430 1045 1519 1077; x_wconf 87' lang='lat' dir='ltr'><strong>quae</strong></span> <span class='ocrx_word' id='word_1_173' title='bbox 1545 1032 1689 1065; x_wconf 90' lang='lat' dir='ltr'><strong>obscura</strong></span> <span class='ocrx_word' id='word_1_174' title='bbox 1723 1034 1756 1063; x_wconf 84' lang='lat' dir='ltr'><strong>et</strong></span> <span class='ocrx_word' id='word_1_175' title='bbox 1782 1024 2011 1061; x_wconf 77' lang='lat' dir='ltr'><strong>abscondita⁴⁹</strong></span> 
     </span>
    </p>
   </div>
   <div class='ocr_carea' id='block_1_23' title="bbox 61 1032 488 1077">
    <p class='ocr_par' dir='ltr' id='par_1_23' title="bbox 61 1032 488 1077">
     <span class='ocr_line' id='line_1_30' title="bbox 61 1032 488 1077; baseline 0.002 -13"><span class='ocrx_word' id='word_1_176' title='bbox 61 1032 218 1065; x_wconf 82' lang='lat' dir='ltr'><strong>revelatio</strong></span> <span class='ocrx_word' id='word_1_177' title='bbox 246 1033 488 1077; x_wconf 83' lang='lat' dir='ltr'><strong>interpretatur.</strong></span> 
     </span>
    </p>
   </div>
   <div class='ocr_carea' id='block_1_24' title="bbox 1185 977 2013 1026">
    <p class='ocr_par' dir='ltr' id='par_1_24' title="bbox 1185 977 2013 1026">
     <span class='ocr_line' id='line_1_31' title="bbox 1185 977 2013 1026; baseline -0.007 -11"><span class='ocrx_word' id='word_1_178' title='bbox 1185 981 1412 1026; x_wconf 79' lang='lat' dir='ltr'><strong>Apocalypsis</strong></span> <span class='ocrx_word' id='word_1_179' title='bbox 1435 986 1546 1014; x_wconf 88' lang='lat' dir='ltr'><strong>autem</strong></span> <span class='ocrx_word' id='word_1_180' title='bbox 1569 992 1608 1012; x_wconf 87' lang='lat' dir='ltr'><strong>ex</strong></span> <span class='ocrx_word' id='word_1_181' title='bbox 1636 979 1770 1012; x_wconf 84' lang='lat' dir='ltr'><strong>Graeco</strong></span> <span class='ocrx_word' id='word_1_182' title='bbox 1797 977 1830 1009; x_wconf 90' lang='lat' dir='ltr'><strong>in</strong></span> <span class='ocrx_word' id='word_1_183' title='bbox 1855 977 2013 1010; x_wconf 88' lang='lat' dir='ltr'><strong>Latinum</strong></span> 
     </span>
    </p>
   </div>
   <div class='ocr_carea' id='block_1_25' title="bbox 61 1080 2011 1131">
    <p class='ocr_par' dir='ltr' id='par_1_25' title="bbox 61 1080 2011 1131">
     <span class='ocr_line' id='line_1_32' title="bbox 61 1080 2011 1131; baseline -0.003 -14"><span class='ocrx_word' id='word_1_184' title='bbox 61 1080 205 1126; x_wconf 80' lang='lat' dir='ltr'><strong>erant⁵⁰‚</strong></span> <span class='ocrx_word' id='word_1_185' title='bbox 238 1085 324 1117; x_wconf 73' lang='lat' dir='ltr'><strong>iuxta</strong></span> <span class='ocrx_word' id='word_1_186' title='bbox 352 1085 443 1128; x_wconf 88' lang='lat' dir='ltr'><strong>quod</strong></span> <span class='ocrx_word' id='word_1_187' title='bbox 472 1081 574 1128; x_wconf 82' lang='lat' dir='ltr'><strong>ipse⁵¹</strong></span> <span class='ocrx_word' id='word_1_188' title='bbox 603 1085 743 1118; x_wconf 85' lang='lat' dir='ltr'><strong>loannes</strong></span> <span class='ocrx_word' id='word_1_189' title='bbox 763 1081 860 1126; x_wconf 83' lang='lat' dir='ltr'><strong>ait⁵²‚</strong></span> <span class='ocrx_word' id='word_1_190' title='bbox 893 1082 1160 1131; x_wconf 74' lang='lat' dir='ltr'><strong>Apocalypsis⁵³</strong></span> <span class='ocrx_word' id='word_1_191' title='bbox 1186 1085 1267 1119; x_wconf 79' lang='lat' dir='ltr'><strong>Iesu</strong></span> <span class='ocrx_word' id='word_1_192' title='bbox 1298 1085 1446 1127; x_wconf 74' lang='lat' dir='ltr'><strong>Christi,</strong></span> <span class='ocrx_word' id='word_1_193' title='bbox 1481 1096 1587 1130; x_wconf 79' lang='lat' dir='ltr'><strong>quum</strong></span> <span class='ocrx_word' id='word_1_194' title='bbox 1615 1083 1714 1116; x_wconf 77' lang='lat' dir='ltr'><strong>dedit</strong></span> <span class='ocrx_word' id='word_1_195' title='bbox 1742 1081 1793 1114; x_wconf 81' lang='lat' dir='ltr'><strong>illi</strong></span> <span class='ocrx_word' id='word_1_196' title='bbox 1817 1080 1919 1113; x_wconf 74' lang='lat' dir='ltr'><strong>Deus</strong></span> <span class='ocrx_word' id='word_1_197' title='bbox 1940 1091 2011 1125; x_wconf 80' lang='lat' dir='ltr'><strong>pa-</strong></span> 
     </span>
    </p>
   </div>
   <div class='ocr_carea' id='block_1_26' title="bbox 60 1134 521 1180">
    <p class='ocr_par' dir='ltr' id='par_1_26' title="bbox 60 1134 521 1180">
     <span class='ocr_line' id='line_1_33' title="bbox 60 1134 521 1180; baseline -0.002 -11"><span class='ocrx_word' id='word_1_198' title='bbox 60 1136 133 1169; x_wconf 82' lang='lat' dir='ltr'><strong>lam</strong></span> <span class='ocrx_word' id='word_1_199' title='bbox 149 1134 282 1180; x_wconf 79' lang='lat' dir='ltr'><strong>facere</strong></span> <span class='ocrx_word' id='word_1_200' title='bbox 306 1136 416 1169; x_wconf 81' lang='lat' dir='ltr'><strong>servis</strong></span> <span class='ocrx_word' id='word_1_201' title='bbox 441 1136 521 1169; x_wconf 82' lang='lat' dir='ltr'><strong>suis.</strong></span> 
     </span>
    </p>
   </div>
   <div class='ocr_carea' id='block_1_27' title="bbox 60 1187 2008 1292">
    <p class='ocr_par' dir='ltr' id='par_1_27' title="bbox 60 1187 2008 1292">
     <span class='ocr_line' id='line_1_34' title="bbox 222 1187 2008 1241; baseline -0.004 -12"><span class='ocrx_word' id='word_1_202' title='bbox 222 1195 284 1229; x_wconf 84' lang='lat'><strong>50.</strong></span> <span class='ocrx_word' id='word_1_203' title='bbox 337 1196 383 1229; x_wconf 91' lang='lat' dir='ltr'><strong>Hi</strong></span> <span class='ocrx_word' id='word_1_204' title='bbox 406 1200 480 1229; x_wconf 77' lang='lat' dir='ltr'><strong>sunt</strong></span> <span class='ocrx_word' id='word_1_205' title='bbox 503 1197 680 1240; x_wconf 81' lang='lat' dir='ltr'><strong>scriptores</strong></span> <span class='ocrx_word' id='word_1_206' title='bbox 707 1207 877 1230; x_wconf 88' lang='lat' dir='ltr'><strong>sacrorum</strong></span> <span class='ocrx_word' id='word_1_207' title='bbox 905 1197 1078 1239; x_wconf 85' lang='lat' dir='ltr'><strong>librorum,</strong></span> <span class='ocrx_word' id='word_1_208' title='bbox 1104 1197 1162 1240; x_wconf 84' lang='lat' dir='ltr'><strong>qui</strong></span> <span class='ocrx_word' id='word_1_209' title='bbox 1188 1207 1250 1241; x_wconf 91' lang='lat' dir='ltr'><strong>per</strong></span> <span class='ocrx_word' id='word_1_210' title='bbox 1269 1196 1430 1241; x_wconf 86' lang='lat' dir='ltr'><strong>Spiritum</strong></span> <span class='ocrx_word' id='word_1_211' title='bbox 1448 1200 1598 1229; x_wconf 83' lang='lat' dir='ltr'><strong>sanetum</strong></span> <span class='ocrx_word' id='word_1_212' title='bbox 1625 1194 1800 1237; x_wconf 80' lang='lat' dir='ltr'><strong>loquentes</strong></span> <span class='ocrx_word' id='word_1_213' title='bbox 1825 1190 1870 1223; x_wconf 90' lang='lat' dir='ltr'><strong>ad</strong></span> <span class='ocrx_word' id='word_1_214' title='bbox 1881 1187 1904 1207; x_wconf 75' lang='lat'><strong>⁵¹</strong></span> <span class='ocrx_word' id='word_1_215' title='bbox 1932 1201 2008 1223; x_wconf 89' lang='lat' dir='ltr'><strong>eru-</strong></span> 
     </span>
     <span class='ocr_line' id='line_1_35' title="bbox 60 1247 1551 1292; baseline -0.001 -12"><span class='ocrx_word' id='word_1_216' title='bbox 60 1247 222 1281; x_wconf 89' lang='lat' dir='ltr'><strong>ditionem</strong></span> <span class='ocrx_word' id='word_1_217' title='bbox 246 1252 393 1280; x_wconf 83' lang='lat' dir='ltr'><strong>nostram</strong></span> <span class='ocrx_word' id='word_1_218' title='bbox 421 1253 452 1280; x_wconf 87' lang='lat' dir='ltr'><strong>et</strong></span> <span class='ocrx_word' id='word_1_219' title='bbox 480 1252 661 1292; x_wconf 79' lang='lat' dir='ltr'><strong>praecepta</strong></span> <span class='ocrx_word' id='word_1_220' title='bbox 688 1248 820 1281; x_wconf 90' lang='lat' dir='ltr'><strong>vivendi</strong></span> <span class='ocrx_word' id='word_1_221' title='bbox 848 1253 880 1281; x_wconf 87' lang='lat' dir='ltr'><strong>et</strong></span> <span class='ocrx_word' id='word_1_222' title='bbox 906 1248 1065 1282; x_wconf 85' lang='lat' dir='ltr'><strong>credendi</strong></span> <span class='ocrx_word' id='word_1_223' title='bbox 1092 1248 1247 1292; x_wconf 84' lang='lat' dir='ltr'><strong>regulam</strong></span> <span class='ocrx_word' id='word_1_224' title='bbox 1273 1248 1551 1292; x_wconf 82' lang='lat' dir='ltr'><strong>conscripserunt.</strong></span> 
     </span>
    </p>
   </div>
   <div class='ocr_carea' id='block_1_28' title="bbox 60 1306 818 1402">
    <p class='ocr_par' dir='ltr' id='par_1_28' title="bbox 60 1306 818 1402">
     <span class='ocr_line' id='line_1_36' title="bbox 225 1306 287 1342; baseline 0.048 -4"><span class='ocrx_word' id='word_1_225' title='bbox 225 1306 287 1342; x_wconf 79' lang='lat'><strong>51.</strong></span> 
     </span>
     <span class='ocr_line' id='line_1_37' title="bbox 60 1358 818 1402; baseline 0 -11"><span class='ocrx_word' id='word_1_226' title='bbox 60 1363 109 1391; x_wconf 83' lang='lat' dir='ltr'><strong>est</strong></span> <span class='ocrx_word' id='word_1_227' title='bbox 134 1363 276 1400; x_wconf 86' lang='lat' dir='ltr'><strong>secreta,</strong></span> <span class='ocrx_word' id='word_1_228' title='bbox 318 1359 396 1402; x_wconf 79' lang='lat' dir='ltr'><strong>quia</strong></span> <span class='ocrx_word' id='word_1_229' title='bbox 429 1359 462 1390; x_wconf 91' lang='lat' dir='ltr'><strong>in</strong></span> <span class='ocrx_word' id='word_1_230' title='bbox 497 1358 638 1391; x_wconf 87' lang='lat' dir='ltr'><strong>dubium</strong></span> <span class='ocrx_word' id='word_1_231' title='bbox 674 1358 818 1391; x_wconf 73' lang='lat' dir='ltr'><strong>veniunt.</strong></span> 
     </span>
    </p>
   </div>
   <div class='ocr_carea' id='block_1_29' title="bbox 341 1304 1972 1402">
    <p class='ocr_par' dir='ltr' id='par_1_29' title="bbox 341 1304 1972 1402">
     <span class='ocr_line' id='line_1_38' title="bbox 341 1304 1411 1352; baseline 0 -12"><span class='ocrx_word' id='word_1_232' title='bbox 341 1308 479 1340; x_wconf 78' lang='lat' dir='ltr'><strong>Praeter</strong></span> <span class='ocrx_word' id='word_1_233' title='bbox 505 1307 591 1341; x_wconf 86' lang='lat' dir='ltr'><strong>haec</strong></span> <span class='ocrx_word' id='word_1_234' title='bbox 620 1304 717 1339; x_wconf 82' lang='lat' dir='ltr'><strong>alia⁵⁵</strong></span> <span class='ocrx_word' id='word_1_235' title='bbox 743 1307 914 1339; x_wconf 84' lang='lat' dir='ltr'><strong>volumina</strong></span> <span class='ocrx_word' id='word_1_236' title='bbox 941 1306 1142 1352; x_wconf 63' lang='lat' dir='ltr'><strong>apocrypha</strong></span> <span class='ocrx_word' id='word_1_237' title='bbox 1169 1312 1411 1351; x_wconf 86' lang='lat' dir='ltr'><strong>nuncupantur.</strong></span> 
     </span>
     <span class='ocr_line' id='line_1_39' title="bbox 870 1353 1972 1402; baseline -0.006 -11"><span class='ocrx_word' id='word_1_238' title='bbox 870 1359 929 1391; x_wconf 84' lang='lat' dir='ltr'><strong>Est</strong></span> <span class='ocrx_word' id='word_1_239' title='bbox 957 1359 1043 1391; x_wconf 83' lang='lat' dir='ltr'><strong>enim</strong></span> <span class='ocrx_word' id='word_1_240' title='bbox 1071 1369 1187 1391; x_wconf 88' lang='lat' dir='ltr'><strong>eorum</strong></span> <span class='ocrx_word' id='word_1_241' title='bbox 1222 1359 1355 1392; x_wconf 87' lang='lat' dir='ltr'><strong>occulta</strong></span> <span class='ocrx_word' id='word_1_242' title='bbox 1382 1357 1498 1402; x_wconf 85' lang='lat' dir='ltr'><strong>origo,</strong></span> <span class='ocrx_word' id='word_1_243' title='bbox 1531 1367 1593 1390; x_wconf 82' lang='lat' dir='ltr'><strong>nec</strong></span> <span class='ocrx_word' id='word_1_244' title='bbox 1626 1358 1719 1400; x_wconf 87' lang='lat' dir='ltr'><strong>patet</strong></span> <span class='ocrx_word' id='word_1_245' title='bbox 1749 1353 1919 1393; x_wconf 84' lang='lat' dir='ltr'><strong>Patribus,</strong></span> <span class='ocrx_word' id='word_1_246' title='bbox 1953 1364 1972 1384; x_wconf 90' lang='lat' dir='ltr'><strong>a</strong></span> 
     </span>
    </p>
   </div>
   <div class='ocr_carea' id='block_1_30' title="bbox 1464 1300 2008 1369">
    <p class='ocr_par' dir='ltr' id='par_1_30' title="bbox 1464 1300 2008 1369">
     <span class='ocr_line' id='line_1_40' title="bbox 1464 1300 2008 1369; baseline -0.015 -29"><span class='ocrx_word' id='word_1_247' title='bbox 1464 1303 1675 1351; x_wconf 81' lang='lat' dir='ltr'><strong>Apocrypha</strong></span> <span class='ocrx_word' id='word_1_248' title='bbox 1702 1307 1813 1335; x_wconf 84' lang='lat' dir='ltr'><strong>autem</strong></span> <span class='ocrx_word' id='word_1_249' title='bbox 1840 1301 1946 1343; x_wconf 85' lang='lat' dir='ltr'><strong>dicta,</strong></span> <span class='ocrx_word' id='word_1_250' title='bbox 1972 1300 2008 1369; x_wconf 52' lang='lat' dir='ltr'><strong>ig</strong></span> 
     </span>
    </p>
   </div>
   <div class='ocr_carea' id='block_1_31' title="bbox 59 1403 2006 1455">
    <p class='ocr_par' dir='ltr' id='par_1_31' title="bbox 59 1403 2006 1455">
     <span class='ocr_line' id='line_1_41' title="bbox 59 1403 2006 1455; baseline -0.004 -13"><span class='ocrx_word' id='word_1_251' title='bbox 59 1409 177 1453; x_wconf 89' lang='lat' dir='ltr'><strong>quibus</strong></span> <span class='ocrx_word' id='word_1_252' title='bbox 204 1421 307 1453; x_wconf 86' lang='lat' dir='ltr'><strong>usque</strong></span> <span class='ocrx_word' id='word_1_253' title='bbox 334 1410 379 1442; x_wconf 89' lang='lat' dir='ltr'><strong>ad</strong></span> <span class='ocrx_word' id='word_1_254' title='bbox 405 1420 463 1442; x_wconf 82' lang='lat' dir='ltr'><strong>nos</strong></span> <span class='ocrx_word' id='word_1_255' title='bbox 491 1410 668 1443; x_wconf 83' lang='lat' dir='ltr'><strong>auctoritas</strong></span> <span class='ocrx_word' id='word_1_256' title='bbox 695 1410 863 1444; x_wconf 89' lang='lat' dir='ltr'><strong>veracium</strong></span> <span class='ocrx_word' id='word_1_257' title='bbox 890 1409 1128 1455; x_wconf 88' lang='lat' dir='ltr'><strong>scripturarum</strong></span> <span class='ocrx_word' id='word_1_258' title='bbox 1155 1410 1334 1444; x_wconf 85' lang='lat' dir='ltr'><strong>certissima</strong></span> <span class='ocrx_word' id='word_1_259' title='bbox 1361 1415 1393 1443; x_wconf 90' lang='lat' dir='ltr'><strong>et</strong></span> <span class='ocrx_word' id='word_1_260' title='bbox 1419 1409 1585 1443; x_wconf 84' lang='lat' dir='ltr'><strong>notissima</strong></span> <span class='ocrx_word' id='word_1_261' title='bbox 1612 1406 1820 1440; x_wconf 75' lang='lat' dir='ltr'><strong>successione</strong></span> <span class='ocrx_word' id='word_1_262' title='bbox 1845 1403 2006 1449; x_wconf 85' lang='lat' dir='ltr'><strong>pervenit.</strong></span> 
     </span>
    </p>
   </div>
   <div class='ocr_carea' id='block_1_32' title="bbox 225 1468 284 1502">
    <p class='ocr_par' dir='ltr' id='par_1_32' title="bbox 225 1468 284 1502">
     <span class='ocr_line' id='line_1_42' title="bbox 225 1468 284 1502; baseline 0.017 -1"><span class='ocrx_word' id='word_1_263' title='bbox 225 1468 284 1502; x_wconf 86' lang='lat'><strong>52.</strong></span> 
     </span>
    </p>
   </div>
   <div class='ocr_carea' id='block_1_33' title="bbox 338 1463 2007 1514">
    <p class='ocr_par' dir='ltr' id='par_1_33' title="bbox 338 1463 2007 1514">
     <span class='ocr_line' id='line_1_43' title="bbox 338 1463 2007 1514; baseline -0.004 -12"><span class='ocrx_word' id='word_1_264' title='bbox 338 1470 376 1502; x_wconf 94' lang='lat' dir='ltr'><strong>In</strong></span> <span class='ocrx_word' id='word_1_265' title='bbox 402 1470 440 1502; x_wconf 82' lang='lat' dir='ltr'><strong>iis</strong></span> <span class='ocrx_word' id='word_1_266' title='bbox 466 1469 673 1514; x_wconf 75' lang='lat' dir='ltr'><strong>apocryphis</strong></span> <span class='ocrx_word' id='word_1_267' title='bbox 699 1470 756 1502; x_wconf 87' lang='lat' dir='ltr'><strong>etsi</strong></span> <span class='ocrx_word' id='word_1_268' title='bbox 784 1470 968 1503; x_wconf 80' lang='lat' dir='ltr'><strong>inveniatur</strong></span> <span class='ocrx_word' id='word_1_269' title='bbox 978 1466 1003 1486; x_wconf 75' lang='lat'><strong>⁵⁷</strong></span> <span class='ocrx_word' id='word_1_270' title='bbox 1031 1470 1144 1513; x_wconf 89' lang='lat' dir='ltr'><strong>aliqua</strong></span> <span class='ocrx_word' id='word_1_271' title='bbox 1177 1470 1310 1511; x_wconf 85' lang='lat' dir='ltr'><strong>veritas,</strong></span> <span class='ocrx_word' id='word_1_272' title='bbox 1344 1475 1457 1503; x_wconf 86' lang='lat' dir='ltr'><strong>tamen</strong></span> <span class='ocrx_word' id='word_1_273' title='bbox 1482 1472 1625 1514; x_wconf 88' lang='lat' dir='ltr'><strong>propter</strong></span> <span class='ocrx_word' id='word_1_274' title='bbox 1651 1466 1756 1499; x_wconf 90' lang='lat' dir='ltr'><strong>multa</strong></span> <span class='ocrx_word' id='word_1_275' title='bbox 1782 1465 1883 1504; x_wconf 82' lang='lat' dir='ltr'><strong>salsa,</strong></span> <span class='ocrx_word' id='word_1_276' title='bbox 1918 1463 2007 1496; x_wconf 89' lang='lat' dir='ltr'><strong>nulla</strong></span> 
     </span>
    </p>
   </div>
   <div class='ocr_carea' id='block_1_34' title="bbox 59 1515 2007 1566">
    <p class='ocr_par' dir='ltr' id='par_1_34' title="bbox 59 1515 2007 1566">
     <span class='ocr_line' id='line_1_44' title="bbox 59 1515 2007 1566; baseline -0.004 -12"><span class='ocrx_word' id='word_1_277' title='bbox 59 1524 108 1554; x_wconf 86' lang='lat' dir='ltr'><strong>est</strong></span> <span class='ocrx_word' id='word_1_278' title='bbox 134 1520 167 1553; x_wconf 87' lang='lat' dir='ltr'><strong>in</strong></span> <span class='ocrx_word' id='word_1_279' title='bbox 194 1520 239 1553; x_wconf 86' lang='lat' dir='ltr'><strong>eis</strong></span> <span class='ocrx_word' id='word_1_280' title='bbox 261 1521 421 1554; x_wconf 73' lang='lat' dir='ltr'><strong>canoniea</strong></span> <span class='ocrx_word' id='word_1_281' title='bbox 442 1522 628 1564; x_wconf 83' lang='lat' dir='ltr'><strong>auctoritas,</strong></span> <span class='ocrx_word' id='word_1_282' title='bbox 655 1532 742 1564; x_wconf 87' lang='lat' dir='ltr'><strong>quae</strong></span> <span class='ocrx_word' id='word_1_283' title='bbox 768 1526 860 1555; x_wconf 88' lang='lat' dir='ltr'><strong>recte</strong></span> <span class='ocrx_word' id='word_1_284' title='bbox 887 1533 906 1553; x_wconf 88' lang='lat' dir='ltr'><strong>a</strong></span> <span class='ocrx_word' id='word_1_285' title='bbox 932 1520 1152 1566; x_wconf 77' lang='lat' dir='ltr'><strong>prudentibus</strong></span> <span class='ocrx_word' id='word_1_286' title='bbox 1179 1522 1366 1556; x_wconf 85' lang='lat' dir='ltr'><strong>iudicantur</strong></span> <span class='ocrx_word' id='word_1_287' title='bbox 1392 1532 1458 1554; x_wconf 91' lang='lat' dir='ltr'><strong>non</strong></span> <span class='ocrx_word' id='word_1_288' title='bbox 1481 1532 1553 1554; x_wconf 86' lang='lat' dir='ltr'><strong>esse</strong></span> <span class='ocrx_word' id='word_1_289' title='bbox 1579 1529 1696 1552; x_wconf 87' lang='lat' dir='ltr'><strong>eorum</strong></span> <span class='ocrx_word' id='word_1_290' title='bbox 1723 1516 1903 1556; x_wconf 86' lang='lat' dir='ltr'><strong>credenda,</strong></span> <span class='ocrx_word' id='word_1_291' title='bbox 1930 1515 2007 1559; x_wconf 89' lang='lat' dir='ltr'><strong>qui-</strong></span> 
     </span>
    </p>
   </div>
   <div class='ocr_carea' id='block_1_35' title="bbox 57 1572 363 1608">
    <p class='ocr_par' dir='ltr' id='par_1_35' title="bbox 57 1572 363 1608">
     <span class='ocr_line' id='line_1_45' title="bbox 57 1572 363 1608; baseline -0.003 -3"><span class='ocrx_word' id='word_1_292' title='bbox 57 1572 119 1605; x_wconf 83' lang='lat' dir='ltr'><strong>bus</strong></span> <span class='ocrx_word' id='word_1_293' title='bbox 148 1572 363 1608; x_wconf 87' lang='lat' dir='ltr'><strong>ascribuntur.</strong></span> 
     </span>
    </p>
   </div>
   <div class='ocr_carea' id='block_1_36' title="bbox 57 1626 2005 1730">
    <p class='ocr_par' dir='ltr' id='par_1_36' title="bbox 57 1626 2005 1730">
     <span class='ocr_line' id='line_1_46' title="bbox 221 1626 2005 1677; baseline -0.003 -13"><span class='ocrx_word' id='word_1_294' title='bbox 221 1630 282 1667; x_wconf 85' lang='lat'><strong>53.</strong></span> <span class='ocrx_word' id='word_1_295' title='bbox 336 1633 423 1666; x_wconf 88' lang='lat' dir='ltr'><strong>Nam</strong></span> <span class='ocrx_word' id='word_1_296' title='bbox 449 1631 554 1665; x_wconf 89' lang='lat' dir='ltr'><strong>multa</strong></span> <span class='ocrx_word' id='word_1_297' title='bbox 582 1636 614 1665; x_wconf 85' lang='lat' dir='ltr'><strong>et</strong></span> <span class='ocrx_word' id='word_1_298' title='bbox 637 1631 699 1665; x_wconf 83' lang='lat' dir='ltr'><strong>sub</strong></span> <span class='ocrx_word' id='word_1_299' title='bbox 726 1631 913 1665; x_wconf 79' lang='lat' dir='ltr'><strong>nominibus</strong></span> <span class='ocrx_word' id='word_1_300' title='bbox 939 1631 1206 1677; x_wconf 82' lang='lat' dir='ltr'><strong>prophetarum,</strong></span> <span class='ocrx_word' id='word_1_301' title='bbox 1247 1636 1279 1666; x_wconf 86' lang='lat' dir='ltr'><strong>et</strong></span> <span class='ocrx_word' id='word_1_302' title='bbox 1306 1632 1490 1665; x_wconf 87' lang='lat' dir='ltr'><strong>recentiora</strong></span> <span class='ocrx_word' id='word_1_303' title='bbox 1517 1630 1579 1664; x_wconf 84' lang='lat' dir='ltr'><strong>sub</strong></span> <span class='ocrx_word' id='word_1_304' title='bbox 1611 1627 1798 1662; x_wconf 81' lang='lat' dir='ltr'><strong>nominibus</strong></span> <span class='ocrx_word' id='word_1_305' title='bbox 1831 1626 2005 1672; x_wconf 86' lang='lat' dir='ltr'><strong>apostolo-</strong></span> 
     </span>
     <span class='ocr_line' id='line_1_47' title="bbox 57 1678 2004 1730; baseline -0.003 -14"><span class='ocrx_word' id='word_1_306' title='bbox 57 1694 131 1717; x_wconf 91' lang='lat' dir='ltr'><strong>rum</strong></span> <span class='ocrx_word' id='word_1_307' title='bbox 159 1683 201 1716; x_wconf 88' lang='lat' dir='ltr'><strong>ab</strong></span> <span class='ocrx_word' id='word_1_308' title='bbox 227 1683 405 1718; x_wconf 85' lang='lat' dir='ltr'><strong>haereticis</strong></span> <span class='ocrx_word' id='word_1_309' title='bbox 430 1684 662 1728; x_wconf 84' lang='lat' dir='ltr'><strong>proferuntur,</strong></span> <span class='ocrx_word' id='word_1_310' title='bbox 695 1695 783 1728; x_wconf 86' lang='lat' dir='ltr'><strong>quae</strong></span> <span class='ocrx_word' id='word_1_311' title='bbox 811 1684 922 1717; x_wconf 85' lang='lat' dir='ltr'><strong>omnia</strong></span> <span class='ocrx_word' id='word_1_312' title='bbox 949 1684 1011 1717; x_wconf 87' lang='lat' dir='ltr'><strong>sub</strong></span> <span class='ocrx_word' id='word_1_313' title='bbox 1038 1685 1173 1718; x_wconf 87' lang='lat' dir='ltr'><strong>nomine</strong></span> <span class='ocrx_word' id='word_1_314' title='bbox 1183 1681 1208 1702; x_wconf 74' lang='lat'><strong>⁵⁸</strong></span> <span class='ocrx_word' id='word_1_315' title='bbox 1232 1683 1509 1730; x_wconf 68' lang='lat' dir='ltr'><strong>apocryphorum</strong></span> <span class='ocrx_word' id='word_1_316' title='bbox 1535 1681 1732 1716; x_wconf 88' lang='lat' dir='ltr'><strong>auctoritate</strong></span> <span class='ocrx_word' id='word_1_317' title='bbox 1764 1680 1924 1714; x_wconf 86' lang='lat' dir='ltr'><strong>canonica</strong></span> <span class='ocrx_word' id='word_1_318' title='bbox 1950 1678 2004 1711; x_wconf 85' lang='lat' dir='ltr'><strong>di-</strong></span> 
     </span>
    </p>
   </div>
   <div class='ocr_carea' id='block_1_37' title="bbox 55 1735 698 1780">
    <p class='ocr_par' dir='ltr' id='par_1_37' title="bbox 55 1735 698 1780">
     <span class='ocr_line' id='line_1_48' title="bbox 55 1735 698 1780; baseline 0 -12"><span class='ocrx_word' id='word_1_319' title='bbox 55 1735 171 1780; x_wconf 87' lang='lat' dir='ltr'><strong>ligenti</strong></span> <span class='ocrx_word' id='word_1_320' title='bbox 196 1736 435 1769; x_wconf 84' lang='lat' dir='ltr'><strong>examinatione</strong></span> <span class='ocrx_word' id='word_1_321' title='bbox 460 1741 590 1770; x_wconf 87' lang='lat' dir='ltr'><strong>remota</strong></span> <span class='ocrx_word' id='word_1_322' title='bbox 615 1740 698 1769; x_wconf 87' lang='lat' dir='ltr'><strong>sunt.</strong></span> 
     </span>
    </p>
   </div>
   <div class='ocr_carea' id='block_1_38' title="bbox 56 1843 1009 2397">
    <p class='ocr_par' dir='ltr' id='par_1_38' title="bbox 56 1843 1009 2397">
     <span class='ocr_line' id='line_1_49' title="bbox 56 1843 1008 1884; baseline 0 -11"><span class='ocrx_word' id='word_1_323' title='bbox 56 1844 106 1879; x_wconf 78' lang='lat'><strong>80)</strong></span> <span class='ocrx_word' id='word_1_324' title='bbox 128 1844 177 1872; x_wconf 84' lang='lat' dir='ltr'><strong>Sic</strong></span> <span class='ocrx_word' id='word_1_325' title='bbox 200 1844 257 1872; x_wconf 91' lang='lat' dir='ltr'><strong>Gu.</strong></span> <span class='ocrx_word' id='word_1_326' title='bbox 280 1847 307 1877; x_wconf 91' lang='lat'><strong>1.</strong></span> <span class='ocrx_word' id='word_1_327' title='bbox 325 1861 367 1866; x_wconf 96' lang='lat'><strong>—</strong></span> <span class='ocrx_word' id='word_1_328' title='bbox 391 1844 479 1882; x_wconf 82' lang='lat' dir='ltr'><strong>Vulg.</strong></span> <span class='ocrx_word' id='word_1_329' title='bbox 502 1853 581 1884; x_wconf 82' lang='lat' dir='ltr'><strong>quae</strong></span> <span class='ocrx_word' id='word_1_330' title='bbox 603 1851 659 1884; x_wconf 73' lang='lat' dir='ltr'><strong>teg.</strong></span> <span class='ocrx_word' id='word_1_331' title='bbox 683 1847 716 1873; x_wconf 87' lang='lat' dir='ltr'><strong>in</strong></span> <span class='ocrx_word' id='word_1_332' title='bbox 738 1843 857 1874; x_wconf 66' lang='lat' dir='ltr'><strong>advent.</strong></span> <span class='ocrx_word' id='word_1_333' title='bbox 884 1844 1008 1873; x_wconf 79' lang='lat' dir='ltr'><strong>Chr.—</strong></span> 
     </span>
     <span class='ocr_line' id='line_1_50' title="bbox 56 1885 1008 1927; baseline 0 -13"><span class='ocrx_word' id='word_1_334' title='bbox 56 1885 106 1924; x_wconf 81' lang='lat'><strong>81)</strong></span> <span class='ocrx_word' id='word_1_335' title='bbox 130 1887 210 1914; x_wconf 84' lang='lat' dir='ltr'><strong>enim</strong></span> <span class='ocrx_word' id='word_1_336' title='bbox 232 1887 291 1916; x_wconf 91' lang='lat' dir='ltr'><strong>Gu.</strong></span> <span class='ocrx_word' id='word_1_337' title='bbox 314 1889 340 1919; x_wconf 86' lang='lat'><strong>1.</strong></span> <span class='ocrx_word' id='word_1_338' title='bbox 368 1887 433 1916; x_wconf 85' lang='lat' dir='ltr'><strong>Om.</strong></span> <span class='ocrx_word' id='word_1_339' title='bbox 448 1897 494 1916; x_wconf 86' lang='lat' dir='ltr'><strong>va.</strong></span> <span class='ocrx_word' id='word_1_340' title='bbox 523 1905 562 1909; x_wconf 96' lang='lat'><strong>—</strong></span> <span class='ocrx_word' id='word_1_341' title='bbox 592 1891 641 1927; x_wconf 64' lang='lat'><strong>3⁶2)</strong></span> <span class='ocrx_word' id='word_1_342' title='bbox 673 1888 729 1919; x_wconf 77' lang='lat' dir='ltr'><strong>Gu.</strong></span> <span class='ocrx_word' id='word_1_343' title='bbox 752 1891 779 1920; x_wconf 88' lang='grc'><strong>1,</strong></span> <span class='ocrx_word' id='word_1_344' title='bbox 817 1888 1008 1925; x_wconf 60' lang='lat' dir='ltr'><strong>evangellum</strong></span> 
     </span>
     <span class='ocr_line' id='line_1_51' title="bbox 57 1928 1009 1970; baseline 0 -13"><span class='ocrx_word' id='word_1_345' title='bbox 57 1928 170 1957; x_wconf 79' lang='lat' dir='ltr'><strong>bonum</strong></span> <span class='ocrx_word' id='word_1_346' title='bbox 185 1930 383 1957; x_wconf 79' lang='lat' dir='ltr'><strong>annunciatio</strong></span> <span class='ocrx_word' id='word_1_347' title='bbox 396 1929 511 1958; x_wconf 77' lang='lat' dir='ltr'><strong>dicitnr</strong></span> <span class='ocrx_word' id='word_1_348' title='bbox 522 1929 643 1959; x_wconf 80' lang='lat' dir='ltr'><strong>exhibet</strong></span> <span class='ocrx_word' id='word_1_349' title='bbox 655 1941 713 1970; x_wconf 85' lang='lat' dir='ltr'><strong>pro</strong></span> <span class='ocrx_word' id='word_1_350' title='bbox 730 1941 779 1960; x_wconf 89' lang='lat' dir='ltr'><strong>vv.</strong></span> <span class='ocrx_word' id='word_1_351' title='bbox 799 1931 912 1959; x_wconf 82' lang='lat' dir='ltr'><strong>Graece</strong></span> <span class='ocrx_word' id='word_1_352' title='bbox 929 1931 1009 1958; x_wconf 85' lang='lat' dir='ltr'><strong>enim</strong></span> 
     </span>
     <span class='ocr_line' id='line_1_52' title="bbox 58 1967 1008 2012; baseline 0.001 -11"><span class='ocrx_word' id='word_1_353' title='bbox 58 1967 92 2001; x_wconf 78' lang='grc' dir='ltr'><strong>εὖ</strong></span> <span class='ocrx_word' id='word_1_354' title='bbox 115 1972 201 2009; x_wconf 79' lang='lat' dir='ltr'><strong>bene,</strong></span> <span class='ocrx_word' id='word_1_355' title='bbox 229 1969 348 2012; x_wconf 71' lang='grc' dir='ltr'><em>ἄγγελία</em></span> <span class='ocrx_word' id='word_1_356' title='bbox 371 1971 486 2000; x_wconf 73' lang='lat' dir='ltr'><strong>dicitur</strong></span> <span class='ocrx_word' id='word_1_357' title='bbox 513 1975 725 2005; x_wconf 75' lang='lat' dir='ltr'><strong>annunciatio,</strong></span> <span class='ocrx_word' id='word_1_358' title='bbox 770 1973 923 2002; x_wconf 83' lang='lat' dir='ltr'><strong>Cousentit</strong></span> <span class='ocrx_word' id='word_1_359' title='bbox 952 1982 1008 2009; x_wconf 65' lang='lat' dir='ltr'><strong>va„</strong></span> 
     </span>
     <span class='ocr_line' id='line_1_53' title="bbox 56 2013 1008 2054; baseline 0 -12"><span class='ocrx_word' id='word_1_360' title='bbox 56 2013 114 2043; x_wconf 73' lang='lat' dir='ltr'><strong>nisi</strong></span> <span class='ocrx_word' id='word_1_361' title='bbox 149 2014 229 2053; x_wconf 86' lang='lat' dir='ltr'><strong>quod</strong></span> <span class='ocrx_word' id='word_1_362' title='bbox 261 2014 417 2053; x_wconf 70' lang='lat' dir='ltr'><strong>angelium</strong></span> <span class='ocrx_word' id='word_1_363' title='bbox 454 2015 583 2054; x_wconf 85' lang='lat' dir='ltr'><strong>praebet.</strong></span> <span class='ocrx_word' id='word_1_364' title='bbox 642 2018 856 2045; x_wconf 78' lang='lat' dir='ltr'><strong>Annunciatio</strong></span> <span class='ocrx_word' id='word_1_365' title='bbox 892 2015 1008 2043; x_wconf 76' lang='lat' dir='ltr'><strong>dicitur</strong></span> 
     </span>
     <span class='ocr_line' id='line_1_54' title="bbox 57 2056 1006 2096; baseline 0.001 -11"><span class='ocrx_word' id='word_1_366' title='bbox 57 2056 179 2086; x_wconf 83' lang='lat' dir='ltr'><strong>exhibet</strong></span> <span class='ocrx_word' id='word_1_367' title='bbox 201 2057 289 2086; x_wconf 81' lang='lat' dir='ltr'><strong>etiam</strong></span> <span class='ocrx_word' id='word_1_368' title='bbox 313 2058 369 2088; x_wconf 87' lang='lat' dir='ltr'><strong>Gu.</strong></span> <span class='ocrx_word' id='word_1_369' title='bbox 394 2060 425 2089; x_wconf 83' lang='grc'>2.</span> <span class='ocrx_word' id='word_1_370' title='bbox 450 2076 489 2081; x_wconf 85' lang='grc'>-</span> <span class='ocrx_word' id='word_1_371' title='bbox 523 2058 569 2096; x_wconf 88' lang='grc'><strong>33)</strong></span> <span class='ocrx_word' id='word_1_372' title='bbox 593 2058 642 2087; x_wconf 85' lang='lat' dir='ltr'><strong>Sic</strong></span> <span class='ocrx_word' id='word_1_373' title='bbox 664 2060 721 2089; x_wconf 90' lang='lat' dir='ltr'><strong>Gu.</strong></span> <span class='ocrx_word' id='word_1_374' title='bbox 738 2063 764 2092; x_wconf 88' lang='lat'><strong>1.</strong></span> <span class='ocrx_word' id='word_1_375' title='bbox 784 2063 812 2092; x_wconf 82' lang='grc'>2.</span> <span class='ocrx_word' id='word_1_376' title='bbox 837 2069 884 2087; x_wconf 85' lang='lat' dir='ltr'><strong>va.</strong></span> <span class='ocrx_word' id='word_1_377' title='bbox 902 2058 1006 2087; x_wconf 65' lang='lat' dir='ltr'><strong>An·—</strong></span> 
     </span>
     <span class='ocr_line' id='line_1_55' title="bbox 58 2097 1005 2141; baseline 0.003 -14"><span class='ocrx_word' id='word_1_378' title='bbox 58 2097 173 2128; x_wconf 77' lang='lat' dir='ltr'><strong>dicitur</strong></span> <span class='ocrx_word' id='word_1_379' title='bbox 194 2100 276 2138; x_wconf 88' lang='lat' dir='ltr'><strong>vulg.</strong></span> <span class='ocrx_word' id='word_1_380' title='bbox 297 2116 340 2122; x_wconf 91' lang='lat'><strong>-—</strong></span> <span class='ocrx_word' id='word_1_381' title='bbox 369 2102 414 2134; x_wconf 85' lang='grc'><strong>34)</strong></span> <span class='ocrx_word' id='word_1_382' title='bbox 436 2109 510 2128; x_wconf 73' lang='lat' dir='ltr'><strong>suas</strong></span> <span class='ocrx_word' id='word_1_383' title='bbox 532 2110 590 2130; x_wconf 88' lang='lat' dir='ltr'><strong>orn.</strong></span> <span class='ocrx_word' id='word_1_384' title='bbox 615 2110 661 2140; x_wconf 86' lang='lat' dir='ltr'><strong>pr.</strong></span> <span class='ocrx_word' id='word_1_385' title='bbox 681 2112 728 2131; x_wconf 86' lang='lat' dir='ltr'><strong>va.</strong></span> <span class='ocrx_word' id='word_1_386' title='bbox 754 2118 788 2124; x_wconf 76' lang='lat'><em>-</em></span> <span class='ocrx_word' id='word_1_387' title='bbox 816 2100 865 2141; x_wconf 86' lang='grc'><strong>35)</strong></span> <span class='ocrx_word' id='word_1_388' title='bbox 880 2100 928 2129; x_wconf 86' lang='lat' dir='ltr'><strong>Sic</strong></span> <span class='ocrx_word' id='word_1_389' title='bbox 948 2101 1005 2130; x_wconf 90' lang='lat' dir='ltr'><strong>Gu.</strong></span> 
     </span>
     <span class='ocr_line' id='line_1_56' title="bbox 60 2142 1005 2181; baseline -0.001 -9"><span class='ocrx_word' id='word_1_390' title='bbox 60 2143 87 2173; x_wconf 92' lang='lat'><strong>1.</strong></span> <span class='ocrx_word' id='word_1_391' title='bbox 106 2159 149 2166; x_wconf 85' lang='lat'>—</span> <span class='ocrx_word' id='word_1_392' title='bbox 171 2152 205 2170; x_wconf 79' lang='lat' dir='ltr'><strong>ex</strong></span> <span class='ocrx_word' id='word_1_393' title='bbox 226 2143 307 2181; x_wconf 84' lang='lat' dir='ltr'><strong>vulg.</strong></span> <span class='ocrx_word' id='word_1_394' title='bbox 329 2158 372 2164; x_wconf 89' lang='lat'>—</span> <span class='ocrx_word' id='word_1_395' title='bbox 394 2142 441 2179; x_wconf 83' lang='lat'><strong>36)</strong></span> <span class='ocrx_word' id='word_1_396' title='bbox 464 2147 574 2181; x_wconf 70' lang='lat' dir='ltr'><strong>septem</strong></span> <span class='ocrx_word' id='word_1_397' title='bbox 597 2153 654 2173; x_wconf 89' lang='lat' dir='ltr'><strong>om.</strong></span> <span class='ocrx_word' id='word_1_398' title='bbox 676 2154 724 2175; x_wconf 84' lang='lat' dir='ltr'><strong>va.</strong></span> <span class='ocrx_word' id='word_1_399' title='bbox 756 2161 793 2166; x_wconf 79' lang='lat'>-</span> <span class='ocrx_word' id='word_1_400' title='bbox 830 2145 878 2181; x_wconf 81' lang='lat'><strong>37)</strong></span> <span class='ocrx_word' id='word_1_401' title='bbox 901 2149 929 2171; x_wconf 81' lang='lat' dir='ltr'><strong>et</strong></span> <span class='ocrx_word' id='word_1_402' title='bbox 955 2143 1005 2172; x_wconf 81' lang='lat' dir='ltr'><strong>ad-</strong></span> 
     </span>
     <span class='ocr_line' id='line_1_57' title="bbox 57 2182 1004 2226; baseline 0.002 -13"><span class='ocrx_word' id='word_1_403' title='bbox 57 2182 122 2214; x_wconf 83' lang='lat' dir='ltr'><strong>didi</strong></span> <span class='ocrx_word' id='word_1_404' title='bbox 143 2195 160 2215; x_wconf 77' lang='lat' dir='ltr'><strong>e</strong></span> <span class='ocrx_word' id='word_1_405' title='bbox 182 2184 240 2214; x_wconf 87' lang='lat' dir='ltr'><strong>Gu.</strong></span> <span class='ocrx_word' id='word_1_406' title='bbox 264 2188 290 2216; x_wconf 90' lang='lat'><strong>1.</strong></span> <span class='ocrx_word' id='word_1_407' title='bbox 321 2201 363 2207; x_wconf 90' lang='lat'>—</span> <span class='ocrx_word' id='word_1_408' title='bbox 398 2185 446 2221; x_wconf 82' lang='grc'><strong>38)</strong></span> <span class='ocrx_word' id='word_1_409' title='bbox 469 2184 555 2224; x_wconf 80' lang='lat' dir='ltr'><strong>Vulg.</strong></span> <span class='ocrx_word' id='word_1_410' title='bbox 578 2196 599 2213; x_wconf 90' lang='lat' dir='ltr'><strong>a</strong></span> <span class='ocrx_word' id='word_1_411' title='bbox 620 2187 790 2226; x_wconf 76' lang='lat' dir='ltr'><strong>plerisque,</strong></span> <span class='ocrx_word' id='word_1_412' title='bbox 821 2186 873 2215; x_wconf 87' lang='lat' dir='ltr'><strong>sed</strong></span> <span class='ocrx_word' id='word_1_413' title='bbox 903 2197 923 2214; x_wconf 88' lang='lat' dir='ltr'><strong>a</strong></span> <span class='ocrx_word' id='word_1_414' title='bbox 947 2196 1004 2216; x_wconf 89' lang='lat' dir='ltr'><strong>om.</strong></span> 
     </span>
     <span class='ocr_line' id='line_1_58' title="bbox 58 2227 1007 2268; baseline 0.003 -13"><span class='ocrx_word' id='word_1_415' title='bbox 58 2227 115 2257; x_wconf 88' lang='lat' dir='ltr'><strong>Gu.</strong></span> <span class='ocrx_word' id='word_1_416' title='bbox 138 2231 165 2260; x_wconf 86' lang='lat'><strong>1.</strong></span> <span class='ocrx_word' id='word_1_417' title='bbox 192 2244 234 2250; x_wconf 89' lang='lat'>—</span> <span class='ocrx_word' id='word_1_418' title='bbox 262 2227 310 2267; x_wconf 84' lang='lat'><strong>39)</strong></span> <span class='ocrx_word' id='word_1_419' title='bbox 334 2228 535 2266; x_wconf 72' lang='lat' dir='ltr'><strong>conscriptam</strong></span> <span class='ocrx_word' id='word_1_420' title='bbox 553 2228 590 2257; x_wconf 87' lang='lat' dir='ltr'><strong>al.</strong></span> <span class='ocrx_word' id='word_1_421' title='bbox 612 2245 652 2251; x_wconf 91' lang='lat'><strong>—</strong></span> <span class='ocrx_word' id='word_1_422' title='bbox 675 2230 723 2268; x_wconf 88' lang='grc'><strong>40)</strong></span> <span class='ocrx_word' id='word_1_423' title='bbox 742 2235 892 2258; x_wconf 81' lang='lat' dir='ltr'><strong>testantur</strong></span> <span class='ocrx_word' id='word_1_424' title='bbox 912 2229 951 2258; x_wconf 88' lang='lat' dir='ltr'><strong>al.</strong></span> <span class='ocrx_word' id='word_1_425' title='bbox 969 2247 1007 2251; x_wconf 90' lang='lat'>—</span> 
     </span>
     <span class='ocr_line' id='line_1_59' title="bbox 57 2269 1003 2310; baseline 0.002 -12"><span class='ocrx_word' id='word_1_426' title='bbox 57 2270 105 2307; x_wconf 80' lang='lat'><strong>41)</strong></span> <span class='ocrx_word' id='word_1_427' title='bbox 122 2272 286 2298; x_wconf 81' lang='lat' dir='ltr'><strong>canonicae</strong></span> <span class='ocrx_word' id='word_1_428' title='bbox 307 2270 343 2299; x_wconf 83' lang='lat' dir='ltr'><strong>al.</strong></span> <span class='ocrx_word' id='word_1_429' title='bbox 366 2286 407 2293; x_wconf 90' lang='lat'><strong>-—</strong></span> <span class='ocrx_word' id='word_1_430' title='bbox 437 2269 487 2310; x_wconf 68' lang='lat'><strong>42)</strong></span> <span class='ocrx_word' id='word_1_431' title='bbox 509 2270 596 2298; x_wconf 86' lang='lat' dir='ltr'><strong>Hunc</strong></span> <span class='ocrx_word' id='word_1_432' title='bbox 619 2271 779 2301; x_wconf 87' lang='lat' dir='ltr'><strong>articulum</strong></span> <span class='ocrx_word' id='word_1_433' title='bbox 803 2283 860 2301; x_wconf 89' lang='lat' dir='ltr'><strong>om.</strong></span> <span class='ocrx_word' id='word_1_434' title='bbox 886 2273 940 2300; x_wconf 90' lang='lat' dir='ltr'><strong>Gu.</strong></span> <span class='ocrx_word' id='word_1_435' title='bbox 966 2274 1003 2306; x_wconf 91' lang='lat'><strong>1.‚</strong></span> 
     </span>
     <span class='ocr_line' id='line_1_60' title="bbox 57 2312 1002 2353; baseline 0 -11"><span class='ocrx_word' id='word_1_436' title='bbox 57 2312 110 2342; x_wconf 76' lang='lat' dir='ltr'><strong>sed</strong></span> <span class='ocrx_word' id='word_1_437' title='bbox 132 2322 234 2342; x_wconf 86' lang='lat' dir='ltr'><strong>errore</strong></span> <span class='ocrx_word' id='word_1_438' title='bbox 248 2313 371 2353; x_wconf 88' lang='lat' dir='ltr'><strong>opinor,</strong></span> <span class='ocrx_word' id='word_1_439' title='bbox 395 2322 485 2351; x_wconf 85' lang='lat' dir='ltr'><strong>quum</strong></span> <span class='ocrx_word' id='word_1_440' title='bbox 504 2313 600 2341; x_wconf 79' lang='lat' dir='ltr'><strong>omnia</strong></span> <span class='ocrx_word' id='word_1_441' title='bbox 617 2314 688 2342; x_wconf 83' lang='lat' dir='ltr'><strong>novi</strong></span> <span class='ocrx_word' id='word_1_442' title='bbox 708 2314 876 2344; x_wconf 78' lang='lat' dir='ltr'><strong>testamenti</strong></span> <span class='ocrx_word' id='word_1_443' title='bbox 889 2314 1002 2353; x_wconf 86' lang='lat' dir='ltr'><strong>scripta</strong></span> 
     </span>
     <span class='ocr_line' id='line_1_61' title="bbox 57 2354 1002 2397; baseline 0.002 -12"><span class='ocrx_word' id='word_1_444' title='bbox 57 2359 261 2395; x_wconf 77' lang='lat' dir='ltr'><strong>peraequatur.</strong></span> <span class='ocrx_word' id='word_1_445' title='bbox 274 2372 316 2380; x_wconf 90' lang='lat'><strong>—-</strong></span> <span class='ocrx_word' id='word_1_446' title='bbox 337 2354 385 2397; x_wconf 81' lang='lat'><strong>43)</strong></span> <span class='ocrx_word' id='word_1_447' title='bbox 402 2366 479 2384; x_wconf 71' lang='lat' dir='ltr'><strong>suas</strong></span> <span class='ocrx_word' id='word_1_448' title='bbox 500 2355 636 2396; x_wconf 68' lang='lat' dir='ltr'><strong>reliquas</strong></span> <span class='ocrx_word' id='word_1_449' title='bbox 656 2357 799 2396; x_wconf 73' lang='lat' dir='ltr'><strong>epistolas</strong></span> <span class='ocrx_word' id='word_1_450' title='bbox 814 2358 852 2389; x_wconf 81' lang='lat' dir='ltr'><strong>al.</strong></span> <span class='ocrx_word' id='word_1_451' title='bbox 867 2373 910 2380; x_wconf 93' lang='lat'>—</span> <span class='ocrx_word' id='word_1_452' title='bbox 928 2367 1002 2386; x_wconf 68' lang='lat' dir='ltr'><strong>suas</strong></span> 
     </span>
    </p>
   </div>
   <div class='ocr_carea' id='block_1_39' title="bbox 1043 1838 2002 2398">
    <p class='ocr_par' dir='ltr' id='par_1_39' title="bbox 1043 1838 2002 2398">
     <span class='ocr_line' id='line_1_62' title="bbox 1052 1838 2002 1879; baseline -0.008 -6"><span class='ocrx_word' id='word_1_453' title='bbox 1052 1854 1109 1873; x_wconf 90' lang='lat' dir='ltr'><strong>om.</strong></span> <span class='ocrx_word' id='word_1_454' title='bbox 1134 1844 1191 1873; x_wconf 92' lang='lat' dir='ltr'><strong>Gu.</strong></span> <span class='ocrx_word' id='word_1_455' title='bbox 1211 1846 1243 1876; x_wconf 85' lang='grc'>2.</span> <span class='ocrx_word' id='word_1_456' title='bbox 1273 1860 1316 1866; x_wconf 93' lang='lat'><strong>--</strong></span> <span class='ocrx_word' id='word_1_457' title='bbox 1351 1845 1398 1878; x_wconf 78' lang='lat'><strong>44)</strong></span> <span class='ocrx_word' id='word_1_458' title='bbox 1420 1844 1469 1873; x_wconf 88' lang='lat' dir='ltr'><strong>Sic</strong></span> <span class='ocrx_word' id='word_1_459' title='bbox 1491 1841 1549 1872; x_wconf 88' lang='lat' dir='ltr'><strong>Gu.</strong></span> <span class='ocrx_word' id='word_1_460' title='bbox 1577 1845 1606 1874; x_wconf 93' lang='lat'><strong>1.</strong></span> <span class='ocrx_word' id='word_1_461' title='bbox 1632 1857 1670 1864; x_wconf 80' lang='lat'><strong>-·</strong></span> <span class='ocrx_word' id='word_1_462' title='bbox 1692 1841 1797 1879; x_wconf 67' lang='lat' dir='ltr'><strong>script.</strong></span> <span class='ocrx_word' id='word_1_463' title='bbox 1822 1841 1899 1868; x_wconf 86' lang='lat' dir='ltr'><strong>Luc.</strong></span> <span class='ocrx_word' id='word_1_464' title='bbox 1922 1838 2002 1876; x_wconf 82' lang='lat' dir='ltr'><strong>vulg.</strong></span> 
     </span>
     <span class='ocr_line' id='line_1_63' title="bbox 1051 1882 1999 1926; baseline -0.007 -10"><span class='ocrx_word' id='word_1_465' title='bbox 1051 1905 1090 1910; x_wconf 89' lang='lat'><strong>--</strong></span> <span class='ocrx_word' id='word_1_466' title='bbox 1113 1888 1158 1917; x_wconf 65' lang='lat'><strong>45)</strong></span> <span class='ocrx_word' id='word_1_467' title='bbox 1176 1888 1336 1926; x_wconf 70' lang='lat' dir='ltr'><strong>affirmant</strong></span> <span class='ocrx_word' id='word_1_468' title='bbox 1358 1887 1428 1917; x_wconf 84' lang='lat' dir='ltr'><strong>add.</strong></span> <span class='ocrx_word' id='word_1_469' title='bbox 1447 1886 1528 1924; x_wconf 83' lang='lat' dir='ltr'><strong>vulg.</strong></span> <span class='ocrx_word' id='word_1_470' title='bbox 1543 1885 1594 1914; x_wconf 89' lang='lat' dir='ltr'><strong>Ar.</strong></span> <span class='ocrx_word' id='word_1_471' title='bbox 1610 1894 1658 1915; x_wconf 85' lang='lat' dir='ltr'><strong>va.</strong></span> <span class='ocrx_word' id='word_1_472' title='bbox 1681 1893 1728 1923; x_wconf 83' lang='lat' dir='ltr'><strong>pr.</strong></span> <span class='ocrx_word' id='word_1_473' title='bbox 1744 1888 1773 1912; x_wconf 89' lang='lat' dir='ltr'><strong>et</strong></span> <span class='ocrx_word' id='word_1_474' title='bbox 1787 1893 1850 1912; x_wconf 78' lang='lat' dir='ltr'><strong>var.</strong></span> <span class='ocrx_word' id='word_1_475' title='bbox 1866 1882 1936 1911; x_wconf 86' lang='lat' dir='ltr'><strong>lect.</strong></span> <span class='ocrx_word' id='word_1_476' title='bbox 1953 1891 1999 1920; x_wconf 87' lang='lat' dir='ltr'><strong>ap.</strong></span> 
     </span>
     <span class='ocr_line' id='line_1_64' title="bbox 1051 1924 1982 1959; baseline -0.008 0"><span class='ocrx_word' id='word_1_477' title='bbox 1051 1929 1141 1959; x_wconf 83' lang='lat' dir='ltr'><strong>Goth.</strong></span> <span class='ocrx_word' id='word_1_478' title='bbox 1156 1936 1275 1958; x_wconf 68' lang='lat' dir='ltr'><strong>constat</strong></span> <span class='ocrx_word' id='word_1_479' title='bbox 1293 1947 1327 1951; x_wconf 91' lang='lat'>—</span> <span class='ocrx_word' id='word_1_480' title='bbox 1348 1931 1489 1958; x_wconf 69' lang='lat' dir='ltr'><strong>novimus</strong></span> <span class='ocrx_word' id='word_1_481' title='bbox 1503 1929 1540 1957; x_wconf 87' lang='lat' dir='ltr'><strong>al.</strong></span> <span class='ocrx_word' id='word_1_482' title='bbox 1553 1943 1596 1950; x_wconf 94' lang='lat'><strong>——</strong></span> <span class='ocrx_word' id='word_1_483' title='bbox 1609 1926 1769 1955; x_wconf 74' lang='lat' dir='ltr'><strong>constabat</strong></span> <span class='ocrx_word' id='word_1_484' title='bbox 1784 1926 1823 1955; x_wconf 82' lang='lat' dir='ltr'><strong>al.</strong></span> <span class='ocrx_word' id='word_1_485' title='bbox 1847 1924 1929 1954; x_wconf 81' lang='lat' dir='ltr'><strong>Nihil</strong></span> <span class='ocrx_word' id='word_1_486' title='bbox 1943 1924 1982 1953; x_wconf 91' lang='lat' dir='ltr'><strong>ho</strong></span> 
     </span>
     <span class='ocr_line' id='line_1_65' title="bbox 1050 1968 1998 2005; baseline -0.007 -4"><span class='ocrx_word' id='word_1_487' title='bbox 1050 1983 1118 2002; x_wconf 86' lang='lat' dir='ltr'><strong>rum</strong></span> <span class='ocrx_word' id='word_1_488' title='bbox 1138 1971 1258 2002; x_wconf 76' lang='lat' dir='ltr'><strong>exhibet</strong></span> <span class='ocrx_word' id='word_1_489' title='bbox 1281 1972 1337 2001; x_wconf 92' lang='lat' dir='ltr'><strong>Gu.</strong></span> <span class='ocrx_word' id='word_1_490' title='bbox 1363 1976 1390 2004; x_wconf 91' lang='lat'><strong>1.</strong></span> <span class='ocrx_word' id='word_1_491' title='bbox 1413 1976 1441 2004; x_wconf 84' lang='lat'><strong>2.</strong></span> <span class='ocrx_word' id='word_1_492' title='bbox 1470 1987 1512 1995; x_wconf 93' lang='lat'><strong>-—</strong></span> <span class='ocrx_word' id='word_1_493' title='bbox 1539 1972 1584 2005; x_wconf 80' lang='lat'><strong>46)</strong></span> <span class='ocrx_word' id='word_1_494' title='bbox 1608 1971 1657 1998; x_wconf 85' lang='lat' dir='ltr'><strong>Sie</strong></span> <span class='ocrx_word' id='word_1_495' title='bbox 1683 1970 1740 1998; x_wconf 87' lang='lat' dir='ltr'><strong>Gu.</strong></span> <span class='ocrx_word' id='word_1_496' title='bbox 1762 1971 1790 2000; x_wconf 89' lang='lat'><strong>1.</strong></span> <span class='ocrx_word' id='word_1_497' title='bbox 1811 1970 1842 1999; x_wconf 82' lang='lat'><strong>2.</strong></span> <span class='ocrx_word' id='word_1_498' title='bbox 1863 1968 1911 1996; x_wconf 82' lang='lat' dir='ltr'><strong>Ar.</strong></span> <span class='ocrx_word' id='word_1_499' title='bbox 1934 1977 1998 1996; x_wconf 79' lang='lat' dir='ltr'><strong>var.</strong></span> 
     </span>
     <span class='ocr_line' id='line_1_66' title="bbox 1048 2010 1998 2055; baseline -0.006 -11"><span class='ocrx_word' id='word_1_500' title='bbox 1048 2015 1116 2045; x_wconf 85' lang='lat' dir='ltr'><strong>lect.</strong></span> <span class='ocrx_word' id='word_1_501' title='bbox 1140 2026 1187 2055; x_wconf 90' lang='lat' dir='ltr'><strong>ap.</strong></span> <span class='ocrx_word' id='word_1_502' title='bbox 1211 2015 1298 2044; x_wconf 85' lang='lat' dir='ltr'><strong>Goth.</strong></span> <span class='ocrx_word' id='word_1_503' title='bbox 1318 2031 1357 2037; x_wconf 87' lang='lat'><strong>·—-·</strong></span> <span class='ocrx_word' id='word_1_504' title='bbox 1375 2015 1461 2053; x_wconf 81' lang='lat' dir='ltr'><strong>Vulg.</strong></span> <span class='ocrx_word' id='word_1_505' title='bbox 1479 2015 1656 2042; x_wconf 70' lang='lat' dir='ltr'><strong>continetur.</strong></span> <span class='ocrx_word' id='word_1_506' title='bbox 1669 2028 1709 2035; x_wconf 89' lang='lat'>-</span> <span class='ocrx_word' id='word_1_507' title='bbox 1731 2010 1778 2051; x_wconf 91' lang='grc'><strong>47)</strong></span> <span class='ocrx_word' id='word_1_508' title='bbox 1795 2011 1842 2039; x_wconf 92' lang='lat' dir='ltr'><strong>Sic</strong></span> <span class='ocrx_word' id='word_1_509' title='bbox 1861 2011 1916 2038; x_wconf 89' lang='lat' dir='ltr'><strong>Gu.</strong></span> <span class='ocrx_word' id='word_1_510' title='bbox 1933 2011 1998 2041; x_wconf 83' lang='lat'><strong>1.2.</strong></span> 
     </span>
     <span class='ocr_line' id='line_1_67' title="bbox 1048 2053 1997 2097; baseline -0.007 -10"><span class='ocrx_word' id='word_1_511' title='bbox 1048 2068 1093 2086; x_wconf 87' lang='lat' dir='ltr'><strong>va.</strong></span> <span class='ocrx_word' id='word_1_512' title='bbox 1112 2059 1161 2087; x_wconf 86' lang='lat' dir='ltr'><strong>Ar.</strong></span> <span class='ocrx_word' id='word_1_513' title='bbox 1183 2075 1225 2080; x_wconf 90' lang='lat'><strong>—-</strong></span> <span class='ocrx_word' id='word_1_514' title='bbox 1249 2059 1430 2097; x_wconf 70' lang='lat' dir='ltr'><strong>conscripsit</strong></span> <span class='ocrx_word' id='word_1_515' title='bbox 1452 2057 1532 2095; x_wconf 86' lang='lat' dir='ltr'><strong>vulg.</strong></span> <span class='ocrx_word' id='word_1_516' title='bbox 1554 2072 1596 2078; x_wconf 92' lang='lat'><strong>—-</strong></span> <span class='ocrx_word' id='word_1_517' title='bbox 1617 2055 1665 2093; x_wconf 81' lang='lat'><strong>48)</strong></span> <span class='ocrx_word' id='word_1_518' title='bbox 1689 2053 1824 2083; x_wconf 63' lang='lat' dir='ltr'><strong>creditur</strong></span> <span class='ocrx_word' id='word_1_519' title='bbox 1838 2053 1875 2084; x_wconf 82' lang='lat' dir='ltr'><strong>al.</strong></span> <span class='ocrx_word' id='word_1_520' title='bbox 1893 2057 1921 2081; x_wconf 76' lang='lat' dir='ltr'><strong>et</strong></span> <span class='ocrx_word' id='word_1_521' title='bbox 1936 2062 1997 2081; x_wconf 86' lang='lat' dir='ltr'><strong>var.</strong></span> 
     </span>
     <span class='ocr_line' id='line_1_68' title="bbox 1046 2095 1996 2140; baseline -0.006 -10"><span class='ocrx_word' id='word_1_522' title='bbox 1046 2100 1115 2131; x_wconf 82' lang='lat' dir='ltr'><strong>lect.</strong></span> <span class='ocrx_word' id='word_1_523' title='bbox 1138 2112 1186 2140; x_wconf 86' lang='lat' dir='ltr'><strong>ap.</strong></span> <span class='ocrx_word' id='word_1_524' title='bbox 1209 2100 1299 2130; x_wconf 81' lang='lat' dir='ltr'><strong>Goth.</strong></span> <span class='ocrx_word' id='word_1_525' title='bbox 1320 2117 1362 2122; x_wconf 97' lang='lat'><strong>—</strong></span> <span class='ocrx_word' id='word_1_526' title='bbox 1385 2099 1432 2140; x_wconf 78' lang='lat'><strong>49)</strong></span> <span class='ocrx_word' id='word_1_527' title='bbox 1449 2106 1477 2128; x_wconf 74' lang='lat' dir='ltr'><strong>et</strong></span> <span class='ocrx_word' id='word_1_528' title='bbox 1499 2099 1628 2128; x_wconf 76' lang='lat' dir='ltr'><strong>obscura</strong></span> <span class='ocrx_word' id='word_1_529' title='bbox 1650 2097 1719 2127; x_wconf 84' lang='lat' dir='ltr'><strong>add.</strong></span> <span class='ocrx_word' id='word_1_530' title='bbox 1739 2108 1755 2127; x_wconf 82' lang='lat' dir='ltr'><strong>e</strong></span> <span class='ocrx_word' id='word_1_531' title='bbox 1770 2098 1864 2126; x_wconf 90' lang='lat' dir='ltr'><strong>Gu.1.</strong></span> <span class='ocrx_word' id='word_1_532' title='bbox 1886 2111 1925 2117; x_wconf 95' lang='lat'><strong>—-</strong></span> <span class='ocrx_word' id='word_1_533' title='bbox 1948 2095 1996 2131; x_wconf 83' lang='lat'><strong>50)</strong></span> 
     </span>
     <span class='ocr_line' id='line_1_69' title="bbox 1048 2138 1995 2183; baseline -0.007 -11"><span class='ocrx_word' id='word_1_534' title='bbox 1048 2149 1119 2172; x_wconf 66' lang='lat' dir='ltr'><strong>sunt</strong></span> <span class='ocrx_word' id='word_1_535' title='bbox 1144 2145 1203 2174; x_wconf 92' lang='lat' dir='ltr'><strong>Gu.</strong></span> <span class='ocrx_word' id='word_1_536' title='bbox 1228 2147 1256 2175; x_wconf 88' lang='grc'>2.</span> <span class='ocrx_word' id='word_1_537' title='bbox 1284 2161 1323 2167; x_wconf 79' lang='lat'><strong>——</strong></span> <span class='ocrx_word' id='word_1_538' title='bbox 1355 2141 1403 2183; x_wconf 86' lang='lat'><strong>51)</strong></span> <span class='ocrx_word' id='word_1_539' title='bbox 1424 2143 1510 2181; x_wconf 83' lang='lat' dir='ltr'><strong>Vulg.</strong></span> <span class='ocrx_word' id='word_1_540' title='bbox 1533 2148 1560 2170; x_wconf 80' lang='lat' dir='ltr'><strong>et</strong></span> <span class='ocrx_word' id='word_1_541' title='bbox 1581 2144 1659 2180; x_wconf 70' lang='lat' dir='ltr'><strong>ipse,</strong></span> <span class='ocrx_word' id='word_1_542' title='bbox 1689 2140 1742 2169; x_wconf 74' lang='lat' dir='ltr'><strong>sed</strong></span> <span class='ocrx_word' id='word_1_543' title='bbox 1763 2145 1790 2168; x_wconf 74' lang='lat' dir='ltr'><strong>et</strong></span> <span class='ocrx_word' id='word_1_544' title='bbox 1813 2147 1870 2168; x_wconf 90' lang='lat' dir='ltr'><strong>om.</strong></span> <span class='ocrx_word' id='word_1_545' title='bbox 1894 2138 1949 2166; x_wconf 87' lang='lat' dir='ltr'><strong>Gu.</strong></span> <span class='ocrx_word' id='word_1_546' title='bbox 1970 2139 1995 2167; x_wconf 88' lang='lat'><strong>1.</strong></span> 
     </span>
     <span class='ocr_line' id='line_1_70' title="bbox 1049 2182 1994 2225; baseline -0.012 -6"><span class='ocrx_word' id='word_1_547' title='bbox 1049 2202 1093 2209; x_wconf 90' lang='grc'>-</span> <span class='ocrx_word' id='word_1_548' title='bbox 1114 2186 1160 2225; x_wconf 70' lang='lat'><strong>52)</strong></span> <span class='ocrx_word' id='word_1_549' title='bbox 1178 2188 1226 2215; x_wconf 83' lang='lat' dir='ltr'><strong>Sic</strong></span> <span class='ocrx_word' id='word_1_550' title='bbox 1245 2187 1301 2214; x_wconf 87' lang='lat' dir='ltr'><strong>Gu.</strong></span> <span class='ocrx_word' id='word_1_551' title='bbox 1319 2189 1345 2217; x_wconf 92' lang='lat'><strong>1.</strong></span> <span class='ocrx_word' id='word_1_552' title='bbox 1365 2201 1408 2207; x_wconf 90' lang='lat'>-</span> <span class='ocrx_word' id='word_1_553' title='bbox 1430 2185 1506 2214; x_wconf 68' lang='lat' dir='ltr'><strong>dicit</strong></span> <span class='ocrx_word' id='word_1_554' title='bbox 1529 2185 1608 2222; x_wconf 84' lang='lat' dir='ltr'><strong>vulg.</strong></span> <span class='ocrx_word' id='word_1_555' title='bbox 1634 2201 1671 2206; x_wconf 89' lang='lat'>—</span> <span class='ocrx_word' id='word_1_556' title='bbox 1696 2183 1741 2221; x_wconf 89' lang='grc'><strong>53)</strong></span> <span class='ocrx_word' id='word_1_557' title='bbox 1762 2182 1811 2211; x_wconf 85' lang='lat' dir='ltr'><strong>Sic</strong></span> <span class='ocrx_word' id='word_1_558' title='bbox 1828 2182 1878 2210; x_wconf 85' lang='lat' dir='ltr'><strong>Ar.</strong></span> <span class='ocrx_word' id='word_1_559' title='bbox 1892 2190 1938 2209; x_wconf 85' lang='lat' dir='ltr'><strong>va.</strong></span> <span class='ocrx_word' id='word_1_560' title='bbox 1954 2194 1994 2200; x_wconf 85' lang='lat'><strong>——</strong></span> 
     </span>
     <span class='ocr_line' id='line_1_71' title="bbox 1049 2221 1991 2269; baseline -0.008 -12"><span class='ocrx_word' id='word_1_561' title='bbox 1049 2229 1258 2269; x_wconf 72' lang='grc' dir='ltr'><strong>Αροςαζιρεῐη</strong></span> <span class='ocrx_word' id='word_1_562' title='bbox 1274 2229 1352 2267; x_wconf 82' lang='lat' dir='ltr'><strong>vulg.</strong></span> <span class='ocrx_word' id='word_1_563' title='bbox 1369 2245 1404 2249; x_wconf 86' lang='lat'>—</span> <span class='ocrx_word' id='word_1_564' title='bbox 1430 2230 1474 2268; x_wconf 88' lang='grc'><strong>54)</strong></span> <span class='ocrx_word' id='word_1_565' title='bbox 1491 2229 1524 2256; x_wconf 81' lang='lat' dir='ltr'><strong>in</strong></span> <span class='ocrx_word' id='word_1_566' title='bbox 1547 2228 1616 2257; x_wconf 78' lang='lat' dir='ltr'><strong>edit.</strong></span> <span class='ocrx_word' id='word_1_567' title='bbox 1633 2225 1773 2256; x_wconf 86' lang='lat' dir='ltr'><strong>Gothofr.</strong></span> <span class='ocrx_word' id='word_1_568' title='bbox 1789 2240 1833 2246; x_wconf 92' lang='lat'>—</span> <span class='ocrx_word' id='word_1_569' title='bbox 1853 2224 1900 2259; x_wconf 83' lang='lat'><strong>55)</strong></span> <span class='ocrx_word' id='word_1_570' title='bbox 1912 2221 1991 2257; x_wconf 85' lang='lat' dir='ltr'><strong>Vulg-</strong></span> 
     </span>
     <span class='ocr_line' id='line_1_72' title="bbox 1047 2266 1990 2309; baseline -0.007 -10"><span class='ocrx_word' id='word_1_571' title='bbox 1047 2277 1074 2299; x_wconf 78' lang='grc' dir='ltr'><strong>ει</strong></span> <span class='ocrx_word' id='word_1_572' title='bbox 1097 2273 1178 2309; x_wconf 80' lang='lat' dir='ltr'><strong>alia,</strong></span> <span class='ocrx_word' id='word_1_573' title='bbox 1200 2272 1252 2301; x_wconf 87' lang='lat' dir='ltr'><strong>sed</strong></span> <span class='ocrx_word' id='word_1_574' title='bbox 1275 2277 1302 2300; x_wconf 80' lang='lat' dir='ltr'><strong>et</strong></span> <span class='ocrx_word' id='word_1_575' title='bbox 1325 2282 1382 2301; x_wconf 87' lang='lat' dir='ltr'><strong>om.</strong></span> <span class='ocrx_word' id='word_1_576' title='bbox 1406 2272 1461 2300; x_wconf 89' lang='lat' dir='ltr'><strong>Gu.</strong></span> <span class='ocrx_word' id='word_1_577' title='bbox 1479 2274 1506 2303; x_wconf 91' lang='lat'><strong>1.</strong></span> <span class='ocrx_word' id='word_1_578' title='bbox 1523 2273 1554 2301; x_wconf 90' lang='grc'>2.</span> <span class='ocrx_word' id='word_1_579' title='bbox 1572 2280 1621 2300; x_wconf 84' lang='lat' dir='ltr'><strong>va.</strong></span> <span class='ocrx_word' id='word_1_580' title='bbox 1643 2285 1684 2292; x_wconf 86' lang='lat'><strong>—-</strong></span> <span class='ocrx_word' id='word_1_581' title='bbox 1709 2270 1758 2305; x_wconf 87' lang='lat'><strong>56)</strong></span> <span class='ocrx_word' id='word_1_582' title='bbox 1775 2268 1824 2295; x_wconf 91' lang='lat' dir='ltr'><strong>Sic</strong></span> <span class='ocrx_word' id='word_1_583' title='bbox 1840 2266 1897 2294; x_wconf 90' lang='lat' dir='ltr'><strong>Gu.</strong></span> <span class='ocrx_word' id='word_1_584' title='bbox 1917 2267 1990 2294; x_wconf 78' lang='lat'><strong>1.—</strong></span> 
     </span>
     <span class='ocr_line' id='line_1_73' title="bbox 1045 2306 1989 2355; baseline -0.01 -12"><span class='ocrx_word' id='word_1_585' title='bbox 1045 2325 1079 2342; x_wconf 77' lang='lat' dir='ltr'><strong>ex</strong></span> <span class='ocrx_word' id='word_1_586' title='bbox 1099 2315 1179 2353; x_wconf 80' lang='lat' dir='ltr'><strong>vulg.</strong></span> <span class='ocrx_word' id='word_1_587' title='bbox 1199 2327 1213 2343; x_wconf 81' lang='grc' dir='ltr'><em>ε</em></span> <span class='ocrx_word' id='word_1_588' title='bbox 1235 2325 1284 2345; x_wconf 80' lang='lat' dir='ltr'><strong>va.</strong></span> <span class='ocrx_word' id='word_1_589' title='bbox 1306 2331 1342 2336; x_wconf 92' lang='lat'><strong>—-</strong></span> <span class='ocrx_word' id='word_1_590' title='bbox 1366 2313 1414 2355; x_wconf 86' lang='lat'><strong>57)</strong></span> <span class='ocrx_word' id='word_1_591' title='bbox 1431 2314 1482 2343; x_wconf 84' lang='lat' dir='ltr'><strong>Sic</strong></span> <span class='ocrx_word' id='word_1_592' title='bbox 1500 2314 1557 2343; x_wconf 88' lang='lat' dir='ltr'><strong>Gu.</strong></span> <span class='ocrx_word' id='word_1_593' title='bbox 1574 2317 1600 2346; x_wconf 93' lang='lat'><strong>1.</strong></span> <span class='ocrx_word' id='word_1_594' title='bbox 1625 2327 1664 2335; x_wconf 89' lang='lat'><strong>—-</strong></span> <span class='ocrx_word' id='word_1_595' title='bbox 1687 2312 1841 2340; x_wconf 61' lang='lat' dir='ltr'><strong>bat-enitar</strong></span> <span class='ocrx_word' id='word_1_596' title='bbox 1862 2306 1989 2343; x_wconf 66' lang='lat' dir='ltr'><strong>vulg-</strong></span> 
     </span>
     <span class='ocr_line' id='line_1_74' title="bbox 1043 2357 1415 2398; baseline 0 -10"><span class='ocrx_word' id='word_1_597' title='bbox 1043 2357 1090 2398; x_wconf 85' lang='lat'><strong>58)</strong></span> <span class='ocrx_word' id='word_1_598' title='bbox 1111 2358 1284 2388; x_wconf 71' lang='grc' dir='ltr'><em>ηοηιίηίῦιω</em></span> <span class='ocrx_word' id='word_1_599' title='bbox 1310 2358 1365 2387; x_wconf 81' lang='lat' dir='ltr'><strong>Gu.</strong></span> <span class='ocrx_word' id='word_1_600' title='bbox 1386 2358 1415 2388; x_wconf 86' lang='lat'><strong>2.</strong></span> 
     </span>
    </p>
   </div>
  </div>
 </body>
</html>
