2255 2819
247 121 322 156 634

653 110 828 145 lSlDORI
864 105 1045 141 HISPAL.
1072 104 1214 140 EPISC.

1249 103 1492 139 ORIGINUM
1527 103 1670 137 LIBER
1703 102 1775 135 XX.

411 211 446 245 3.
498 208 653 241 Habenas
680 204 723 236 ab
750 201 907 235 habendo
932 200 1035 233 dictas
1049 195 1071 240 ¹,
1098 198 1189 241 quod
1217 197 1254 230 iis
1283 209 1385 241 equos
1411 198 1615 239 habeamus,
1644 196 1678 228 id
1707 200 1755 228 est
1772 191 1785 212 ²
1807 199 1991 229 teneamus,
2030 189 2118 222 unde
2150 195 2181 221 et

249 266 324 310 equi
346 263 478 296 habiles
504 258 593 291 dicti.

410 329 444 361 4.
496 324 638 370 Capistri
665 335 684 356 a
711 323 820 367 capite
846 322 1068 354 iumentorum
1095 318 1175 352 dicti
1191 313 1212 350 5.

349 380 441 415 Sella
458 374 470 394 ⁰
497 390 516 410 a
543 375 711 416 sedendo,
737 375 829 418 quasi
856 373 961 406 sedda
977 368 999 404 ἵ.

646 255 745 289 Haec
772 251 826 287 et³
852 251 1036 286 retinacula
1060 261 1079 282 a
1105 249 1290 283 retinendo.
1325 249 1416 282 Lora
1435 245 1487 281 *⁴.

348 430 481 465 Antella
508 428 601 472 quasi
627 423 826 467 antesella⁸‚
858 426 941 458 sicut
967 429 999 456 et
1025 422 1167 468 postella
1194 420 1286 463 quasi
1314 417 1472 463 postsella
1488 415 1510 449 ⁹.

350 481 495 527 Cingula
512 477 538 497 ¹⁰
563 478 737 512 hominum
764 477 894 524 generis
920 475 1026 510 neutri
1054 479 1101 509 est
1118 470 1159 514 ¹¹,
1187 483 1263 505 nain
1299 470 1488 503 animalium
1515 479 1637 514 genere
1664 466 1822 500 feminino
1859 463 1996 498 dicimus
2027 461 2087 495 has
2114 461 2183 495 cin-

248 536 352 582 gulas.

413 600 447 634 5.
500 595 680 644 Sagma¹²,
707 608 793 641 quae
820 600 977 640 corrupte
1003 594 1107 639 vulgo
1134 591 1238 624 salma
1265 590 1386 624 dicitur
1402 586 1442 629 ¹³,
1471 587 1514 620 ab
1524 583 1548 603 ¹⁴
1576 590 1677 618 stratu
1704 595 1859 629 sagorum
1887 587 2031 615 vocatur.
2086 578 2186 611 Unde

250 660 283 689 et
309 654 456 689 caballus
482 651 684 696 sagmarius,
711 649 802 682 mula
828 648 1003 692 sagmaria.

352 704 520 750 Capulum
548 702 632 735 funis
659 713 678 734 a
705 699 888 745 capiendO‚
925 697 1017 742 quod
1046 708 1086 730 eo
1113 693 1275 728 indomita
1303 693 1448 724 iumenta
1476 686 1811 732 comprehendantur.

415 772 449 805 6.
498 770 650 805 Calcaria
677 769 784 809 dicta,
815 767 893 811 quia
925 767 956 799 in
985 765 1077 799 calce
1107 763 1252 796 hominis
1280 762 1442 805 ligantur,
1476 757 1511 790 id
1545 762 1594 790 est
1612 752 1635 773 ¹5
1667 756 1699 788 in
1726 755 1821 799 pedis
1847 752 2020 798 posteriori
2035 748 2057 768 ’Β
2085 756 2189 794 parte,

253 826 296 859 ad
323 822 537 858 stimulandos
563 833 682 865 equos⁷
709 820 829 864 quibus
853 823 908 851 aut
935 816 1155 862 pugnandum
1184 819 1232 847 est
1243 809 1276 853 ¹⁷,
1305 818 1361 845 aut
1383 809 1600 849 currendum,
1627 812 1767 853 propter
1793 805 1961 850 pigritiam
1989 802 2190 838 animalium,

253 881 309 910 aut
335 876 499 909 timorem.
552 874 639 906 Nam
666 883 706 905 ex
732 872 851 903 timore
878 870 1000 902 stimuli
1027 866 1205 911 nuncupati
1237 869 1309 898 sunt
1326 861 1367 905 ¹⁸,
1403 863 1481 896 licet
1504 862 1566 894 sint
1590 864 1622 893 et
1638 856 1659 875 ¹⁹
1686 858 1829 892 libidinis
1856 854 1985 889 stimuli.

416 942 450 977 7.
502 941 655 987 Strigiles
670 936 696 957 ²⁰
721 938 902 982 nuncupati
929 950 947 970 a
968 935 1152 982 tergendo,
1180 934 1258 977 quia
1272 929 1296 949 ²¹
1322 931 1376 964 his
1394 926 1418 946 ²²
1446 930 1520 972 equi
1547 931 1728 973 tergantur.

357 993 542 1028 character
569 997 616 1025 est
642 991 768 1024 ferrum
792 990 998 1031 coloratum,
1032 999 1099 1032 quo
1127 991 1225 1019 notae
1259 983 1445 1030 pecudibus
1478 982 1668 1017 inuruntur,
1703 973 1885 1025 χαρακτήρ
1914 979 2022 1007 autem
2050 973 2192 1011 Graece,

255 1045 370 1080 Latine
397 1045 506 1078 forma
533 1043 660 1077 dicitur.

419 1112 452 1146 8.
507 1111 696 1145 Cauterium
723 1109 842 1143 dicitur
855 1105 880 1125 ²³
907 1107 998 1151 quasi
1024 1106 1227 1145 cauturium,

256 1167 321 1206 tio,
354 1169 406 1206 ut,
443 1164 523 1198 dum
545 1162 697 1203 videtur,
742 1161 835 1194 cuius
858 1160 912 1201 sit,
955 1158 1091 1192 avaritia
1122 1156 1315 1190 refrenetur.

1255 1102 1348 1146 quod
1369 1105 1442 1134 urat
1469 1104 1500 1133 et
1527 1097 1668 1142 provida
1691 1096 1730 1128 sit
1756 1096 1788 1128 in
1810 1106 1885 1128 eum
1913 1103 2093 1135 severaque
2116 1101 2195 1124 cau-

1382 1151 1485 1192 Quod
1511 1149 1675 1183 interdum
1702 1158 1765 1192 pro
1793 1148 1906 1192 signo,
1941 1144 2105 1178 interdum
2133 1152 2195 1186 pro

258 1228 337 1252 cura
363 1215 560 1257 adhibetur,
587 1219 622 1248 ut
642 1215 691 1247 vis
711 1212 820 1247 morbi
845 1211 931 1256 ignis
957 1209 1078 1243 ardore
1099 1208 1249 1242 siccetur.

345 1337 370 1372 1)
398 1334 447 1362 Sic
474 1334 504 1361 Z.
527 1333 584 1361 Gu.
609 1335 635 1363 1.
659 1335 687 1364 2.
712 1347 750 1351 —
776 1329 920 1357 IIubenae
945 1348 951 1354 .
978 1349 984 1355 .
1007 1325 1106 1353 dictae
1128 1324 1208 1361 vulg.

260 1394 299 1398 -
321 1375 351 1416 2)
368 1376 403 1404 itl
424 1387 478 1415 pro
501 1375 556 1403 lzoc
580 1375 609 1403 Z.
634 1375 690 1402 Gu.
714 1376 739 1403 1.
762 1388 804 1394 —
827 1373 855 1407 3)
881 1376 907 1398 et
931 1379 987 1397 om.
1010 1369 1040 1397 Z.
1065 1368 1120 1395 Gu.
1144 1368 1208 1397 1.2.

259 1435 301 1441 —-
324 1419 355 1456 4)
380 1419 427 1447 Sic
452 1420 501 1447 Ar.
521 1433 562 1440 —
585 1418 652 1445 lora
674 1417 705 1444 Z.
730 1415 786 1444 Gu.
804 1417 831 1446 1.
851 1416 879 1444 2.
903 1431 941 1435 —
973 1412 1038 1440 Om.
1060 1421 1108 1449 pr.
1131 1425 1171 1430 —
1191 1420 1210 1436 α

262 1467 312 1490 rst-
335 1472 389 1489 υνα
412 1461 492 1498 vulg.
523 1476 564 1481 -—
599 1461 628 1496 5)
651 1459 699 1486 Sic
723 1458 755 1487 Z.
779 1458 836 1486 Gu.
860 1459 885 1486 1.
912 1458 940 1486 2.
971 1464 1017 1483 va.
1040 1469 1081 1474 —
1113 1452 1210 1490 Capt-

262 1509 360 1531 strum
382 1525 388 1532 .
421 1526 427 1533 .
456 1502 574 1530 dictum
600 1502 680 1540 vulg.
715 1516 752 1522 —
791 1498 822 1539 6)
847 1498 927 1526 Sella
950 1502 979 1525 et
1001 1495 1129 1525 Antella
1152 1504 1207 1522 om.

263 1547 294 1575 Z.
318 1563 354 1569 -
380 1544 411 1586 7)
437 1545 509 1573 aeda
535 1555 582 1574 va.
606 1560 648 1566 —
680 1546 709 1580 8)
734 1548 804 1571 ante
825 1542 932 1568 sellam
956 1539 1007 1568 Ar.
1029 1549 1075 1567 va.
1106 1553 1147 1559 —
1180 1534 1208 1574 9)

263 1589 311 1617 Sic
334 1589 390 1618 Gu.
407 1591 433 1619 1.
450 1591 477 1619 2.
499 1587 549 1616 Ar.
573 1605 609 1610 —
629 1586 791 1625 postellam
814 1585 906 1623 qnasi
923 1588 992 1621 post
1014 1582 1120 1610 sellam
1130 1578 1210 1616 vulg.

271 1647 305 1653 -—
329 1631 376 1668 10)
405 1631 572 1669 Cingulum
596 1629 644 1659 Ar.
669 1648 705 1652 -
740 1630 783 1664 11)
805 1633 877 1656 sunt
900 1636 945 1655 va.
970 1641 1007 1646 -
1032 1623 1076 1663 122)
1095 1624 1210 1661 Sugma

1252 1327 1281 1351 et
1306 1320 1460 1358 Capillum
1483 1328 1539 1345 om.
1568 1317 1598 1345 Z.
1628 1333 1667 1337 —
1699 1313 1743 1354 13)
1774 1315 1820 1342 Sic
1853 1315 1907 1342 Gu.
1933 1317 1960 1343 1.
1993 1311 2142 1352 (mama)
2167 1314 2197 1341 2.

1251 1375 1298 1393 νη.
1322 1380 1356 1384 -
1378 1362 1437 1390 dic.
1464 1360 1563 1387 salma
1593 1359 1672 1396 vulg.
1702 1374 1744 1380 —
1784 1358 1825 1391 14)
1857 1356 1895 1384 ab
1920 1366 1973 1394 pro
1997 1367 2014 1382 α
2044 1355 2098 1382 Gu.
2125 1358 2150 1385 1.
2170 1357 2197 1385 2.

1251 1417 1299 1437 va.
1324 1423 1361 1427 —-
1387 1409 1429 1439 15)
1454 1402 1537 1442 qaod
1558 1403 1589 1429 ιἰι
1606 1400 1676 1440 ped.
1699 1401 1729 1428 Z.
1761 1415 1800 1420 —
1838 1398 1882 1438 15)
1906 1399 1954 1426 Sic
1977 1398 2006 1425 Z.
2031 1398 2086 1425 Gu.
2116 1400 2139 1425 1.
2159 1412 2198 1416 —-

1249 1449 1413 1490 posteriore
1436 1446 1515 1484 vulg.
1547 1460 1587 1466 —
1630 1442 1673 1482 17)
1697 1448 1737 1470 est
1762 1452 1820 1470 om.
1844 1442 1874 1470 Z.
1906 1457 1943 1462 --
1980 1443 2025 1474 13)
2049 1445 2118 1466 Szmt
2143 1438 2199 1465 ad-

1251 1491 1314 1521 didi
1345 1501 1360 1519 e
1383 1490 1438 1517 Gu.
1463 1490 1490 1518 1.
1529 1503 1569 1509 —-
1609 1484 1656 1525 19)
1684 1491 1710 1513 et
1736 1495 1793 1513 om.
1819 1485 1849 1513 Z.
1891 1499 1933 1505 -
1972 1480 2020 1522 20)
2052 1481 2200 1519 iS'trczgileS

1252 1535 1307 1565 Gu.
1340 1537 1365 1564 1.
1388 1548 1429 1554 —-
1452 1529 1498 1569 21)
1522 1530 1569 1557 Sic
1594 1529 1649 1558 Gu.
1666 1531 1693 1559 1.
1717 1544 1759 1550 —-
1782 1526 1865 1565 quod
1885 1526 1964 1562 vulg.
1987 1541 2029 1546 —-
2059 1533 2136 1562 quo-⁹
2154 1533 2198 1561 pr.

1252 1594 1293 1600 -—
1315 1577 1362 1608 22)
1385 1576 1433 1602 lais
1466 1582 1521 1612 pro
1543 1573 1582 1600 iis
1611 1572 1667 1600 Gu.
1694 1573 1721 1602 1.
1745 1580 1789 1608 pr.
1816 1586 1852 1591 —-
1886 1569 1931 1606 23)
1956 1567 2002 1595 Sic
2026 1568 2081 1595 Gu.
2111 1569 2135 1596 1.
2161 1582 2197 1586 -—-

1253 1619 1369 1649 dictum
1392 1616 1472 1654 vulg.
