2264 2830
762 86 1006 121 ORlGlNUM
1040 89 1183 124 LIBER
1210 92 1282 126 XV.

225 182 258 215 4.
313 183 502 214 Armarium
530 182 622 215 locus
650 186 712 220 est,
754 181 807 213 ubi
838 194 1110 225 quarumcunque
1145 185 1261 217 artium
1295 186 1506 219 inztrumenta
1530 184 1710 231 ¹ponuntur.

954 232 1089 266 L³n‹le¹¹'⁴
1116 237 1278 269 luvenalis
1289 234 1330 270 39;

60 235 143 267 rium
171 230 298 271 vero³³,
325 234 380 265 ubi
409 230 566 266 tantuin³5
594 232 659 264 tela
688 230 899 265 arnrorum‘u.

1923 95 1997 129 477

1766 188 1792 220 Α
1799 195 1997 223 rmamenta-

293 285 468 331 Quicquid
495 281 659 317 imbeiam
686 284 832 316 [clm-um
857 288 1138 319 armamentaria
1162 290 1258 321 coeli.

163 337 256 369 Dicta
285 343 394 369 autem
422 341 558 378 utraque
586 336 628 367 al)
656 336 769 375 armis,
798 337 830 368 id
857 342 904 368 est
931 334 982 368 11¹¹
1014 339 1176 383 brachiis,
1205 341 1322 383 quibus
1350 345 1552 374 exercentur.

225 388 239 397 ‚v

58 437 215 472 toriu1n'¹²
239 440 368 473 dicitur.

223 399 258 424 a),
314 388 524 421 Bibliotheca
547 392 595 420 est
621 387 730 427 locus,
760 388 814 420 ubi
841 396 1043 432 reponuntur
1071 391 1162 432 libri,
1193 391 1316 436 βίβλος
1345 391 1430 423 enim
1458 392 1590 425 Graece
1614 391 1717 431 libor,
1746 389 1839 438 θήκη
1870 393 1999 436 reposi-

223 491 256 524 (ἱ.
310 490 577 534 l'romptuarium
594 489 718 522 dictum
736 501 793 530 e0,
820 490 911 533 quod
929 491 1004 523 inde
1021 493 1201 526 necessaria
1218 492 1315 526 victui
1340 498 1553 536 promuntur,
1580 493 1648 526 hoc
1668 489 1749 525 est⁸³
1777 493 1996 537 proferuntur.

224 543 256 576 7.
308 541 510 584 Cellarium,
538 541 629 584 quod
659 542 689 573 in
708 553 747 573 eo
760 538 782 557 '⁴¹
811 541 1044 587 c‹›1tigantur⁴⁵
1071 544 1247 576 ministeria
1265 555 1470 587 mensarum,
1498 545 1552 576 vel
1579 556 1665 587 quae
1691 546 1871 578 necessaria
1899 547 1999 579 victui

58 599 235 637 supersunt
245 590 277 626 ⁴¹⁶.

332 594 420 625 lnter
448 594 712 637 promptuarium
742 590 887 625 autern⁴⁷
925 601 957 626 et
991 595 1162 628 cellarium
1197 595 1264 628 hoc
1300 596 1449 637 interest,
1494 596 1586 639 quod
1614 595 1783 629 cellarium
1812 608 1998 640 paucorum

58 645 203 687 dierum,
231 645 497 689 promptuarium
526 656 602 677 vero
638 645 731 687 longi
759 646 916 688 temporis
945 643 1038 678 estffi.

219 699 253 729 8.
309 696 491 740 Apotltecn
519 702 627 728 autern
645 693 682 736 ν’,
711 697 761 729 vel
790 697 911 728 horrea
939 709 957 728 a
985 697 1139 737 Graeco,
1166 693 1326 729 verbum-'¹

57 747 176 779 ditoria
203 748 269 781 dici
297 754 452 792 possunt,
494 760 534 780 eo
564 747 654 790 qnod
683 748 714 779 in
749 749 784 779 iis
812 748 961 780 homines
989 749 1174 781 elaboratas
1208 748 1324 793 fruges
1359 755 1534 794 reponunt.

1329 693 1341 713 ⁰
1377 709 1416 730 ex
1443 698 1546 731 verbo
1574 698 1769 742 repositoria
1798 700 1849 731 vel
1877 710 1998 732 recon-

1598 749 1698 782 L¹nde
1725 755 1755 782 et
1784 750 1959 785 enthecam
1975 747 1996 766 ⁵¹

57 798 190 834 Graeco
218 796 385 832 ιιοιιιὶιιθ52
412 796 624 844 repositam-'¹³
651 800 697 831 rei
724 800 894 844 copiosam
922 800 1135 832 substantiam
1167 801 1386 844 appellamus.

623 884 651 918 C
679 886 708 918 A
737 886 774 919 1‘.
827 885 885 920 VI.

56 1000 210 1038 sterion⁵⁵
230 1006 324 1038 statio
353 1005 489 1046 dicitur,
517 1005 550 1037 id
578 1010 626 1037 est
653 1005 794 1048 operarii
822 1006 928 1040 statio.

962 885 1041 919 De

222 954 254 989 l.
309 954 535 997 Ergasterium
564 954 657 986 locns
686 959 751 993 est,
787 954 842 986 ubi
869 965 954 998 opus
982 954 1118 998 aliquod
1146 955 1193 986 fit.

1094 887 1431 931 operariis.

1248 955 1383 990 Graeco
1416 955 1502 988 enim
1537 966 1690 988 sermone
1725 955 1811 1002 ἔργα
1847 950 2000 999 opera⁵'‚

221 1056 254 1090 2.
307 1057 484 1101 Ergastula
513 1068 648 1100 quoqne
671 1062 702 1089 et
730 1058 800 1100 ipsa
813 1053 837 1073 ⁵⁶
865 1054 918 1089 {1³¹⁷
946 1057 1080 1091 Graeco
1109 1057 1276 1090 vocabulo
1287 1054 1312 1073 ⁵⁸
1340 1063 1586 1102 nuncupantur,
1612 1058 1668 1091 ubi
1689 1057 1890 1102 deputantur
1909 1055 2000 1088 noxii

55 1107 98 1140 ad
126 1108 261 1151 aliquod
289 1119 374 1151 opus
401 1108 610 1148 faciendum,
638 1113 672 1140 ut
699 1109 804 1141 solent
830 1108 1032 1153 gladiatores
1060 1114 1092 1141 et
1118 1109 1248 1152 exules,
1281 1109 1336 1152 qui
1365 1121 1532 1142 marmora
1559 1114 1686 1150 secant,
1729 1114 1762 1141 et
1789 1113 1899 1140 tamen
1925 1107 1997 1139 vin-

54 1159 206 1193 culorum
235 1159 391 1193 custodiis
420 1160 548 1204 alligati
574 1164 656 1192 sunt.

217 1210 249 1243 3.
305 1211 521 1255 Gynaeceum
556 1211 687 1244 Graece
721 1210 874 1250 dictum,
917 1222 956 1243 eo
992 1209 1085 1253 quod
1120 1211 1164 1243 ibi
1199 1216 1379 1244 conventus
1420 1212 1615 1244 seminarum
1654 1211 1697 1244 ad
1733 1221 1818 1254 opus
1854 1209 1996 1243 laneficii

54 1262 274 1297 exercendum
303 1263 475 1295 conveniat
488 1260 521 1295 ⁵⁹.

579 1262 702 1294 Mulier
728 1263 813 1294 enim
843 1262 973 1295 Graece
1000 1259 1089 1308 γυνή
1117 1259 1298 1294 vocaturffl.

216 1313 250 1345 4.
304 1314 478 1346 Pistrinum
507 1313 599 1356 qnasi
625 1313 841 1356 pilistrinum,
870 1314 946 1356 quia
974 1313 1044 1356 pilo
1073 1317 1169 1344 antea
1198 1324 1340 1357 granum
1375 1313 1575 1346 tundebatur
1588 1309 1621 1345 ⁶¹.
1682 1312 1783 1345 Unde
1810 1317 1842 1345 et
1869 1311 1960 1356 apud
1972 1308 1997 1328 ⁵²

53 1368 179 1397 veteres
206 1375 271 1396 non
300 1365 484 1405 molitores,
515 1364 574 1396 sed
603 1365 740 1407 pistores
753 1360 778 1380 ‘¹³
805 1365 895 1408 quasi
929 1365 1077 1407 pinsores

1087 1360 1111 1380 ὅ*
1139 1375 1158 1395 a
1185 1364 1351 1408 pinsendis
1362 1360 1386 1380 ‘³5
1419 1366 1530 1409 granis
1558 1365 1730 1402 frumenti3
1773 1364 1882 1397 molae
1909 1363 1995 1395 enim

53 1427 128 1449 usus
155 1416 303 1448 nondum
332 1413 443 1456 erat¹⁵⁶‚
472 1415 530 1448 scd
557 1427 698 1459 granum
727 1415 798 1458 pilo
830 1416 1004 1460 pinsebant
1015 1412 1055 1454 ¹¹⁷,
1083 1415 1172 1447 unde
1200 1420 1232 1448 et
1243 1413 1268 1431 ‘³⁸
1296 1414 1504 1459 Virgilius''⁹:

281 1467 329 1500 Et
356 1471 491 1500 torrere
512 1470 649 1511 pnrcmt
664 1466 829 1512 stummt's
844 1466 983 1511 finges
1010 1470 1041 1498 et
1059 1466 1246 1511 frangere
1271 1464 1406 1500 samem.

216 1516 249 1549 5.
306 1515 497 1550 Clibanus⁷¹
526 1530 543 1549 a
572 1518 659 1550 clivo
673 1515 697 1534 Π
721 1517 847 1559 (lictus,
875 1518 918 1550 ab
933 1529 973 1550 eo
986 1514 1020 1559 ⁷¹³,
1047 1518 1140 1560 quod
1165 1518 1198 1550 in
1215 1519 1382 1552 erectione
1409 1518 1450 1550 sit
1477 1512 1681 1550 collectus⁷⁴.
1724 1515 1857 1549 Clivum
1876 1510 1996 1547 enim'¹⁵

52 1580 220 1604 ascensum
247 1569 403 1609 dicimus,
431 1570 498 1602 sive
525 1566 749 1603 flexuosumffi.

215 1619 249 1652 6.
303 1617 485 1653 Furnum'⁷
507 1632 569 1665 per
595 1620 832 1654 derivationem
861 1632 879 1652 a
897 1620 984 1653 farre
1002 1619 1146 1661 dictum,
1173 1616 1367 1663 quoniamffl
1393 1619 1487 1664 panis
1502 1630 1541 1651 ex
1564 1629 1605 1651 eo
1628 1618 1734 1652 factus
1759 1618 1805 1651 ibi
1833 1617 1994 1660 coquitur.

52 1741 119 1758 cum
143 1730 261 1758 verbnm
275 1729 312 1758 al.
336 1746 373 1751 —
399 1728 447 1770 51)
464 1730 512 1759 Sic
530 1731 561 1760 Z.
578 1731 634 1759 Gu.
656 1734 681 1762 1.
698 1735 727 1763 2.
746 1731 793 1762 Ar.
808 1748 848 1753 ——
862 1728 999 1769 ἔνθήκην

52 1773 132 1809 vulg.
150 1788 188 1794 —
219 1770 266 1811 52)
289 1773 337 1800 Sic
361 1773 416 1803 Gu,
444 1776 470 1804 1.
498 1790 535 1794 —
559 1784 691 1801 Sermone
714 1775 794 1812 vulg.
819 1790 860 1795 —
887 1776 932 1810 55))
951 1784 997 1800 re-

49 1816 167 1852 positae
190 1815 247 1842 Gu.
272 1817 296 1844 l.
325 1831 366 1837 —
404 1817 448 1852 54)
471 1816 519 1844 Sic
543 1817 574 1845 Z.
597 1817 652 1845 Gu.
677 1819 705 1848 1.
729 1819 757 1847 2.
782 1820 809 1847 3.
833 1815 861 1846 4.
884 1825 929 1853 ΡΥ·
953 1825 998 1843 va-

53 1858 104 1885 Ar.
131 1872 172 1879 —
199 1853 358 1895 ἐργάζομαι
393 1868 495 1895 operor
529 1859 608 1897 vulg.
660 1860 831 1897 Sequuntur
860 1868 939 1886 nunc
968 1858 998 1886 in

53 1899 140 1929 codd.
162 1903 191 1927 et
211 1898 293 1927 editt.
316 1909 362 1937 pr.
383 1910 427 1928 va.
457 1901 506 1929 Ar.
530 1910 576 1938 ea,
612 1912 685 1940 quae
708 1906 775 1939 post
798 1912 887 1939 opera
910 1900 997 1928 addi·

52 1943 157 1971 dimus.
185 1957 226 1962 -
269 1941 318 1978 55)
345 1943 433 1969 sterio
466 1943 496 1970 Z.
522 1943 578 1973 Gu.
601 1946 627 1974 1.
650 1949 678 1972 et
706 1943 789 1972 editt.
821 1954 866 1982 pr.
889 1953 933 1971 va.
958 1961 996 1966 —

47 1985 197 2023 ystoriam
234 1983 290 2011 Gu.
310 1986 337 2014 2.
364 2001 399 2005 —-
432 1983 548 2012 dicitur
586 1985 688 2014 addidi
718 1996 733 2014 e
767 1988 798 2016 Ζ.
830 1986 888 2014 Gu.
911 1988 937 2016 1.
958 2002 996 2008 —

51 2027 191 2066 operaria
222 2026 277 2053 Gu.
299 2026 326 2056 4.
358 2027 406 2054 Ar.
429 2042 470 2048 —-
504 2026 552 2065 50)
576 2028 650 2066 Erg.
685 2040 802 2067 quoque
830 2030 928 2066 ipsum
952 2038 997 2055 va.

50 2086 92 2092 -—
119 2068 164 2107 57)
192 2079 211 2095 α
235 2078 291 2096 om.
317 2069 372 2096 Gu.
392 2071 419 2100 2.
445 2084 486 2090 -
517 2072 564 2106 58)
581 2081 711 2098 sermone
732 2072 764 2100 Z.
787 2087 828 2092 —
857 2069 901 2109 59)
925 2081 997 2097 con-

51 2113 170 2140 veniunt
192 2121 238 2139 va.
269 2126 309 2131 —
337 2112 473 2138 convenit
497 2111 542 2139 ed.
566 2112 653 2141 Goth.
685 2114 740 2142 Gu.
761 2117 789 2145 2.
812 2124 857 2152 pr.
880 2129 921 2133 —
946 2112 994 2149 60)

53 2156 133 2183 Gene
154 2155 230 2181 enim
256 2153 308 2181 Gr.
331 2153 406 2182 mul.
429 2164 518 2182 nunc.
541 2164 586 2182 va.
630 2154 675 2183 Ad
695 2157 854 2194 marginem
879 2155 945 2183 cod.
965 2155 995 2185 Z.

51 2202 110 2226 est:
132 2196 246 2225 Mulier
268 2197 359 2234 quasi
381 2196 482 2223 mollis
505 2206 556 2223 aer
582 2196 627 2224 vel
647 2208 666 2224 a
688 2199 823 2228 mollitie.
844 2215 886 2220 —
909 2208 995 2225 voca-

51 2246 102 2268 {ur
123 2249 178 2278 pro
208 2238 287 2276 vulg.
311 2244 508 2276 nuncupatur
536 2238 592 2267 Gu.
616 2241 642 2270 1.
672 2255 711 2261 —-
744 2240 788 2278 61)
811 2241 860 2269 Sic
887 2240 944 2268 Gu.
968 2243 993 2270 1.

50 2299 92 2305 —
113 2280 279 2310 tundebant
297 2292 431 2320 granum
452 2281 533 2319 vulg.
558 2297 600 2303 —
637 2279 684 2320 62)
710 2282 797 2320 apud
819 2293 877 2314 om.
900 2284 931 2311 Ζ.
956 2301 994 2305 -—

51 2324 100 2363 63)
121 2325 210 2362 Vulg.
240 2323 308 2353 add.
338 2323 414 2352 dicti
435 2329 505 2352 sunt
535 2320 624 2363 (sunt
647 2333 703 2352 om.
730 2325 760 2354 Z.
785 2325 841 2355 Gu.
867 2329 897 2358 2.
920 2324 996 2364 va.),

1042 1740 1118 1768 quae
1141 1741 1198 1759 om.
1223 1730 1280 1758 Gu.
1298 1733 1324 1761 1.
1356 1746 1394 1751 ——
1427 1729 1475 1766 64)
1503 1728 1551 1756 Sic
1568 1729 1599 1757 Z.
1623 1728 1680 1756 Gu.
1697 1731 1724 1759 1.
1748 1731 1776 1759 2.
1794 1728 1842 1756 Ar.
1867 1742 1907 1747 —
1928 1726 1995 1764 fin-

1042 1783 1122 1800 sores
1145 1774 1225 1811 vulg.
1249 1789 1287 1794 -—
1309 1773 1434 1810 fissures
1456 1781 1503 1799 va.
1525 1787 1567 1792 -—
1588 1774 1634 1805 65)
1651 1771 1699 1798 Sic
1717 1770 1766 1798 Ar.
1782 1788 1819 1792 -
1841 1767 2001 1806 findendi-⁹,

1041 1816 1121 1853 vulg.
1144 1832 1186 1837 —
1209 1827 1229 1843 α
1246 1814 1422 1852 [ιιηιίεηᾶιζς
1445 1814 1501 1843 Gu.
1519 1816 1547 1844 2.
1570 1829 1611 1834 —
1639 1811 1687 1852 66)
1712 1812 1760 1840 Sic
1781 1813 1811 1840 Z.
1840 1813 1896 1841 Gu.
1922 1814 1948 1842 1.
1966 1813 1994 1842 2.

1041 1868 1086 1896 pr.
1107 1868 1151 1888 va.
1168 1874 1209 1880 —
1231 1857 1367 1885 nondum
1390 1867 1464 1884 usus
1486 1861 1548 1883 erac
1573 1855 1652 1892 vulg.
1673 1870 1714 1875 —
1745 1854 1789 1892 67)
1815 1854 1862 1883 Sic
1883 1854 1933 1882 Ar.
1956 1871 1991 1875 ——

1036 1899 1206 1937 pandebant
1231 1901 1262 1930 Z.
1285 1899 1503 1938 —Jindehant
1518 1898 1574 1926 Gu.
1594 1900 1624 1929 2.
1649 1898 1678 1928 3.
1702 1897 1737 1927 al.
1762 1907 1806 1927 va.
1833 1913 1874 1918 -—
1888 1895 1995 1934 finde-

1041 1942 1154 1970 bantur
1180 1944 1237 1971 Gu.
1260 1945 1286 1973 1.
1307 1959 1349 1964 -—
1376 1941 1541 1970 tundebant
1573 1940 1652 1977 vulg.
1687 1955 1727 1961 -
1764 1940 1811 1976 68)
1837 1944 1863 1967 et
1890 1938 1994 1967 addidi

1041 1995 1056 2013 e
1081 1986 1108 2013 Z.
1135 1986 1191 2015 Gu.
1219 1987 1244 2015 1.
1261 1987 1289 2015 2.
1313 1995 1359 2012 va.
1383 2001 1424 2006 —
1454 1983 1502 2021 69)
1525 1983 1631 2020 Georg.
1655 1981 1677 2017 I,
1700 1983 1771 2014 267.
1804 1998 1839 2002 —
1875 1982 1922 2016 70)
1945 1980 1993 2009 Sic

1041 2028 1098 2056 Gu.
1122 2031 1147 2058 1.
1172 2027 1327 2065 (flammis
1350 2025 1491 2055 exhibent
1514 2025 1601 2054 etiam
1630 2024 1716 2053 codd.
1738 2025 1769 2053 Z.
1798 2024 1854 2053 Gu.
1876 2022 1930 2062 2.)
1954 2040 1989 2044 -·

1042 2071 1133 2098 IVzcnc
1155 2075 1262 2097 torrete
1287 2071 1354 2107 igni
1378 2071 1506 2107 fruges,
1536 2078 1617 2095 nunc
1634 2068 1780 2105 frangite
1807 2077 1880 2094 saxo
1903 2066 1993 2103 vulg„

1040 2118 1073 2140 ut
1098 2112 1200 2150 virgil.
1240 2128 1282 2134 -—-
1323 2112 1371 2149 71)
1405 2111 1490 2147 Vulg.
1513 2110 1582 2140 add.
1606 2111 1735 2147 fornax,
1773 2109 1856 2148 quod
1880 2118 1936 2136 om.
1960 2108 1991 2137 Z.

1040 2154 1097 2182 Gu-
1116 2158 1141 2185 1.
1162 2157 1191 2186 2.
1215 2154 1262 2183 Ar.
1289 2173 1326 2176 —
1358 2157 1406 2192 72)
1429 2154 1506 2182 olibo
1529 2154 1562 2186 Z,
1585 2169 1627 2174 —
1660 2153 1779 2181 Cliban.
1798 2153 1882 2189 forn.
1904 2150 1991 2178 scilt-

1039 2203 1082 2224 cet
1105 2196 1176 2226 dict.
1199 2207 1245 2226 va.
1275 2212 1317 2218 —
1345 2195 1391 2237 73)
1416 2197 1454 2225 ab
1484 2206 1540 2224 om.
1575 2195 1631 2223 Gu.
1652 2197 1681 2226 2,
1707 2211 1748 2217 --
1777 2196 1821 2232 74)
1855 2191 1938 2232 quod
1958 2192 1989 2217 in

1040 2239 1144 2268 ordine
1176 2245 1254 2268 recto
1287 2249 1347 2267 non
1379 2241 1419 2267 sit
1450 2239 1518 2267 coll.
1547 2239 1603 2266 Gu.
1629 2240 1657 2269 2.
1685 2253 1726 2259 --
1762 2236 1810 2274 75)
1831 2237 1908 2263 mim
1930 2242 1986 2278 011]-

1040 2282 1098 2311 Gu.
1120 2285 1147 2313 1.
1175 2298 1217 2305 —
1255 2281 1301 2321 76)
1332 2283 1394 2310 sive
1413 2282 1502 2320 flexu
1531 2291 1649 2309 summo
1674 2280 1730 2309 Gu.
1755 2282 1782 2310 1.
1807 2293 1847 2299 -
1877 2277 1919 2311 77)
1938 2274 1987 2302 SIC

1041 2325 1097 2353 Gu.
1120 2328 1148 2356 1.
1170 2341 1211 2348 ·—
1233 2325 1358 2354 Farnus
1376 2341 1418 2347 —
1435 2324 1536 2353 dictus
1558 2323 1639 2361 vulg.
1664 2339 1702 2345 -—
1726 2325 1772 2354 7=)
1795 2316 1878 2356 quod
1898 2326 1944 2344 va·
