2264 2830
701 110 947 146 ORIGINUM
984 110 1129 145 LIBER
1164 113 1254 148 XVI.
1290 113 1395 147 XVII.

1944 115 2018 151 523

238 207 270 239 2.
324 207 471 240 Primum
498 207 542 239 ad
570 211 714 239 aratrum
741 207 844 238 boves
871 205 1009 240 iunxisse
1036 204 1179 240 serunt*¹¹
1212 209 1379 251 quendam
1408 207 1573 252 privatum
1601 206 1773 240 hominem
1809 213 1841 241 et
1854 206 1878 226 ⁴²
1907 212 2017 244 fulmi-

73 264 203 301 natum,
231 260 363 292 nomine
391 255 661 303 Homogirumffl.
714 258 861 299 Quidam
889 263 999 291 autem
1028 259 1150 291 Osirim
1176 260 1290 294 dicunt
1314 272 1383 293 esse
1411 259 1487 292 artis
1514 259 1611 293 huius
1632 260 1853 302 inventorem,
1881 263 2018 304 quidam

72 310 330 354 Triptolemum.

400 312 443 343 Et
474 310 529 343 hic
561 309 708 353 quaestio
743 316 808 348 est,
850 310 1024 352 quomodo
1058 311 1165 354 prima

1182 308 1200 327 ¹¹
1237 312 1339 345 Ceres
1368 313 1400 344 in
1436 313 1581 345 Graecia
1615 318 1742 345 vertere
1777 318 1897 345 terram
1930 314 2018 347 ferro

73 359 258 399 instituit⁴⁵;
286 362 343 395 sed
373 362 461 394 ferro
490 362 731 404 qualicunque,
760 373 825 394 non
853 362 1040 406 specialiter
1067 374 1220 403 vomere,
1255 369 1310 396 aut
1337 369 1456 396 aratro.

237 414 270 446 3.
323 413 536 446 Stercorandi
564 413 636 458 agri
663 413 823 446 rationem
851 414 975 457 primus
1003 414 1129 446 induxit
1156 415 1291 457 quidam
1319 417 1453 448 nomine
1480 411 1673 448 Stercutus’

799 466 864 498 Ilio
891 466 989 509 plura
1005 463 1025 481 ¹⁸
1052 467 1263 499 instrumenta
1292 468 1516 511 agriculturae
1541 466 1681 509 reperit,
1710 466 1902 510 primusque
1919 480 2016 513 agros

295 517 449 549 Eundem
477 516 613 560 quidam
640 518 819 549 Saturnum
847 522 1064 561 putaverunt,
1108 523 1141 550 ut
1177 519 1337 550 maiorem
1365 518 1411 550 illi
1440 518 1645 550 nobilitatem
1673 519 1819 551 facerent
1856 518 1923 552 lloc
1954 531 2016 552 no-

72 475 128 495 ara
157 475 175 495 a
204 462 320 497 l’ico'n
347 465 501 498 dedicata
529 471 577 497 est
605 465 744 497 Romae.

72 515 224 549 firmavit.

1675 412 1686 430 ‘⁵
1708 417 1739 447 in
1768 414 1873 448 ltalia.
1914 417 2017 452 Cuius

72 567 177 607 mine,
205 579 272 611 quo
284 564 308 584 '¹⁹
334 568 510 612 splendide
538 574 686 610 sonaret,
714 574 747 601 et
774 569 970 613 dignitatem
998 569 1083 601 tituli
1111 575 1322 614 compararet
1335 566 1368 600 ³⁰.

599 671 628 705 C
656 672 685 704 A
714 672 750 703 l’.
806 671 845 703 ll.

926 671 990 703 De
1039 673 1218 704 cultura

1272 682 1497 717 (lgrorllnl.

241 740 269 772 l.
324 739 462 773 Cultura
489 746 554 780 est,
595 751 661 783 qua
690 740 870 780 frumenta,
908 739 961 771 vel
990 739 1063 772 vina
1091 751 1215 785 magno
1244 741 1361 773 labore
1393 745 1593 784 quaeruntur
1607 737 1647 779 ⁵¹,
1675 741 1718 773 ab
1750 741 1929 773 incolendo
1953 753 2014 774 vo-

71 794 153 821 cata.

206 790 348 823 Divitiae
375 793 460 824 enim
489 792 698 835 antiquorum
710 788 734 808 ⁵²
760 792 791 823 in
819 791 856 823 iis
884 789 1014 823 duobus
1036 796 1145 829 erant,
1174 792 1259 824 bene
1288 804 1426 836 pascere
1455 797 1486 824 et
1511 793 1593 824 bene
1625 803 1726 825 arare.

1782 791 1919 825 Cultura
1943 794 2013 838 agri

69 841 168 880 cinis,
197 843 318 883 aratio,
347 843 561 884 intermissio,
589 842 732 876 incensio
760 842 972 886 stipularum,
1000 843 1210 885 stercoratio,
1238 844 1387 885 occatio,
1416 843 1575 877 runcatio.

233 894 266 926 2.
321 894 409 927 Cinis
436 900 483 928 est
503 895 709 936 incendium,
737 905 799 937 per
825 893 917 936 quod
944 905 1028 938 ager
1054 895 1201 928 inutilem
1229 895 1407 929 humorem
1435 896 1566 929 ex'udat.

173 946 288 977 Aratio
314 946 421 985 dicta,
449 948 527 990 quia
550 947 594 979 de
625 957 700 978 aere
715 942 739 961 ⁵³
765 950 872 978 terrae
898 945 1061 978 culturam
1090 947 1305 989 exercebant,
1344 953 1522 991 antequam
1552 945 1629 979 terri
1658 945 1769 977 fuisset
1797 955 1870 977 usus
1898 957 2013 990 reper—

68 1001 127 1029 tus

182 997 315 1041 Duplex
344 1003 391 1030 est
418 998 522 1030 aratio
538 994 582 1039 ⁵⁴,
610 996 749 1030 vernalis
777 1001 809 1029 et
837 997 1041 1031 autumnalia

175 1049 370 1081 {uterini-sio
398 1056 462 1092 est,
490 1061 556 1092 qua
578 1049 711 1082 alternis
739 1049 828 1080 annis
857 1060 937 1093 ager
965 1045 1121 1082 vacuus⁵³
1149 1050 1232 1082 vires
1260 1051 1386 1094 recipit.

235 1101 267 1133 3.
319 1100 524 1133 Stercoratio
552 1097 633 1134 estf’fi
659 1100 843 1133 laetaminis
870 1101 1027 1144 aspersio.

68 1148 200 1196 agrisffl,
227 1152 278 1184 vel
308 1150 434 1195 quod5⁸
462 1153 590 1197 extergi
612 1156 777 1196 oporteat,
802 1152 961 1196 quicquid
990 1153 1137 1185 sordium
1164 1153 1195 1185 in
1221 1153 1353 1186 civitate
1368 1149 1577 1186 redundat³⁹.

542 1206 586 1237 Et
613 1204 720 1237 dictus
746 1204 858 1245 fimus,
887 1204 981 1246 quod
1009 1205 1066 1236 fiat
1093 1201 1217 1245 mus⁴¹¹,
1245 1205 1279 1237 id
1303 1210 1350 1237 est
1377 1210 1520 1245 stercus,
1558 1198 1689 1246 (μιοά112
1715 1201 1820 1246 vulgo
1848 1200 2011 1234 laetamen

67 1203 123 1246 qui
149 1215 211 1247 per
237 1215 336 1248 agros
364 1204 490 1238 iacitur.

1100 1100 1234 1135 Stercus
1261 1107 1370 1135 autem
1398 1106 1571 1139 vocatum,
1617 1099 1670 1132 vel
1698 1099 1776 1142 quia
1803 1099 1955 1130 sternitur
1982 1100 2012 1131 in

1632 1151 1726 1183 Idem
1751 1154 1799 1182 est
1816 1154 1848 1182 et
1870 1149 1967 1182 fimus
1977 1147 2012 1191 ⁶⁰,

66 1260 220 1295 vocatur,
249 1266 290 1287 eo
318 1256 409 1298 quod
437 1267 495 1288 suo
523 1256 722 1288 nutrimento
750 1256 836 1287 laeta
857 1252 991 1287 saciat63
1018 1252 1211 1299 germinam,
1239 1256 1424 1299 reddatque
1453 1267 1531 1288 arva
1559 1254 1696 1299 pinguia
1710 1250 1735 1270 ⁶³
1763 1258 1794 1284 et
1821 1250 2009 1286 fecundaffi.

232 1306 265 1339 ⁴.
320 1306 461 1340 Occatio
490 1312 554 1345 est,
595 1317 671 1339 cum
698 1306 808 1339 rustici
838 1307 963 1338 satione
991 1306 1078 1339 facta
1105 1304 1253 1339 bobusffl
1282 1307 1419 1339 dimissis
1447 1307 1593 1352 grandes
1621 1304 1741 1350 glebas
1768 1304 1911 1337 caedunt
1937 1316 1975 1338 ac
1987 1303 2011 1321 ‘⁵⁸

67 1357 234 1400 ligonibus
261 1357 435 1402 frangunt,
463 1363 495 1390 et
522 1358 612 1390 dicta
638 1358 768 1391 occatio
796 1358 888 1400 quasi
916 1358 1123 1397 obcaecatio,
1150 1358 1241 1401 quod
1265 1359 1395 1403 operiat
1409 1356 1433 1375 ⁰¹³
1461 1358 1584 1392 semina
1596 1355 1630 1391 ⁷⁰.

67 1414 115 1439 est
145 1409 275 1452 operire
298 1415 394 1442 terra'
413 1409 537 1441 semina
548 1405 583 1450 ⁷³,
610 1409 700 1449 vites,
729 1409 781 1441 vel
805 1409 948 1441 arbores

231 1458 264 1492 5.
318 1461 482 1494 Runcatio
511 1467 557 1493 est
583 1472 601 1492 a
625 1466 712 1493 terra
723 1457 747 1477 ⁷⁴
773 1460 894 1492 herbas
921 1457 1109 1493 evellere75.

1687 1355 1819 1389 Occare
1832 1352 1854 1372 ⁷¹
1876 1353 2011 1400 igitur⁷²

1166 1461 1249 1492 ‘Nam
1276 1473 1330 1493 rus
1356 1468 1441 1493 terra
1471 1466 1526 1493 est.

168 1512 289 1545 Sulcus
317 1524 335 1544 a
358 1513 429 1545 sole
456 1508 642 1552 vocatusffi,
675 1511 767 1554 quod
794 1512 973 1556 proscissus
998 1512 1103 1544 solem
1131 1513 1251 1556 capiat.

169 1562 368 1596 vervactum
383 1560 407 1579 ⁷⁷
433 1563 559 1596 dictum
571 1559 595 1579 ⁷⁸
621 1563 712 1606 quasi
739 1574 817 1595 vere
845 1568 974 1606 actum,
1002 1563 1037 1595 id
1059 1568 1105 1595 est
1132 1575 1233 1596 verno
1257 1568 1394 1596 aratum.

167 1614 346 1648 Proscissio
376 1619 424 1648 est
450 1615 553 1648 aratio
580 1615 706 1659 prima,
734 1625 810 1648 cum
838 1614 952 1648 adhuc
978 1626 1061 1660 ager
1088 1615 1188 1647 durus
1215 1611 1307 1648 estw.

62 1715 146 1751 ginti
168 1716 372 1744 voluminibus
401 1721 428 1744 et
458 1722 522 1743 octo
548 1717 604 1744 Gu.
627 1719 653 1747 1.
681 1733 715 1737 —
749 1717 860 1753 viginti
883 1722 1016 1754 quatuor

66 1757 96 1784 Z.
110 1774 152 1778 —-—
164 1758 274 1786 XXlll.
287 1759 323 1788 al.
336 1778 373 1781 —
391 1758 478 1796 Vulg.
489 1759 646 1789 XVIll.—
669 1758 717 1798 36)
729 1761 849 1797 Scripsit
863 1760 893 1787 Z.
910 1775 947 1780 —-
966 1760 1016 1797 37)

66 1798 203 1837 deincep-v
225 1801 256 1829 Z.
279 1817 320 1823 —
343 1800 414 1829 inde
436 1801 480 1830 ed.
505 1801 595 1831 Goth.
618 1818 660 1823 ——
690 1800 738 1841 38)
768 1808 873 1830 arator
902 1802 938 1830 al.
969 1812 1015 1839 pr.

65 1857 107 1862 —
129 1841 176 1880 39)
202 1843 250 1871 sic
271 1844 304 1873 Ζ.
327 1844 381 1872 Gu.
402 1846 428 1874 1.
448 1847 478 1874 2·
498 1860 540 1865 —
563 1843 696 1872 eiusdem
719 1844 838 1883 discipl.
870 1844 950 1881 vulg.
973 1860 1015 1866 —-

65 1881 114 1922 40)
140 1889 181 1910 est
205 1895 263 1913 om.
287 1895 334 1914 va.
358 1902 400 1906 ——
421 1886 634 1923 41)f2·1-untm·
656 1888 711 1915 Gu.
735 1890 762 1917 1.
781 1903 821 1908 -
841 1888 889 1923 42)
907 1893 932 1913 ct
956 1897 1012 1915 om.

66 1935 115 1954 va.
141 1943 174 1947 ·—
209 1927 257 1963 43)
287 1929 499 1966 Jlumugisum
529 1929 585 1958 Gu.
607 1932 636 1960 2.
663 1945 704 1950 —
733 1930 779 1966 44)
804 1930 941 1967 primum
967 1939 1013 1957 va.

65 1984 107 1989 —
129 1968 180 2007 45)
202 1969 251 1996 Sic
270 1970 326 1999 Gu.
347 1973 373 2001 1.
389 1988 427 1993 —
446 1971 530 2007 ferro
551 1973 584 1999 in
608 1973 662 2001 Gr.
678 1977 787 2000 vertere
809 1978 921 1999 terram
943 1973 1012 1998 inst.

65 2011 143 2048 vulg.
167 2028 208 2033 -—
231 2013 262 2039 in
289 2013 339 2041 Gr.
364 2018 434 2041 vert.
453 2014 542 2050 ferro
571 2019 638 2042 terr.
661 2016 730 2043 inst.
754 2015 810 2042 Gu.
836 2018 864 2046 2.
888 2030 930 2036 —-
965 2012 1012 2053 46)

66 2054 234 2082 Stercutius
261 2055 347 2084 Arev.
373 2065 387 2083 e
410 2055 483 2083 Plin.
506 2056 597 2093 XVII,
616 2057 644 2087 9.
667 2057 717 2086 sed
741 2057 887 2085 Harduin.
909 2067 923 2085 e
942 2066 1011 2084 mss.

66 2096 135 2133 legit
158 2098 323 2126 bra-cutus.
346 2114 387 2119 —
409 2096 456 2137 47)
466 2098 514 2125 Sic
538 2099 586 2127 Ar.
608 2115 650 2120 —
673 2102 773 2138 apico
787 2100 868 2137 vulg.
886 2117 923 2121 —-
939 2100 1011 2137 pico

66 2138 125 2168 Gu.
152 2143 177 2169 1.
203 2155 239 2160 —
274 2139 322 2180 48)
339 2141 478 2178 plurima
500 2141 530 2168 Z.
558 2156 601 2162 —
638 2142 687 2177 49)
720 2142 803 2181 quod
822 2152 867 2173 va.
891 2158 932 2164 —
967 2143 1012 2178 50)

65 2188 275 2221 compararent
300 2193 347 2211 va.
377 2199 417 2206 -—
447 2182 493 2219 51)
518 2185 705 2221 aqniruntur
726 2195 773 2212 va.
796 2201 837 2207 --
866 2185 915 2222 52)
939 2185 1011 2212 Diu.

65 2229 128 2253 ant.
151 2226 227 2252 mim
250 2235 297 2254 va.
327 2242 368 2246 —
407 2228 452 2262 53)
470 2227 563 2263 prius
591 2225 657 2254 add.
689 2227 769 2265 vulg.
798 2226 937 2268 (primus
960 2226 1012 2266 Z.)

65 2282 105 2287 -
128 2266 193 2296 Om.
218 2267 272 2295 Gu.
292 2271 319 2298 1.
343 2284 383 2289 —
405 2268 453 2305 54)
470 2268 518 2296 Sic
542 2268 598 2298 Gu.
619 2271 646 2298 1.
660 2284 702 2290 —
724 2269 809 2307 Vulg.
824 2270 947 2308 Duplex
970 2275 1011 2296 est

66 2314 167 2337 autem
189 2312 351 2340 ‹1t·(1ti0.——
366 2309 474 2339 Ed.va.
497 2311 618 2349 Duplex
640 2312 742 2338 aratio
766 2317 816 2339 est.
837 2331 873 2335 —
898 2311 945 2351 55)
962 2312 1011 2340 Sic

67 2351 122 2379 Gu.
142 2356 168 2384 1.
187 2355 214 2384 2.
239 2371 276 2374 -
301 2363 416 2380 vacuus
446 2363 519 2391 ager
541 2353 622 2391 vulg.
650 2369 693 2375 —
725 2355 771 2387 56)
800 2360 842 2381 est
874 2365 930 2384 om.
954 2355 1010 2382 Gu.

69 2397 97 2422 1.
119 2397 145 2424 2.
172 2410 212 2416 —
250 2394 297 2436 57)
320 2397 421 2432 magis
448 2396 478 2425 Z.
510 2414 547 2419 ·—-
584 2397 632 2434 58)
655 2397 729 2435 quia
758 2396 787 2425 Z.
815 2397 871 2424 Gu.
895 2400 924 2428 2.
965 2407 1010 2425 va.

1060 1717 1124 1745 Om,
1148 1717 1185 1744 al.
1209 1726 1252 1755 pr.
1276 1731 1316 1737 —
1341 1717 1385 1751 59)
1410 1717 1470 1742 .ςίπέ
1494 1712 1578 1752 quod
1604 1714 1701 1739 verius
1731 1711 1786 1749 (est
1810 1710 1878 1740 add.
1903 1711 1968 1747 Ar.)
1991 1722 2010 1738 a

1059 1760 1157 1786 Slerce
1188 1758 1245 1797 (nl)
1269 1764 1379 1785 stercen
1404 1758 1463 1795 Z.)‚
1493 1758 1547 1794 qui
1576 1762 1602 1783 <t
1627 1758 1784 1782 Stet-<utus
1816 1752 1918 1780 (lictus
1940 1753 2008 1781 add.

1058 1802 1088 1830 Z.
1114 1804 1162 1832 Ar.
1184 1818 1225 1823 —
1248 1802 1295 1837 60)
1312 1802 1359 1829 Sic
1377 1801 1432 1828 Gu.
1452 1802 1477 1830 1.
1498 1802 1527 1830 2.
1543 1815 1584 1819 ——
1607 1797 1688 1825 silem.
1710 1802 1736 1824 et
1750 1798 1850 1834 simu-5
1872 1802 1913 1823 est
1932 1796 2009 1831 vulg.

1060 1862 1097 1865 —
1122 1846 1166 1881 61)
1186 1844 1234 1872 Sic
1255 1844 1304 1872 Ar.
1328 1863 1363 1866 —
1384 1842 1469 1879 Vulg.
1492 1840 1575 1880 quod
1592 1842 1654 1878 sint
1679 1841 1774 1875 imus,
1799 1849 1874 1877 quae
1899 1849 1955 1867 om.
1978 1839 2007 1867 Z.

1059 1887 1115 1914 Gu.
1137 1889 1163 1917 1.
1182 1889 1209 1917 2.
1233 1904 1270 1908 -—
1290 1887 1322 1913 A
1337 1896 1403 1913 mus
1428 1886 1538 1912 factum
1563 1888 1606 1911 cst
1628 1881 1798 1909 muscerda.
1820 1898 1860 1902 —
1884 1881 1929 1918 62)
1955 1883 2009 1918 (μα’

1056 1940 1103 1967 pr.
1126 1945 1167 1950 -—
1191 1932 1235 1963 63)
1254 1930 1338 1965 facit
1364 1929 1419 1955 Gu.
1437 1930 1463 1958 2.
1486 1942 1527 1947 —-
1551 1930 1595 1958 (³4)
1616 1926 1762 1962 gramina
1785 1925 1814 1952 Z.
1829 1941 1866 1945 —
1894 1926 1937 1955 65)
1959 1924 2009 1952 Sic

1056 1973 1088 2001 Z.
1114 1972 1169 1999 Gu-
1194 1973 1223 2001 1.
1246 1973 1275 2001 2.
1299 1981 1344 1999 va.
1368 1986 1409 1991 —
1426 1970 1515 2007 ping.
1538 1978 1616 1995 arva
1638 1968 1718 2005 vulg.
1736 1983 1776 1988 —
1798 1964 1846 2004 66)
1860 1966 2006 2003 sec-undet

1057 2015 1088 2043 Z.
1117 2029 1158 2035 —-
1188 2012 1233 2051 67)
1251 2013 1300 2041 Sic
1317 2014 1372 2041 Gu.
1390 2015 1416 2042 1.
1433 2012 1468 2039 al.
1484 2027 1525 2032 —
1548 2010 1674 2038 bovibus
1693 2010 1730 2039 al.
1752 2026 1793 2031 —
1817 2009 1913 2037 bubus
1927 2009 2006 2045 vulg.

1057 2073 1096 2078 -
1117 2058 1163 2090 68)
1188 2065 1225 2082 ac
1247 2065 1303 2094 pro
1330 2061 1355 2083 et
1379 2055 1410 2083 Z.
1435 2055 1491 2083 Gu.
1511 2057 1538 2085 2.
1562 2063 1610 2083 va.
1635 2070 1672 2074 -
1697 2064 1718 2080 α
1743 2052 1898 2090 ligonibus
1913 2053 2005 2088 fran-

1052 2101 1139 2137 gitur
1161 2099 1218 2126 Gu.
1241 2100 1266 2128 1.
1281 2114 1320 2120 --
1345 2097 1394 2136 69)
1412 2101 1527 2134 oper-tat
1550 2097 1580 2123 Z.
1603 2112 1645 2118 —
1666 2093 1716 2135 70)
1739 2097 1854 2123 semina
1878 2105 1935 2123 om.
1955 2095 2004 2122 Ar.

1054 2157 1096 2162 ——
1124 2139 1170 2176 71)
1197 2142 1341 2168 Occecare
1365 2140 1422 2168 Gn.
1445 2141 1471 2170 1.
1490 2155 1531 2160 —-
1554 2139 1601 2175 72)
1625 2149 1695 2176 ergo
1719 2138 1751 2168 Z.
1775 2155 1813 2159 —
1844 2136 1890 2175 73)
1910 2142 2004 2164 terrae

1054 2194 1122 2211 sem.
1146 2183 1176 2211 Z.
1199 2199 1240 2205 —
1263 2189 1343 2211 terra
1365 2193 1435 2210 sem.
1460 2191 1517 2220 pro
1540 2192 1608 2208 setn.
1632 2188 1699 2209 terr.
1725 2182 1780 2210 Gu.
1798 2184 1822 2211 1.
1837 2183 1865 2212 2.
1889 2189 1934 2206 va.
1951 2178 2000 2205 Ar.

1054 2243 1095 2248 —
1118 2231 1199 2253 terra
1220 2236 1277 2254 om.
1302 2236 1347 2264 pr.
1377 2241 1418 2247 —
1449 2224 1496 2262 74)
1520 2234 1539 2251 α
1563 2229 1643 2252 terra
1678 2234 1734 2252 om.
1761 2223 1816 2251 Gu.
1837 2226 1862 2252 1.
1882 2236 1922 2242 —
1955 2217 1999 2255 75)

1053 2268 1178 2296 avellere
1195 2268 1225 2297 Z.
1246 2285 1288 2290 —
1310 2268 1413 2296 vellere
1436 2267 1473 2294 al.
1495 2283 1538 2288 —
1560 2265 1605 2304 76)
1630 2272 1756 2294 vocatur
1780 2266 1835 2292 Gu..
1849 2265 1876 2293 2·
1893 2278 1928 2282 -
1952 2261 1997 2294 77)

1055 2311 1105 2339 Sic
1122 2311 1211 2340 Arev.
1229 2327 1270 2332 —
1298 2312 1458 2339 Vfracmm
1479 2309 1560 2347 vulg.
1584 2325 1625 2330 —-
1647 2308 1692 2346 78)
1717 2309 1765 2335 Sic
1792 2307 1845 2333 Gu.
1866 2307 1888 2332 1.
1914 2305 1942 2332 2.
1958 2319 1997 2324 —

1054 2353 1166 2381 (licitur
1176 2354 1255 2391 vulg.
1265 2370 1304 2375 ·—
1325 2357 1372 2389 79)
1385 2353 1432 2381 Sic
1444 2352 1501 2380 Gu.
1513 2355 1592 2382 1.Va.
1607 2368 1648 2373 —
1659 2351 1757 2378 durus
1775 2353 1814 2374 ast
1831 2355 1902 2381 ager
1917 2344 1997 2382 vulg.

1054 2413 1087 2418 -—
1109 2395 1207 2424 durus
1230 2406 1303 2434 ager
1325 2402 1367 2424 ese
1389 2396 1419 2424 Z.
1444 2396 1499 2423 Gu.
1518 2397 1547 2426 2.

1456 2438 1490 2470 U
1505 2449 1524 2469 u
1541 2449 1559 2468 u
1582 2439 1598 2458 *
