2264 2830
641 97 874 132 1NS'P1'1‘.

56 191 154 230 galim:
184 197 227 221 aut
252 202 302 232 per
323 201 351 226 r,
376 196 402 220 ut
425 190 530 225 audax,
554 189 709 225 audaciter,
740 188 854 229 loquax,
886 189 1004 229 loquaci-

56 240 107 264 tcr.
154 234 210 263 Sed
234 233 435 263 meminerimus
465 232 594 262 audacter
622 232 785 261 eruditorum
814 231 1006 261 consuetudine

57 276 115 306 sine
138 279 149 305 i
172 276 250 305 litera
274 275 373 305 elatum
388 275 414 310 ¹,
440 285 492 304 non
515 280 540 304 ut
563 274 717 314 procaciter
739 281 781 303 aut
805 274 963 315 loquaciter.

126 328 172 356 11.
196 329 218 355 Α
243 326 377 355 femininis
407 335 512 366 quoque
540 324 691 354 nominibus
715 337 731 354 (ι
755 325 833 355 litera
856 324 1007 354 terminatis

59 375 202 398 nascuntur
225 368 358 398 adverbia
388 371 424 397 im
452 367 538 397 literis
563 367 652 401 linita,
686 373 710 396 ut
736 367 832 402 fascia,
865 367 1006 401 l'asciatim‚

59 411 197 445 centuria,
222 411 407 445 centuriatim,
436 409 563 444 decuria,
589 409 757 439 decuriatim.
810 409 937 439 Nonnulli
962 420 1006 437 au-

60 458 114 482 tem
138 452 295 483 decuriatim
325 458 349 481 ct
383 451 552 481 centuriatim
583 462 634 480 non
663 462 678 480 a
702 451 838 481 dccuria²
868 458 892 481 et
919 457 1007 480 centu-

60 495 120 530 ria,
151 495 199 524 sed
223 506 238 524 a
261 494 409 524 decurione
440 499 466 523 et
493 493 651 523 centurione
674 500 760 523 tracta
788 499 894 534 putant:
929 493 1007 522 sicuti

60 536 96 566 ab
118 537 215 566 ordine
245 536 409 571 ordinatim,
447 541 489 564 aut
519 535 552 564 ab
576 535 716 571 ordinato,
749 547 801 565 non
825 535 1009 575 intelligentes

62 579 163 609 similia
185 580 292 608 nomina
321 588 373 607 nou
403 588 464 606 esse
487 577 611 607 ordinem
640 584 665 608 et
695 578 888 608 centurionem.
940 577 1010 606 Nam

63 627 89 651 ut
112 621 181 651 ordo
204 627 230 650 et
252 619 374 650 centurio
397 630 429 648 ea
454 620 549 658 ligura,
570 631 621 660 qua
646 626 785 661 utrumque
808 632 821 648 o
843 620 1008 654 terminatur,

6 670 56 710 66]
66 663 165 693 similia
187 668 259 698 sunt,
285 663 321 692 ita
340 673 390 701 qua
407 661 419 700 ΙΙ
436 661 511 691 litate
533 668 557 691 et
580 663 779 701 significatione
796 662 925 702 disparia.
959 662 1010 691 Fa-

64 706 168 736 sciatim
189 715 296 745 quoque
318 714 370 733 uon
394 715 409 732 a
430 703 513 733 fascia
536 710 627 744 putant
649 711 777 739 tractum,
807 704 854 734 sed
880 716 895 733 a
919 704 1011 736 fasce:

61 747 194 788 siquidem
218 746 350 776 l'asciatim
381 752 493 775 tractum
521 758 572 775 non
597 758 647 786 pcr
673 747 785 782 lascias,
818 746 867 775 sed
899 757 948 786 per
971 745 1010 773 l'a-

61 800 137 825 sees,
170 795 196 819 ut
219 788 390 819 centuriatim
420 799 473 818 non
499 800 550 828 per
577 789 771 825 centuriones,
803 789 852 818 sed
877 799 928 828 per
949 797 1010 816 cen-

63 838 155 862 turias.

133 885 179 913 12.
213 881 237 910 Α
267 881 368 910 neutris
399 891 507 921 quoque
534 880 685 910 nominibus
711 880 852 910 trabuntur
881 878 1013 909 adverbia

65 927 99 954 im
134 924 222 953 literis
255 923 416 958 terminata,
453 930 477 952 ut
511 923 675 957 membrum,
715 921 899 957 membratim,
935 921 1012 955 uber,

64 965 189 996 ubertim.
235 964 378 995 Nonnullis
407 965 597 994 Grammaticis
621 965 725 1004 placet,
756 970 782 994 ut
812 975 826 993 a
851 963 1011 996 nominibus,

65 1009 105 1038 sie
129 1008 209 1037 etiam
233 1019 248 1036 a
272 1007 425 1048 participiis
455 1013 481 1036 et
513 1006 731 1047 pronominibus,
764 1012 789 1035 ut⁴
817 1006 936 1036 verbis-³
966 1005 1012 1034 ad-

64 1049 162 1080 verbia
186 1050 316 1089 ligni-ari,
344 1055 369 1078 ut
393 1049 427 1077 ab
449 1059 497 1083 eo,
522 1048 592 1087 quod
617 1054 655 1077 est
681 1049 778 1081 iustus,
809 1048 877 1078 iuste
900 1049 956 1080 liat:
980 1047 1014 1077 ab

66 1103 118 1128 eo,
148 1093 219 1133 quod
248 1097 288 1121 est
318 1091 441 1130 sapiens,
475 1090 616 1131 sapienter
648 1090 761 1120 dicatur.
808 1090 867 1120 Nee
893 1091 978 1120 minus·
1000 1101 1016 1118 a

66 1135 228 1175 pronomine
263 1143 307 1162 me
341 1132 465 1167 meatim,
502 1139 529 1161 te
561 1132 698 1164 tuatim⁴;
742 1132 859 1172 denique
899 1131 933 1161 ab
971 1143 1015 1167 eo,

66 1176 139 1217 quod
161 1182 200 1206 est
222 1184 317 1210 curre,
348 1174 461 1209 cursim,
492 1184 600 1214 punge,
630 1175 756 1214 punctim.
802 1174 870 1204 Mihi
894 1174 1018 1204 videntur

67 1229 184 1253 errare,
215 1217 286 1258 quod
309 1216 468 1246 adverbium
491 1217 629 1255 sapienter
653 1222 743 1256 putent
766 1226 782 1244 a
807 1216 950 1256 participio
970 1217 1016 1245 de-

67 1260 243 1294 scendet-0⁵,
281 1269 339 1287 cum
370 1258 482 1298 sapiens
512 1264 565 1287 tam
602 1269 699 1286 nomen
730 1258 764 1287 sit
799 1269 878 1298 quam
909 1259 1016 1298 partiei-

68 1303 154 1343 pium:
184 1311 278 1330 vcrum
295 1299 466 1340 participium
489 1300 594 1339 indiget
617 1306 758 1340 tempore,
793 1300 1019 1340 comparatione‘3

67 1354 184 1377 nomen,
218 1348 244 1372 ut
266 1342 336 1371 haec
359 1341 417 1382 ipsa
448 1341 616 1381 tigni-<indm
640 1352 675 1370 ex
703 1353 734 1371 se
767 1341 900 1372 adverbia
924 1343 1018 1377 l'aciat;

67 1386 201 1427 siquidem
232 1384 344 1424 legens,
375 1394 476 1412 vsu-ans
506 1394 673 1424 nequaquam
698 1389 836 1414 transeant
865 1384 892 1414 in
921 1385 1018 1415 adver-

65 1428 122 1458 bia.
178 1426 238 1456 Λῖθ
275 1437 308 1455 au
340 1425 485 1456 evidenter
515 1426 651 1461 dicamus,
682 1426 837 1465 sapienter,
876 1427 1018 1462 audenter,

69 1470 129 1511 quis
151 1468 275 1499 dubitat?
311 1467 369 1497 §cd
392 1479 445 1497 non
469 1479 501 1497 ea
525 1468 598 1508 lege,
623 1480 675 1508 qua
698 1468 843 1508 partieipia
865 1476 938 1504 sunt,
970 1469 1020 1498 sed

69 1524 122 1553 qua
150 1511 232 1541 etiam
264 1510 497 1550 comparationem
525 1510 675 1550 recipiant,
714 1510 785 1550 quod
815 1517 855 1541 est
883 1512 1019 1541 nominum

69 1554 221 1594 proprium.
264 1552 336 1582 Nam
361 1552 383 1582 si
407 1552 441 1581 ab
465 1564 514 1587 eo,
538 1552 609 1592 quod
633 1559 672 1582 est
695 1559 829 1588 constans,
858 1553 1019 1583 adverbium

71 1596 209 1625 diceretur
231 1601 395 1629 constanter,
419 1594 477 1635 quis
494 1594 624 1624 dubitabit
645 1600 670 1624 et
693 1594 727 1623 ab
749 1605 792 1629 et),
817 1595 888 1635 quod
911 1601 951 1625 est
973 1606 1017 1625 ae-

71 1637 161 1672 difico,
184 1636 341 1671 aedificans,
365 1636 544 1666 aedilicantcr
566 1637 634 1669 dici:
663 1642 688 1666 et
711 1636 734 1666 si
757 1636 791 1665 ab
815 1648 859 1672 eo,
883 1637 953 1677 quod
978 1644 1017 1667 est

71 1680 195 1719 sapiens,
230 1678 385 1718 sapienter,
422 1678 498 1716 [item
532 1678 667 1718 sapi]o‘³‚
705 1679 832 1718 sapiens,
871 1680 1017 1720 sapienter.

72 1721 153 1758 Quod
182 1731 241 1749 cum
268 1721 377 1749 omnino
406 1720 504 1760 regula
533 1720 620 1750 Latini
647 1721 781 1750 sermonis
808 1732 861 1750 nou
890 1721 1019 1757 admittat,

74 1762 181 1803 [procul
197 1761 291 1800 dlubio
313 1767 419 1791 remota
442 1761 586 1803 participia
608 1769 666 1792 sunt
689 1762 724 1792 ab
747 1762 799 1791 hae
821 1763 1022 1803 figurandorum

73 1815 109 1835 ex
131 1815 162 1835 se
188 1802 382 1834 adverbiorum
405 1804 540 1835 facultate.
592 1805 626 1835 Et
651 1806 673 1835 si
696 1816 749 1845 qua
772 1805 896 1835 videntur
919 1817 935 1835 a
958 1817 1020 1846 pro-

144 1912 172 1944 1)
192 1912 244 1936 Sed
263 1911 454 1937 meminerimus
472 1913 637 1937 cruditorum
656 1913 872 1938 consuetudinem
883 1922 933 1946 per
950 1916 963 1939 τ’
980 1914 1024 1938 lit-

75 1951 160 1974 teram
178 1948 288 1972 clatum.
325 1947 365 1971 Ita
385 1946 451 1972 cod.
480 1951 570 1979 aperte
597 1952 687 1972 contra
712 1952 821 1972 mentem
847 1948 1023 1972 Grammatici.

75 1981 234 2007 Emendavit
251 1981 300 2006 iam
320 1981 372 2006 Ed.
392 1990 431 2014 pr.
468 1980 506 2006 De
529 1982 653 2007 adverbio
682 1983 812 2007 audacter
840 1987 866 2006 et
884 1983 1024 2007 audaciter

77 2017 112 2041 ef.
137 2015 263 2040 Priscian.
294 2015 339 2041 tit».
366 2014 432 2046 XV,
460 2014 488 2047 4,
515 2016 557 2041 21.
591 2025 651 2050 pag.
677 2017 737 2043 625.
765 2021 825 2041 tom.
852 2016 873 2042 I.
907 2017 947 2041 ed.
974 2017 1022 2042 ΚΥ.

77 2051 105 2082 2)
129 2049 189 2075 Non
210 2058 226 2074 α
245 2050 321 2074 curia
342 2049 391 2074 Ed.
411 2057 450 2082 pr.
554 2050 582 2081 3)
602 2051 638 2075 Et
660 2060 676 2075 a
696 2051 777 2075 uerbis
804 2051 883 2077 Fabr.
904 2051 933 2076 P.
960 2055 988 2076 ut
1008 2060 1024 2076 α

77 2085 161 2110 verbis
185 2085 237 2109 Ed.
258 2093 298 2118 pr.
324 2088 353 2109 ut
380 2083 464 2108 verbis
491 2082 557 2110 Cod.
661 2086 687 2117 4)
719 2085 756 2110 Te
778 2085 874 2110 tuatim
904 2085 973 2110 Edd.
1000 2090 1023 2110 et

77 2118 175 2145 tuatim
215 2118 281 2143 Cod.
409 2118 442 2149 5)
474 2117 640 2144 Dcsccmlere
675 2120 745 2147 Edd.
785 2120 925 2151 defendere
957 2120 1023 2146 Cod.

77 2154 107 2185 6)
129 2153 332 2185 Compar-atione
351 2151 432 2178 Fabr.
451 2151 481 2178 P.
511 2153 673 2185 comparatio
696 2154 748 2181 Ed.
768 2162 808 2187 pr.
824 2154 890 2178 Cod.
926 2154 955 2178 In
975 2154 1025 2178 Ed.

78 2196 121 2221 pr.
147 2192 208 2212 ante
235 2195 259 2211 v.
287 2187 448 2219 comparatio
476 2184 552 2219 plena
578 2191 618 2211 est.
641 2187 826 2221 intel-punctim
936 2189 963 2220 7)
992 2188 1026 2213 Ut

80 2222 144 2246 hacc
162 2221 221 2253 ipsa
239 2221 393 2254 figurando
421 2221 500 2247 Fabr.
528 2220 556 2247 P.
583 2221 646 2246 haec
670 2222 728 2254 ipsa
745 2222 893 2255 figurandi
916 2222 966 2247 Ed.
985 2231 1025 2256 pr.

82 2265 132 2283 om.
158 2259 198 2280 ut.
240 2256 299 2280 Hac
317 2255 375 2288 ipsa
393 2255 542 2287 figurandi
561 2255 627 2282 Cod.
647 2264 696 2282 om.
720 2261 761 2282 ut.
867 2257 894 2287 8)
916 2258 958 2283 Ac.
996 2257 1026 2282 In

80 2298 147 2325 eod.
172 2300 212 2322 est
237 2302 266 2322 at
288 2297 326 2321 sic
349 2297 444 2323 lineola
466 2306 545 2331 supra
568 2298 656 2324 ducta.
760 2300 788 2329 9)
812 2299 885 2324 Haec
909 2304 935 2325 et
960 2308 1026 2332 quae

81 2341 139 2357 mox
159 2331 232 2357 uncis
250 2336 310 2357 sunt
327 2331 425 2358 inclusa
443 2332 469 2357 in
483 2332 548 2357 Cod.
568 2341 618 2356 nou
636 2335 706 2357 recte
723 2332 775 2365 legi
792 2338 914 2366 possunt:
934 2334 958 2358 in
973 2334 1023 2359 Ed.

82 2375 122 2401 pr.
141 2366 226 2392 hiatus
245 2370 284 2392 est
308 2366 401 2392 nullus.
507 2368 551 2398 lo)
578 2367 627 2392 Est
655 2367 817 2393 desideratur
840 2368 866 2393 iu
895 2368 972 2394 Fabr.
993 2369 1022 2394 Ρ.

916 95 1099 132 GRAM.
1143 96 1334 131 LIBER
1375 95 1414 129 11.

1916 93 1988 126 los)

1040 189 1192 218 nominibus
1213 187 1285 218 trabi
1309 187 1458 222 adverbia,
1484 192 1581 216 tantum
1603 187 1628 216 in
1651 184 1893 215 Grammaticorum
1916 196 1986 214 com-

1041 232 1181 260 mentariis
1211 231 1465 265 animadvertimus,
1493 230 1519 259 in
1550 229 1741 259 consuetudine
1770 240 1822 258 non
1851 229 1988 261 videmus:

1042 284 1111 313 quae
1145 280 1168 302 ut
1205 273 1317 307 l'ucrint,
1352 279 1440 302 tamen
1471 282 1601 301 consensu
1631 270 1730 311 publici
1760 282 1821 300 usus
1853 272 1988 311 antiquata

1042 322 1110 346 sunt.
1157 316 1212 345 Etsi
1236 315 1369 345 nonnullis
1393 315 1480 356 plau-et
1504 325 1519 343 a
1542 313 1633 343 verbis
1654 314 1712 343 lieri
1736 312 1883 348 adverbia,
1905 320 1931 343 ut
1954 314 1988 342 ab

1044 370 1087 393 eo,
1112 358 1183 398 quod
1207 364 1245 387 est
1269 369 1363 393 curro,
1388 358 1501 392 cursim,
1527 368 1634 396 pungo,
1661 355 1789 395 punctim:
1823 366 1878 394 ego
1901 362 1989 385 tamen

1043 410 1155 440 quaere,
1179 399 1242 439 quid
1260 400 1294 429 ita
1319 411 1370 430 non
1394 401 1481 440 potius
1504 398 1638 428 adverbia
1663 409 1679 426 a
1699 397 1804 427 vocabu
1820 396 1834 439 Η
1849 397 1881 427 tis
1904 398 2080 436 t1=:·1·ta[t(›7¹,

1044 443 1114 477 sint,
1148 441 1182 470 ab
1211 452 1259 477 ee,
1292 443 1466 482 quode-'1¹¹'
1490 447 1630 482 punctum,
1664 441 1797 480 punctim,
1830 446 1856 469 et
1887 440 1921 469 ab
1946 451 1990 475 co,

1044 484 1115 524 quod
1139 490 1178 514 est
1209 494 1316 519 cursus,
1340 485 1455 517 cursim:
1488 485 1526 514 sic
1549 484 1620 512 enim
1651 483 1677 512 in
1707 482 1894 523 superioribus
1924 483 1993 512 dixi-

1044 537 1117 556 mus:
1152 526 1260 555 nomina
1288 538 1318 555 us
1349 527 1491 557 terminata
1526 536 1711 565 nonnunpiam
1738 536 1771 553 ex
1801 535 1830 553 se
1862 524 1994 555 adverbia

1045 568 1138 598 facere
1163 568 1189 598 in
1212 572 1246 597 ιἰιι
1268 570 1404 598 exeuntia.
1450 568 1696 598 Animadvertimus
1726 566 1796 597 enim
1819 567 1910 596 omnia
1933 578 1994 596 ver-

1046 610 1097 645 ba,
1121 621 1191 650 quae
1213 621 1265 639 non
1289 618 1397 650 possunt
1421 612 1500 640 etiam
1526 611 1560 640 ad
1584 611 1691 639 nomina
1714 609 1839 645 transire,
1865 609 1937 639 nulla
1961 619 1995 638 ex

1046 663 1077 682 se
1100 652 1231 682 adverbia
1257 653 1357 683 l'acerc.

1115 696 1158 724 13.
1184 695 1322 725 Adverbia
1355 696 1452 725 localia
1480 695 1633 734 significant
1663 701 1704 724 aut
1742 694 1766 723 in
1790 694 1866 728 loco,
1893 699 1917 723 ut
1941 693 1993 723 Ro-

1046 747 1122 769 mae:
1153 743 1196 766 aut
1230 738 1255 766 in
1285 738 1388 772 lorum,
1422 744 1444 767 ut
1466 739 1593 770 Romam:
1620 743 1662 766 aut
1685 748 1733 776 per
1757 737 1858 771 locum,
1884 742 1908 765 ut
1932 735 1992 768 liae,

1047 779 1118 809 illac.
1167 779 1314 814 Adverbia,
1339 792 1407 820 quae
1429 791 1444 809 a
1468 780 1621 809 nominibus
1637 780 1657 797 '¹
1685 778 1837 811 trabuntur,
1862 784 1903 807 aut
1928 778 1994 807 inte-

1047 831 1126 860 gram
1149 821 1263 859 liguram
1287 823 1421 851 nominum
1443 829 1568 856 servant,
1594 827 1618 850 ut
1645 822 1762 855 Romae,
1793 820 1926 851 Puteolis:
1951 825 1995 848 aut

1049 863 1203 893 imminuunt
1227 870 1269 893 aut
1289 865 1315 881 ¹²
1339 865 1484 899 immutant,
1512 870 1535 894 ut
1558 863 1645 895 domi,
1670 869 1757 891 noctu.
1803 863 1874 891 Sicut
1901 863 1926 891 in
1949 871 1994 889 no-

1047 905 1162 935 minibus
1185 904 1315 941 diximus,
1350 906 1483 947 quaedam
1514 913 1556 935 aut
1583 905 1813 944 etunparationem
1844 914 1896 932 non
1929 904 1995 932 rcci-

1048 958 1137 988 pere,
1166 954 1208 976 aut
1233 948 1463 988 superlatioiwm,
1494 954 1536 978 aut
1561 954 1720 986 utrumque,
1748 953 1790 975 aut
1816 946 1901 986 prima
1926 945 1997 985 posi-

1048 991 1122 1019 tione
1145 1000 1258 1023 carere;
1287 991 1323 1019 ita
1346 991 1427 1019 etiam
1442 991 1466 1007 ¹³
1490 991 1516 1019 in
1539 988 1677 1018 adverbiis
1701 988 1771 1017 lianc
1799 999 1853 1016 an.
1877 987 2000 1016 liniuntur

1049 1032 1254 1067 sentcntiae¹⁴,
1286 1031 1321 1062 al)
1353 1032 1457 1062 eisdem
1480 1032 1582 1061 initium
1618 1037 1643 1060 et
1677 1042 1762 1071 saepe
1792 1030 1891 1059 faciunt
1907 1030 1932 1048 ¹³
1959 1040 2000 1057 se-

1051 1081 1174 1114 quentcs.

1117 1116 1163 1148 14.
1189 1115 1257 1145 Aliis
1271 1115 1297 1133 ¹⁶
1319 1115 1353 1145 de
1376 1114 1516 1144 adverbiis
1538 1114 1648 1153 longius
1671 1114 1811 1144 disserere
1834 1114 1870 1143 ita
1894 1113 2001 1153 placuit.

1052 1157 1219 1188 Adverbium
1243 1164 1283 1187 est
1305 1169 1369 1198 pars
1393 1158 1539 1192 orationis,
1575 1168 1645 1197 quae
1677 1157 1783 1186 adiecta
1808 1155 1894 1185 verbo
1917 1155 2002 1192 signi-

1053 1200 1206 1230 licationem
1229 1200 1286 1229 eius
1309 1200 1435 1240 explanat
1459 1206 1538 1240 atque
1561 1199 1662 1239 implet.
1710 1198 1746 1227 lta
1766 1209 1827 1227 nain
1845 1208 1904 1227 cum
1928 1197 2004 1226 dico:

1052 1242 1201 1271 Palaemon
1219 1242 1316 1277 docet,
1341 1242 1457 1272 nondum
1479 1241 1606 1280 significo
1629 1241 1693 1271 satis
1712 1241 1765 1270 vim
1784 1240 1892 1280 plenam
1915 1238 2003 1273 verbi,

1053 1285 1104 1314 nisi
1133 1285 1264 1314 adiecero
1289 1285 1361 1315 bene
1385 1290 1427 1314 aut
1450 1284 1530 1314 male.

1120 1337 1167 1365 15.
1199 1335 1257 1365 sod
1290 1336 1416 1376 quoniam
1447 1335 1545 1365 multae
1573 1333 1682 1375 species
1713 1338 1770 1361 sunt
1803 1331 2004 1365 adverbiorum,

1054 1377 1176 1417 singulas
1206 1378 1363 1407 adiecimus.
1419 1377 1563 1414 Qualitatis
1596 1384 1621 1405 et
1651 1374 1804 1414 quantitatis
1834 1381 1907 1410 sunt,
1936 1384 2006 1414 quae

1055 1430 1089 1449 ex
1112 1419 1230 1449 secundo
1253 1420 1350 1450 ordine
1375 1419 1532 1449 derivantur
1558 1419 1584 1448 in
1604 1430 1626 1454 c,
1649 1424 1674 1447 ut
1698 1417 1800 1451 doctus,
1823 1417 1918 1448 docte:
1942 1417 2006 1445 item

1055 1461 1175 1501 lepidus,
1207 1462 1309 1501 lepide.
1369 1461 1546 1501 Excipiuntur
1579 1466 1667 1489 autem
1698 1470 1733 1489 ex
1761 1459 1880 1489 secundo
1910 1458 2006 1487 ordine

1054 1504 1118 1538 (tuo,
1143 1514 1212 1544 quae
1236 1504 1261 1533 in
1284 1517 1296 1533 e
1315 1504 1399 1533 breve
1424 1504 1542 1538 veniunt,
1567 1509 1592 1533 ut
1615 1502 1699 1535 bcne,
1722 1501 1803 1531 male.
1850 1503 1914 1529 Sunt
1937 1510 2006 1539 quae

1054 1557 1070 1574 a
1095 1547 1176 1575 tertio
1199 1546 1294 1575 ordine
1319 1546 1475 1576 derivantur
1498 1546 1525 1575 in
1547 1550 1601 1581 ter,
1630 1544 1701 1573 velut
1718 1544 1742 1561 ¹⁷
1768 1543 1861 1577 sortis,
1888 1542 2004 1573 sortiter.

1054 1587 1137 1621 felix,
1168 1588 1294 1618 feliciter.
1341 1588 1517 1628 Excipiuntur
1547 1586 1684 1617 externo
1715 1585 1825 1620 ordine,
1859 1592 1883 1614 ut
1907 1584 2004 1618 facilis,

1054 1629 1151 1663 facile,
1175 1629 1251 1665 vitis,
1282 1629 1347 1660 vile.
1393 1630 1450 1659 Sed
1478 1629 1504 1659 in
1525 1628 1722 1669 compositione
1745 1627 1847 1661 facilis,
1872 1626 1942 1667 quod
1965 1631 2006 1655 eet

1055 1671 1189 1708 dillieilis,
1220 1671 1367 1702 difficulter
1390 1672 1462 1702 facit.

1124 1724 1171 1752 16.
1197 1722 1238 1751 Ex
1261 1723 1399 1757 omnibus,
1434 1732 1504 1762 quae
1525 1733 1556 1750 us
1579 1721 1772 1754 terminantur,
1803 1719 1911 1749 veniunt
1935 1727 2005 1745 com-

1057 1764 1213 1804 parationes
1237 1770 1262 1794 et
1284 1764 1499 1804 superlationes,
1523 1769 1715 1804 praeterquam
1735 1773 1769 1791 ex
1787 1762 1858 1791 bene
1882 1768 1908 1789 et
1925 1758 2005 1791 male,

1058 1817 1128 1846 quae
1156 1812 1285 1847 correpta
1314 1813 1385 1842 sunt;
1415 1805 1465 1836 sed
1488 1816 1522 1835 ex
1545 1805 1597 1841 liis,
1621 1815 1691 1846 quae
1714 1815 1726 1833 e
1748 1810 1810 1834 ante
1842 1814 1871 1831 us
1894 1801 2003 1831 habent.

1060 1913 1104 1945 11)
1124 1917 1181 1939 Ea:
1205 1915 1354 1940 nominibus
1378 1915 1460 1940 Fabr.
1481 1914 1513 1939 P.
1541 1922 1561 1938 ιι
1589 1921 1657 1937 nont.
1682 1912 1733 1937 Ed.
1752 1920 1791 1945 pr.
1808 1910 1872 1935 cod.
1963 1910 2005 1935 12)

1061 1950 1114 1973 Aut
1139 1949 1299 1974 imminuunt
1325 1953 1348 1974 et
1375 1947 1618 1974 imrinutant'Fabr.
1645 1947 1676 1972 P.
1702 1950 1749 1971 aut
1775 1945 1927 1970 imminuent
1957 1948 2004 1967 aut

1060 1983 1198 2008 immutent
1225 1984 1291 2008 Cod.
1316 1983 1368 2011 Ed.
1395 1992 1435 2017 pr.
1550 1983 1593 2014 13)
1619 1982 1661 2008 lta
1685 1981 1752 2005 enim
1777 1981 1854 2005 ctiam
1887 1978 1940 2003 Ed.
1964 1986 2004 2010 pr.

1061 2017 1104 2049 14)
1131 2017 1190 2041 Huc
1208 2018 1348 2049 finiantur
1378 2018 1509 2043 sententia
1532 2016 1614 2042 Fabr.
1640 2016 1671 2040 P.
1701 2016 1770 2040 hanc
1797 2023 1847 2039 an.
1864 2012 2005 2045 finiuntur

1060 2053 1205 2077 sententiae
1224 2052 1290 2077 Cod.
1309 2052 1359 2077 Ed.
1381 2061 1420 2086 pr.
1441 2052 1491 2076 nisi
1511 2051 1579 2084 quod
1603 2050 1629 2075 in
1647 2050 1699 2075 Ed.
1718 2058 1756 2083 pr.
1779 2052 1885 2082 puncta,
1913 2046 2005 2085 quibus

1059 2086 1240 2117 interpositum
1264 2090 1303 2112 est
1321 2096 1366 2115 m,
1387 2088 1489 2119 absunt,
1511 2090 1537 2111 et.
1554 2093 1599 2118 pro
1612 2085 1751 2117 finiuntur
1770 2083 1864 2114 legitur
1875 2081 2002 2113 fimatur.

1062 2121 1104 2152 15)
1128 2120 1161 2145 [Λ
1179 2129 1257 2153 saepe
1270 2121 1378 2153 faciant
1402 2121 1482 2147 Fabr.
1505 2120 1535 2145 P.
1558 2124 1589 2144 ut
1607 2128 1684 2152 saepe
1696 2119 1811 2151 fuciunt
1837 2115 1888 2140 Ed·
1910 2121 1950 2146 1¹1·-
1975 2116 2005 2138 et

1060 2163 1139 2187 saepe
1155 2156 1269 2187 faciunt
1292 2155 1358 2181 Cod.
1396 2155 1481 2180 Totus
1506 2154 1576 2179 locus
1595 2154 1719 2178 obscurus
1746 2158 1802 2183 est,
1828 2158 1874 2174 nec
1900 2146 2005 2172 multum

1062 2189 1153 2214 iuvant
1177 2190 1256 2214 Fabr.
1282 2190 1483 2216 emendationes.
1525 2188 1662 2213 Pertinere
1687 2187 1751 2211 baec
1776 2180 1942 2220 videntur-ad
1965 2190 2004 2211 ea,

1061 2231 1128 2256 quae
1147 2223 1214 2249 infra
1232 2233 1292 2257 pag.
1312 2225 1369 2250 170.
1388 2224 1420 2249 P.
1439 2223 1573 2255 leguntur:
1593 2222 1700 2246 conlata
1718 2223 1779 2245 sunt
1799 2216 1923 2254 atlrerbla
1942 2220 2003 2241 cett.

1062 2258 1108 2289 16)
1130 2258 1201 2283 Citat
1218 2259 1249 2283 ad
1268 2259 1336 2284 hunc
1353 2258 1434 2283 locum
1452 2258 1532 2283 Fabr.
1568 2257 1715 2281 Diomedem
1734 2253 1797 2276 libro
1821 2257 1912 2283 pruno.
1950 2250 2002 2274 Lo-

1061 2308 1105 2324 cus
1123 2306 1162 2325 est
1181 2310 1239 2333 pag.
1258 2301 1317 2328 393.
1338 2301 1367 2326 Ρ.
1386 2300 1429 2326 ubi
1448 2300 1527 2325 haec:
1555 2297 1710 2324 Adverbium
1732 2300 1770 2318 est
1792 2301 1851 2325 pars
1870 2292 2002 2324 orationis,

1060 2342 1126 2367 quae
1144 2335 1245 2360 adiecta
1264 2337 1342 2360 verbo
1359 2334 1573 2367 significationem
1593 2332 1646 2356 eius
1667 2329 1753 2365 implet
1775 2334 1853 2359 atque
1870 2326 2002 2360 explanat.

1059 2369 1099 2394 Ita
1116 2378 1170 2394 cum
1185 2370 1257 2395 dico:
1275 2370 1409 2395 Palaemon
1423 2369 1498 2394 docet
1512 2372 1573 2392 cett.
1644 2365 1688 2395 17)
1710 2362 1743 2388 Μ
1760 2362 1829 2387 Edd.
1851 2362 1921 2388 uelut
1934 2361 2002 2387 Cori.
