2255 2819
1592 185 1678 217 Nam
1706 185 1843 229 proprie
1880 181 2001 218 catuli¹
2039 196 2156 219 canum

213 100 287 135 384
910 91 1087 125 ISIDORI
1120 90 1300 123 HISPAL.
1335 90 1477 125 EPlSC.

379 188 437 222 27.
491 186 601 220 Catuli
628 184 761 217 abusive
796 182 949 217 dicuntur
986 184 1208 227 quarumlibet
1242 185 1418 218 bestiarum
1455 184 1522 217 tilii.

216 249 306 285 sunt,
334 253 394 287 per
422 237 670 272 diminutionem
699 231 812 267 dicti2.

379 291 438 324 28.

214 353 264 379 ter
290 357 325 377 se
352 344 438 375 forte
466 340 649 372 miscentur.

491 287 620 331 Lycisci
648 290 756 318 autem
779 285 946 326 dicuutur,
976 293 1010 318 ut
1038 287 1160 320 Plinius
1188 283 1273 327 ait⁷⁵‚
1313 297 1408 319 canes
1435 283 1524 319 nati4
1551 298 1590 320 ex
1618 283 1726 332 lupis⁵³
1761 293 1794 319 et
1820 287 1974 329 canibus,
2011 298 2086 320 cum
2109 288 2157 320 in-

707 337 824 370 Solent
851 344 883 370 et
919 336 1045 370 ludaefi
1074 339 1217 370 feminae
1252 350 1349 372 canes
1378 344 1477 371 noctu
1506 339 1538 370 in
1573 339 1657 371 silvis
1691 338 1851 383 alligatae
1886 339 2014 371 admitti
2046 338 2088 371 ad
2116 339 2158 371 ti-

215 408 292 443 gres
318 388 476 431 bestias⁷‚
516 401 534 422 a
561 389 678 432 quibus
705 389 816 421 insiliri
846 394 877 422 et
903 390 990 422 nasci
1025 401 1064 422 ex
1092 389 1213 422 eodem
1241 390 1333 422 foetu
1361 400 1458 423 canes
1487 390 1663 423 acerrimos
1700 387 1808 422 ade0⁸
1842 395 1874 423 et
1902 390 2020 432 fortes,
2057 395 2092 422 ut
2125 390 2158 422 in

215 447 393 491 complexu
421 443 532 475 leones
560 445 777 484 prosternant.

380 494 437 527 29.
494 493 619 536 Vulpes
648 492 755 532 dicta,
784 493 875 535 quassi
904 492 1052 536 volupes.

216 552 291 590 bus,
334 546 391 578 sed
420 545 575 578 tortuosis
609 544 811 577 anfractibus
838 544 956 586 currit,

216 653 364 684 devorat.

381 699 439 732 30.
492 698 615 731 Simiae
644 697 811 731 Graecum
839 708 959 729 nomen
988 693 1067 729 estll
1097 696 1130 728 id
1156 701 1204 729 est
1225 698 1344 741 pressis
1370 697 1509 729 naribus.

216 752 398 798 suppressis
411 747 434 767 ¹²

216 818 287 838 sum
315 804 442 835 habere
469 812 594 834 nasum.

216 855 369 889 militudo
398 853 532 885 rationis
560 853 725 884 humanae.

381 905 440 936 31.

740 849 763 868 ¹³
788 851 942 889 sentitur,

218 1010 336 1054 quibus
378 1006 604 1050 cercopitheci
648 1006 770 1039 caudas
814 1006 947 1039 liabent.

218 1065 346 1093 vocant-

382 1108 440 1142 32.

219 1164 357 1195 vionem.

1021 1006 1125 1037 Simia
1171 1006 1255 1037 enim
1292 1016 1367 1037 cum
1406 1005 1512 1038 cauda
1553 1011 1623 1041 est,

1108 492 1167 524 Est
1194 493 1279 524 enim
1297 492 1448 524 volubilis
1474 492 1632 535 pedibus,
1661 498 1693 525 et
1717 504 1885 535 nunquam
1909 493 2005 526 rectis
2032 492 2159 525 itineri-

1004 543 1254 576 fraudulentum
1289 544 1428 584 animal,
1469 544 1658 587 insidiisque
1694 544 1874 587 decipiens.

214 612 281 633 non
324 597 478 630 habuerit
514 606 648 637 escam,
691 595 789 640 fingit
830 600 998 637 mortem,
1048 595 1159 638 sicque
1200 595 1439 629 descendentes
1478 596 1571 638 quasi
1608 595 1650 627 ad
1685 596 1829 629 cadaver
1861 593 1972 628 aves¹⁰

1947 545 2032 576 Nam
2059 540 2159 577 cum⁹

2007 595 2094 639 rapit
2128 600 2160 628 et

1564 697 1664 730 Unde
1682 702 1714 730 et
1734 699 1854 731 Simias
1881 697 2038 737 dicimus,
2067 696 2160 741 quod

461 750 592 782 naribus
620 750 697 787 sint.
723 755 754 781 et
781 748 867 781 facie
893 748 1008 786 foeda..
1044 749 1134 792 rugis
1161 750 1300 793 turpiter
1328 749 1568 781 follicantibus:
1604 749 1682 781 licet
1709 756 1740 781 et
1768 749 1971 793 capellarum
2000 750 2037 780 sit
2067 760 2160 792 pres-

649 801 716 832 Alii
743 800 852 832 simias
879 800 998 832 Latino
1015 796 1036 815 ¹³
1063 811 1214 832 sermone
1243 805 1374 833 vocatas
1402 801 1620 838 arbitrantur,
1662 812 1702 833 eo
1730 801 1822 843 quod
1850 801 1953 833 multa
1980 801 2012 832 in
2045 800 2090 832 eis
2117 799 2161 831 si-

981 851 1038 883 sed
1067 851 1185 883 falsum
1215 857 1270 885 est.

493 904 567 936 Hae
596 904 834 936 elementorum
866 913 1002 946 sagaces
1037 913 1122 934 nova
1154 903 1231 935 luna
1261 903 1424 935 exultant:
1462 903 1572 935 inedia
1608 908 1639 934 et
1674 913 1755 936 cava
1790 903 1962 935 tristantur.

218 969 300 1003 quos
328 962 454 994 amant.
486 960 560 987 ante
595 967 629 987 se
656 959 799 999 gestant:
843 955 985 997 neglecti
1014 953 1101 986 circa
1130 959 1266 986 matrem
1298 954 1444 985 haerent.

2024 902 2161 940 Foetus,

1509 955 1637 986 Harum
1666 966 1791 998 genera
1817 955 1961 997 quinque
1989 958 2080 992 sunt,
2123 964 2164 985 ex

1682 1017 1782 1048 quain
1825 1006 1961 1049 quidam
2001 1000 2162 1037 cluram¹⁵

495 1105 705 1153 Sphingaeffi
742 1108 878 1140 villosae
906 1114 979 1140 sunt
1015 1109 1136 1148 comis,
1184 1108 1334 1140 mammis
1362 1108 1639 1152 prominentibus:
1685 1108 1811 1141 dociles
1840 1108 1880 1139 ad
1910 1106 2046 1139 feritatis
2075 1105 2161 1138 obli-

323 1211 558 1256 Cynocephali
587 1217 620 1242 et
647 1210 708 1253 ipsi
737 1209 858 1241 similes
886 1209 1003 1248 simiis,
1038 1209 1095 1240 sed
1124 1210 1210 1241 facie
1238 1209 1281 1241 ad
1306 1209 1444 1241 niodum
1472 1210 1578 1249 canis,
1614 1210 1701 1242 unde
1729 1216 1760 1242 et
1787 1209 1974 1253 nuncupati.

385 1262 443 1294 33.

220 1369 283 1400 lata
310 1366 425 1400 cauda.

497 1262 606 1304 Satyri
633 1261 719 1294 sucie
746 1261 929 1293 admodum
958 1267 1053 1304 grata
1082 1266 1113 1291 et
1140 1260 1343 1304 gesticulatis
1372 1260 1514 1292 motibus
1542 1261 1687 1302 inquieti.

321 1314 531 1347 Callitriches
568 1318 638 1345 toto
674 1324 760 1356 pene
793 1319 928 1356 aspectu
959 1324 977 1343 a
1014 1312 1149 1344 caeteris
1185 1312 1314 1343 distant.

1389 1313 1473 1343 Sunt
1501 1311 1586 1343 enim
1621 1312 1652 1343 in
1689 1311 1773 1344 facie
1801 1310 1965 1354 producta
2004 1310 2105 1341 barba
2134 1315 2165 1340 et

384 1417 441 1448 34.
497 1414 764 1458 Leontophonos
794 1415 896 1446 bestia
932 1413 1063 1446 modica
1079 1410 1118 1456 ¹⁷,
1156 1420 1187 1445 et
1215 1425 1253 1445 ex
1282 1425 1321 1445 eo
1349 1414 1391 1445 ita
1421 1421 1555 1451 vocata,
1590 1414 1666 1456 quia
1707 1418 1805 1456 capta
1833 1412 2001 1460 exuriturq
2029 1412 2165 1453 eiusque

220 1470 330 1502 cinere
358 1478 509 1511 aspersae
537 1478 670 1505 carnes,
715 1473 746 1498 et
773 1466 901 1510 positae
928 1476 989 1508 per
1016 1465 1163 1508 compita
1195 1465 1381 1497 semitarum
1409 1466 1520 1497 leones
1548 1470 1682 1502 necant,
1720 1465 1744 1496 si
1773 1464 2099 1507 quantulumcunque
2127 1472 2165 1494 ex

219 1520 281 1552 illis
304 1517 512 1563 sumpserint.

386 1569 444 1602 35.

501 1564 657 1600 Histrixffi
685 1568 812 1599 immite
827 1564 848 1583 ¹³
886 1567 1006 1598 animal
1041 1567 1071 1598 in
1101 1567 1214 1599 Africa
1243 1567 1373 1600 erinacii
1402 1567 1525 1607 simile,
1563 1572 1715 1599 vocatum
1744 1578 1761 1598 a
1785 1566 1924 1599 stridore
1951 1566 2117 1608 spinarum
2132 1559 2164 1603 ²⁰,

221 1634 302 1665 quas
330 1626 427 1665 tergo
451 1620 573 1652 laxatas
601 1615 801 1657 emittunt²¹.
829 1626 863 1650 ut
891 1630 988 1651 canes
1013 1618 1162 1650 vulneret
1189 1619 1396 1661 insequentes
1408 1614 1442 1649 ²².

224 1729 349 1757 inclusit
373 1730 458 1757 Arev.
484 1745 523 1749 -
552 1729 578 1764 1)
599 1728 645 1754 Sic
664 1729 719 1756 Gu.
739 1730 763 1757 1.
781 1729 808 1757 2.
828 1743 867 1747 -—-
884 1734 941 1756 cut.
964 1738 1070 1765 pleps.
1094 1728 1175 1765 vulg.

224 1787 261 1792 —
289 1774 316 1806 9)
336 1772 381 1799 Sic
403 1772 456 1799 Gu.
479 1774 506 1802 2.
530 1771 579 1798 Ar.
605 1786 641 1790 —
665 1769 804 1796 ‹limita-tt
827 1770 908 1806 vulg.
932 1786 972 1791 —-
996 1770 1026 1807 3)
1050 1770 1097 1798 sic
1119 1771 1175 1797 Gu.

228 1817 255 1844 1.
273 1830 309 1833 -
335 1813 416 1849 Vulg.
441 1815 482 1840 ai!
508 1814 591 1840 le.
637 1812 733 1840 Locus
757 1817 800 1840 est
828 1812 847 1843 1.
871 1813 944 1840 Vlll.
971 1824 994 1840 c.
1016 1812 1043 1841 4.
1069 1829 1105 1833 —
1143 1811 1173 1852 4)

226 1855 303 1882 dicti
326 1856 424 1885 Gu.1.
451 1871 490 1877 -
521 1855 548 1893 5)
572 1854 653 1894 quod
675 1865 707 1882 ex
730 1854 793 1892 lup.
819 1855 874 1884 Gu.
907 1858 930 1885 1.
958 1871 993 1875 —-
1025 1858 1051 1885 6)
1081 1854 1176 1882 [sulae

227 1897 329 1926 addidi
353 1907 366 1925 e
395 1898 451 1925 Gu.
472 1901 495 1927 1.
520 1900 546 1927 2.
572 1908 616 1936 pr.
643 1907 689 1927 va.
714 1898 763 1925 Ar.
792 1913 831 1917 -—
865 1896 892 1936 7)
917 1899 964 1925 Sic
988 1898 1042 1924 Gu.
1073 1901 1096 1928 1.
1128 1908 1175 1936 pr.

228 1950 274 1968 va.
291 1955 333 1961 —
354 1938 480 1975 ugr-ides
503 1939 572 1969 best,
597 1940 651 1967 Gu.
672 1943 700 1970 2.
754 1939 861 1967 Mirum
892 1945 937 1968 est
959 1941 987 1967 in
1014 1941 1070 1967 Gn.
1096 1942 1121 1970 1.
1145 1943 1172 1970 2.

228 1992 273 2021 pr.
298 1992 342 2009 va.
368 1982 507 2017 siminus*
538 2000 571 2003 —
604 1982 762 2019 alligatas.
794 2000 831 2004 -—
870 1981 898 2020 8)
922 1983 970 2010 Sic
999 1983 1055 2010 Gu.
1082 1985 1104 2011 l.
1133 1999 1175 2003 -

229 2023 303 2052 adeo
336 2034 378 2051 ae.
404 2023 485 2060 vulg.
519 2042 555 2045 -
592 2026 619 2060 9)
645 2035 709 2051 cum
736 2035 790 2062 pro
823 2023 896 2051 dum
920 2026 975 2053 Gu.
1001 2028 1025 2055 1.
1055 2041 1090 2045 -
1132 2027 1173 2060 10)

229 2068 277 2095 Sic
295 2066 350 2094 Gu.
368 2069 394 2096 1.
409 2068 436 2096 2.
454 2065 502 2093 Ar.
525 2081 565 2085 —
588 2066 723 2094 volucres
746 2067 828 2103 vulg.
855 2084 895 2088 —
928 2067 972 2106 11)
996 2067 1044 2095 Sic
1068 2067 1125 2095 Gu.
1150 2070 1175 2098 1.

232 2128 268 2131 —
293 2109 379 2145 vulg.
402 2113 445 2134 est
466 2118 579 2134 nomen.
601 2123 642 2128 -
680 2110 725 2145 12’)
744 2110 858 2145 prmus-is
882 2110 939 2138 Gn.
966 2113 994 2141 2.
1017 2125 1058 2130 -
1090 2108 1134 2148 13)
1159 2120 1178 2136 α

230 2153 301 2181 Lat.
332 2161 377 2179 va.
423 2149 504 2178 Ordo
529 2154 572 2177 est
595 2150 651 2179 Gu.
677 2154 704 2180 1.
735 2166 769 2171 —
805 2151 888 2188 Vulg.
912 2152 975 2179 arb.
999 2162 1083 2179 serm.
1117 2163 1177 2182 wc.

230 2209 270 2215 —-
295 2194 337 2227 14)
364 2192 414 2220 Sic
443 2192 500 2220 Gu.
525 2194 551 2222 1·
575 2193 603 2220 2.
632 2201 677 2229 pr.
696 2202 741 2219 vu.
766 2193 814 2222 Ar.
841 2209 877 2214 —-
902 2195 985 2222 Ιιιιηι.
1017 2199 1073 2221 ναί.
1097 2195 1177 2232 vulg.

233 2252 270 2256 —-
297 2234 340 2274 15)
364 2235 411 2263 Sic
442 2234 499 2263 Gn.
521 2234 548 2264 4.
577 2238 605 2261 et
635 2243 696 2261 var.
720 2234 784 2262 lect.
811 2245 855 2273 ap.
883 2237 970 2265 Goth.
993 2252 1034 2258 --
1057 2236 1178 2264 clauum

233 2278 289 2306 Gu.
316 2280 340 2307 1.
361 2277 396 2304 al.
420 2287 469 2315 ap.
493 2275 581 2303 Goth.
613 2291 646 2295 —
676 2286 798 2303 cruram
829 2278 884 2307 Gu.
903 2283 930 2310 2.
954 2289 998 2317 pr.
1021 2288 1083 2306 var.
1108 2279 1175 2309 lect.

234 2330 281 2359 ap.
303 2318 392 2348 Goth.
415 2334 450 2340 -
476 2317 574 2346 cruda
595 2317 675 2354 vulg.
692 2335 729 2339 —
753 2317 847 2356 οὕραν
872 2322 920 2349 Ar.
951 2321 1024 2349 Vide
1049 2321 1125 2349 fest.
1148 2332 1176 2350 v.

238 2363 369 2390 Clanum
393 2371 422 2400 p.
451 2360 500 2391 42.
525 2365 552 2389 et
576 2359 771 2388 commentar.
796 2360 867 2389 ibid.
893 2374 921 2401 p.
943 2365 1013 2394 379.
1038 2363 1082 2392 ed.
1109 2364 1177 2392 Lin-

1219 1728 1292 1755 dem.
1318 1727 1404 1764 Corp.
1437 1726 1566 1754 Granni).
1593 1725 1656 1754 Vol.
1679 1724 1716 1753 ΙΙ.
1747 1740 1787 1745 --
1827 1726 1872 1761 16)
1896 1726 2029 1763 Spiugae
2057 1723 2114 1753 Gu.
2140 1726 2164 1753 1.

1220 1787 1258 1791 —
1283 1771 1395 1805 Singae
1420 1769 1475 1797 Gn.
1499 1772 1526 1801 2.
1557 1786 1593 1790 —
1627 1768 1775 1806 Sphinges
1800 1767 1850 1794 Ar.
1875 1784 1915 1787 —
1954 1770 1999 1801 17)
2025 1766 2094 1793 best.
2124 1771 2165 1793 est

1219 1811 1298 1839 mod.
1331 1806 1385 1840 Gu.
1407 1814 1436 1842 2.
1462 1821 1506 1839 va.
1537 1828 1570 1832 —
1602 1814 1644 1844 15}
1669 1811 1751 1837 strix
1781 1810 1837 1838 Gu.
1858 1812 1886 1840 1.
1917 1826 1957 1832 —
1988 1810 2029 1845 19)
2053 1809 2166 1835 immite

1219 1854 1321 1882 addidi
1345 1865 1359 1882 e
1385 1855 1440 1881 Gu⁴
1461 1857 1486 1885 1.
1511 1870 1542 1874 -—
1567 1854 1614 1889 ΞΟ)
1637 1853 1684 1880 Sic
1703 1853 1758 1879 Gu.
1783 1855 1809 1882 1.
1829 1853 1878 1880 Ar.
1895 1868 1935 1873 —-
1958 1851 1997 1879 ab
2018 1849 2106 1878 strid.
2121 1861 2165 1889 sp.

1220 1898 1276 1927 GU.
1302 1899 1330 1927 2.
1354 1913 1395 1918 --
1418 1907 1437 1923 α
1460 1898 1538 1933 spin.
1562 1894 1648 1923 stt-id.
1674 1895 1752 1932 vulg.
1778 1910 1818 1916 —-
1847 1895 1883 1922 al)
1906 1896 1982 1932 apin.
2009 1892 2096 1922 stricl.
2118 1903 2164 1921 va.

1220 1959 1256 1962 -—
1282 1943 1329 1976 21)
1354 1940 1401 1967 Sic
1427 1939 1485 1967 Gu.
1512 1941 1537 1968 1.
1560 1954 1600 1959 —-
1623 1939 1731 1965 emittit
1756 1937 1834 1974 vulg.
1859 1953 1900 1958 —-
1925 1937 1973 1974 22)
1991 1936 2039 1963 Sic
2064 1937 2120 1964 Gu.
2139 1938 2164 1965 1.

1219 1986 1247 2014 2,
1273 1982 1322 2012 Ar,
1354 1998 1395 2004 -—
1424 1984 1514 2019 z'nscq.
1546 1981 1626 2009 vala.
1658 1980 1737 2017 vulg.
1773 1996 1815 2001 —
1852 1980 1899 2015 23)
1922 1979 1971 2007 Sic
2000 1979 2056 2007 (ιύ.
2082 1982 2106 2008 l.
2132 1993 2165 1997 -

1219 2030 1398 2062 nuncupata
1422 2024 1502 2060 vulg.
1536 2040 1571 2044 -—
1604 2026 1648 2056 24)
1678 2028 1809 2050 moretur
1835 2022 1890 2050 Gu.
1911 2024 1939 2052 2.
1969 2036 2010 2042 -—
2045 2018 2094 2059 25)
2117 2019 2165 2047 Sic

1222 2068 1278 2095 Gu.
1302 2070 1327 2097 1.
1344 2069 1372 2097 2.
1403 2082 1444 2087 -—
1474 2066 1573 2093 lutum
1597 2065 1675 2103 vulg.
1699 2080 1740 2086 -
1768 2063 1815 2104 5²6)
1840 2065 1942 2091 omniu
1971 2073 2030 2091 om.
2055 2072 2100 2089 va.
2125 2077 2166 2083 —

1221 2108 1268 2148 ⁶27)
1290 2109 1338 2137 Sic
1363 2109 1418 2136 Gu.
1442 2111 1466 2138 1.
1497 2127 1526 2130 —
1566 2110 1735 2135 interranea
1757 2109 1813 2135 Gu.
1834 2109 1861 2138 2.
1885 2107 1934 2134 Ar.
1959 2122 1997 2126 —-
2020 2105 2166 2132 interiora

1222 2152 1302 2187 vulg.
1331 2167 1372 2172 —
1400 2154 1444 2186 23)
1468 2151 1517 2178 Sic
1539 2151 1595 2180 Gu.
1621 2154 1647 2181 1.
1663 2167 1705 2171 —
1728 2149 1812 2187 Vulg.
1836 2150 1894 2176 exit
1917 2149 1988 2175 viva
2013 2146 2049 2174 ‹le
2076 2149 2166 2174 visce-

1221 2194 1306 2221 ribus
1328 2192 1489 2229 crocodili,
1512 2195 1577 2231 ipso
1601 2198 1727 2220 mortuo.
1745 2209 1785 2213 —
1819 2194 1864 2228 29)
1888 2191 1936 2219 Sic
1961 2191 2008 2218 Ar.
2022 2204 2064 2211 --
2081 2187 2165 2216 Hmc

1221 2235 1347 2274 νέοσμον
1370 2235 1447 2273 vulg.
1472 2252 1511 2257 —
1542 2237 1628 2263 JIinc
1659 2245 1781 2263 neomon
1812 2234 1867 2262 Gu.
1888 2237 1912 2264 1.
1937 2249 1978 2255 —
2009 2232 2071 2258 Ilc's
2090 2241 2165 2258 neo-

1220 2289 1288 2306 mon
1312 2288 1355 2316 pr.
1377 2288 1422 2305 va.
1446 2295 1487 2300 ·—
1509 2280 1596 2306 Ilaec
1619 2288 1743 2306 neomon
1769 2277 1826 2306 Gn.
1845 2280 1873 2308 2,
1899 2291 1941 2297 -
1970 2275 2014 2309 30)
2040 2279 2165 2301 vocatur

1222 2321 1277 2348 Gu·
1295 2323 1322 2351 2.
1348 2338 1385 2342 —
1409 2322 1458 2358 31)
1482 2321 1531 2349 Sic
1554 2321 1611 2348 Gu.
1632 2324 1656 2351 1.
1677 2320 1722 2348 ed.
1744 2318 1833 2347 Goth.
1857 2333 1894 2340 -
1914 2315 2088 2354 produntur
2109 2316 2163 2343 Gu.

1221 2365 1248 2393 2.
1267 2373 1312 2402 pr.
1336 2362 1383 2392 Ar.
1406 2363 1485 2400 vulg.
1510 2379 1550 2385 —
1578 2363 1626 2398 ΒΞ)
1648 2362 1845 2397 „Dracontius
1868 2369 1942 2398 opus
1973 2368 2023 2387 sex
2048 2358 2163 2387 dierum
