2264 2830
791 70 1036 105 ORIGINUM
1061 72 1206 107 LIBER
1233 73 1307 108 Vll.
1953 77 2028 112 247

247 168 306 204 12.
360 168 500 201 loannes
526 162 709 211 quodam³¹
738 165 890 198 vaticinio
914 176 953 197 ex
982 167 1098 199 merito
1126 164 1283 201 nomen³⁵
1306 168 1446 212 accepit.
1502 168 1740 212 Interpretatur
1767 171 1870 214 enim,
1899 173 1935 205 ln
1958 185 2026 217 quo

82 227 131 254 est
157 221 280 266 gratia,
309 221 360 253 vel
386 220 519 252 Domini
545 219 664 263 gratia.
719 218 873 261 Amplius
902 218 987 250 enim
1017 230 1091 250 eum
1120 221 1258 253 caeteris
1287 220 1456 264 Apostolis
1485 219 1599 252 dilexit
1626 220 1724 253 lesus.

248 272 305 304 13.
359 272 499 304 lacobus
512 267 536 287 ³⁶
563 269 733 302 Zebedaei
762 281 780 301 a
809 275 903 313 patre
925 271 1192 314 cognominatur,
1220 283 1321 315 quem
1349 272 1536 314 relinquens
1564 283 1640 305 cum
1669 272 1793 304 Ioanne
1819 284 1935 307 verum
1964 287 2027 320 pa-

81 331 165 359 trem
186 324 288 357 secuti
315 329 396 356 sunt.
450 323 495 355 Hi
523 326 596 354 sunt
623 321 681 353 filii
707 322 859 363 tonitrui,
908 321 964 363 qui
998 323 1095 354 etiam
1130 323 1326 367 Boanerges
1360 334 1399 355 ex
1435 324 1587 356 firmitate
1619 328 1652 357 et
1687 325 1915 369 magnitudine
1949 328 2029 360 fidei

81 376 238 410 nominati
265 381 347 410 sunt.
400 373 466 407 Hic
493 379 542 407 est
567 373 709 406 lacobus
736 372 824 405 lilius
840 372 1022 415 Zebedaei,
1050 374 1152 407 frater
1179 375 1318 417 loannis,
1346 375 1402 418 qui
1428 380 1505 418 post
1531 375 1757 409 ascensionem
1772 372 1796 392 ³⁷
1823 377 1959 411 Domini
1987 379 2030 412 ab

80 428 221 463 Herode
247 433 294 460 est
321 421 489 459 occisusffl.

246 477 303 511 14.
357 477 499 510 lacobus
529 476 676 520 Alphaei
705 476 750 508 ob
785 475 1028 509 distinctionem
1065 477 1184 521 prioris
1219 473 1528 521 cognominatur³⁰‚
1570 478 1627 520 qui
1662 477 1781 511 dicitur
1807 479 1895 513 filius
1918 481 2031 515 Zebe-

83 528 213 574 daei⁴⁰‚
240 530 322 563 sicut
345 530 403 561 iste
431 529 516 561 tilius
545 527 702 571 Alphaei.
756 527 1029 572 Cognomentum
1058 529 1159 573 igitur
1186 529 1287 561 ambo
1315 540 1334 561 a
1361 534 1457 572 patre
1483 534 1699 572 sumpserunt.

248 579 305 615 15.
358 581 420 613 lste
457 585 505 613 est
538 580 680 613 lacobus
714 580 840 619 minor,
873 580 930 623 qui
960 581 992 612 in
1019 580 1207 625 Evangelio
1236 586 1445 624 nuncupatur
1457 576 1480 596 ⁴¹
1509 581 1610 612 frater
1634 580 1788 622 Domini,
1815 583 1893 626 quia
1921 583 2031 617 Maria

81 645 163 667 uxor
193 632 342 677 Alphaei
368 644 462 664 soror
490 632 549 664 fuit
576 631 686 663 matris
714 631 859 671 Domini,
887 643 986 675 quam
1015 632 1158 664 Mariam
1181 632 1339 677 Cleophe
1367 633 1506 664 loannes
1534 632 1739 676 evangelista
1766 632 2029 679 cognominat⁴²‚

80 698 99 718 a
126 690 230 730 patre,
258 685 324 716 sive
352 681 406 716 a⁴³
433 683 620 728 gentilitate
648 683 803 723 familiae,
827 688 882 716 aut
908 684 1133 727 qualicunque
1146 680 1170 700 ⁴⁸
1198 684 1264 716 alia
1291 695 1389 717 causa
1418 684 1446 717 ei
1475 694 1596 717 nomen
1624 684 1809 729 imponens.
1857 687 2032 731 Alphaeus

79 742 188 771 autem
212 737 370 769 Hebraeo
381 732 405 751 *⁸³
431 747 583 768 sermone
610 735 642 767 in
669 735 824 767 Latinum
853 736 1047 779 exprimitur
1061 734 1081 752 ¹⁶
1108 736 1318 777 millesimus,
1346 736 1413 768 sive
1441 735 1570 770 doctus.

246 786 303 819 16.
360 787 538 832 Philippus
566 797 602 818 os
629 786 882 829 lampadarum,
910 787 962 819 vel
991 799 1027 820 os
1055 799 1224 822 manuum.

180 838 333 872 Thomas
361 840 509 883 abyssus,
538 839 589 871 vel
615 838 785 883 geminus,
821 838 909 871 unde
938 843 970 871 et
981 835 1004 855 ⁴⁷
1033 840 1168 872 Graece
1190 838 1353 882 Didymus
1382 837 1584 882 appellatur.

179 890 441 924 Bartholomeus
476 891 563 923 filius
596 890 827 934 suspendentis
857 902 977 934 aquas,
1027 891 1079 924 vel
1108 891 1194 924 filius
1222 890 1451 935 suspendentis
1486 901 1552 924 me.
1604 889 1727 933 Syrum
1755 893 1818 932 est,
1865 900 1932 923 non
1958 890 2032 923 He-

75 942 225 978 braeum.

245 993 303 1029 17.
358 993 550 1026 Matthaeus
578 993 609 1025 in
630 993 790 1026 Hebraeo
826 993 966 1027 donatus
995 994 1198 1038 exprimitur.
1252 993 1347 1026 Idem
1382 998 1415 1026 et
1442 993 1630 1037 appellatus
1657 990 1740 1024 Levi
1775 1003 1814 1024 ex
1840 992 1945 1033 tribu,
1981 1003 2001 1025 a

76 1057 142 1090 qua
170 1050 261 1078 ortus
287 1045 359 1079 fuit.
419 1045 456 1077 ln
492 1045 611 1077 Latino
647 1050 757 1078 autem
787 1057 825 1078 ex
853 1057 958 1091 opere
985 1057 1106 1079 nomen
1133 1046 1304 1091 publicani
1320 1042 1345 1062 ⁴⁹
1371 1045 1524 1090 accepit,
1559 1044 1638 1088 quia
1666 1054 1706 1077 ex
1725 1040 1946 1088 publicanis⁵⁰
1973 1044 2035 1076 fuit

76 1098 217 1140 electus,
247 1102 279 1130 et
306 1098 338 1130 in
362 1096 586 1140 apostolatum
599 1093 622 1113 ⁵¹
650 1094 866 1130 translatusfffi.

241 1148 300 1181 18.
354 1148 472 1181 Simon
504 1148 678 1181 cananeus
703 1149 747 1181 ad
775 1149 1020 1182 distinctionem
1048 1149 1192 1182 Simonis
1219 1148 1330 1186 Petri,
1356 1148 1399 1180 de
1426 1148 1501 1180 vico
1531 1147 1687 1180 Galileae
1715 1145 1819 1185 Cana,
1847 1147 1904 1179 ubi
1932 1157 2035 1189 aquas

75 1200 237 1234 Dominus
265 1201 402 1233 mutavit
428 1201 460 1232 in
482 1200 604 1233 vinum.
657 1200 734 1244 lpse
762 1206 826 1241 est,
861 1200 918 1243 qui
945 1202 977 1232 in
1005 1201 1072 1232 alio
1100 1200 1307 1245 evangelista
1319 1196 1344 1216 ⁵³
1371 1200 1524 1233 scribitur
1550 1194 1729 1232 Zelotes⁵⁴.
1785 1197 1878 1231 Cana
1905 1198 2034 1242 quippe

75 1252 312 1296 interpretatur
339 1252 430 1284 zelus
441 1248 474 1283 ⁵⁵.

242 1302 300 1336 19.
356 1303 455 1335 ludas
477 1301 609 1342 lambi,
644 1301 700 1344 qui
728 1302 805 1334 alibi
832 1306 970 1336 vocatur
982 1299 1006 1318 ³⁶
1033 1301 1211 1340 Lebbeus,
1251 1300 1431 1344 figuratum
1460 1311 1581 1332 nomen
1609 1299 1713 1332 habet
1740 1310 1759 1331 a
1786 1299 1909 1339 corde,
1937 1300 2031 1343 quod

75 1364 134 1386 nos
162 1353 354 1386 diminutive
378 1353 551 1387 corculum
580 1364 754 1396 possumus
776 1354 961 1397 appellare.
989 1353 1065 1397 lpse
1087 1353 1118 1385 iu
1147 1353 1212 1385 alio
1241 1352 1445 1396 evangelista
1472 1351 1682 1385 Thaddaeus
1703 1347 1901 1392 scribiturffl,
1929 1363 2030 1395 quem

76 1404 301 1439 ecclesiastica
328 1405 428 1438 tradit
451 1404 588 1437 historia
615 1404 747 1437 missum
776 1405 818 1436 ad
829 1401 853 1421 ⁵3
880 1405 1041 1438 Edessam
1069 1404 1112 1436 ad
1141 1405 1315 1449 Abgarum
1342 1415 1468 1447 regem.

241 1456 300 1492 20.
354 1456 453 1489 ludas
481 1456 653 1489 Iscariotes
681 1454 846 1496 avico³²¹‚
873 1457 905 1488 in
933 1468 1000 1499 quo
1029 1461 1119 1488 ortus
1147 1461 1206 1495 est,
1233 1455 1287 1487 vel
1315 1466 1357 1487 ex
1383 1455 1472 1486 tribu
1496 1453 1633 1486 lsachar
1655 1452 1859 1486 vocabulum
1877 1454 2032 1497 sumpsit,

74 1506 223 1551 quodam
252 1508 429 1553 praesagio
458 1507 558 1540 futuri
585 1507 617 1539 in
641 1507 953 1540 condemnationem
981 1507 1039 1541 sui.
1092 1506 1227 1539 isachar
1262 1506 1350 1538 enim
1385 1505 1622 1549 interpretatur
1648 1515 1794 1543 merceS‚
1835 1508 1870 1536 ut
1903 1505 2030 1549 signifi-

73 1563 203 1593 caretur
225 1560 368 1604 pretium
397 1559 594 1603 proditoris,
628 1569 697 1602 quo
734 1559 883 1591 vendidit
911 1559 1090 1591 Dominum
1121 1558 1204 1592 sicut
1238 1557 1398 1601 scriptum
1427 1562 1492 1590 est:
1543 1556 1592 1589 Et
1620 1552 1867 1600 ac·ceperunt‘²⁰
1893 1567 2024 1590 merce·

72 1610 155 1644 dem
182 1621 319 1652 meam,
347 1611 499 1656 triginta
527 1614 736 1655 argenteos,
761 1622 827 1655 quo
855 1611 1086 1656 appreciatus
1111 1621 1188 1643 snm
1216 1609 1261 1642 ab
1291 1610 1340 1642 cis
1352 1605 1385 1642 ⁶¹.

234 1662 295 1695 21.
350 1662 526 1703 Matthias,
549 1663 605 1705 qui
627 1663 711 1695 inter
725 1663 908 1706 Apostolos
929 1663 1018 1695 solus
1040 1663 1108 1694 sine
1129 1661 1331 1706 cognomine
1353 1656 1540 1700 habetur⁰²‚
1562 1659 1799 1703 interpretatur
1821 1657 1972 1700 donatus,
1994 1664 2028 1692 ut

70 1713 285 1746 subaudiatur
312 1725 375 1760 pro
401 1714 495 1747 Iuda.
532 1711 643 1759 Ipse⁰³
670 1714 756 1747 enim
779 1714 810 1746 in
833 1711 980 1748 locum⁶¹
1009 1714 1077 1747 eius
1104 1714 1230 1747 electus
1250 1718 1299 1746 est
1320 1713 1363 1745 ab
1386 1711 1568 1756 Apostolis,
1600 1722 1677 1745 cum
1708 1721 1773 1755 pro
1800 1709 1932 1743 duobus
1958 1722 2027 1744 sors

69 1764 262 1799 mitteretur.

235 1816 294 1849 22.
346 1816 483 1852 Marcus
509 1817 657 1851 excelsus
683 1816 860 1859 mandato,
888 1817 1002 1861 utique
1028 1821 1170 1862 propter
1196 1815 1420 1861 Evangeliurn
1449 1813 1615 1855 altissimi,
1636 1812 1730 1858 quod
1757 1812 1974 1858 praedicavit.

2010 988 2035 1008 48

69 1917 119 1937 va.
141 1909 327 1937 novissimus
347 1909 427 1946 vulg.
456 1924 498 1930 —
533 1910 581 1948 39)
605 1909 681 1938 data
702 1916 744 1938 est
766 1911 874 1949 gratia
897 1909 967 1940 add.
983 1908 1022 1939 al.
1061 1909 1254 1948 publicanas
1272 1909 1370 1940 Gu.2.
1392 1923 1436 1929 —-
1466 1905 1511 1946 50)
1536 1906 1584 1935 Sic
1608 1905 1666 1935 Gn.
1684 1908 1710 1937 1.
1726 1908 1755 1938 2.
1778 1915 1825 1944 pr.
1848 1914 1895 1933 va.
1920 1904 1970 1934 Ar.
1991 1916 2023 1933 ex

70 1951 166 1979 Locus
188 1956 232 1979 est
249 1950 356 1990 Ephes.
374 1954 402 1988 3,
421 1954 449 1984 8.
474 1968 512 1973 --
534 1953 581 1988 33)
605 1959 706 1981 autem
726 1952 794 1982 add.
821 1952 919 1990 vulg,
944 1952 1023 1991 quod
1066 1954 1109 1980 eis
1131 1952 1212 1990 vulg.
1235 1968 1278 1973 —
1300 1950 1346 1991 51)
1370 1950 1543 1989 apostolum
1567 1950 1622 1977 Gu.
1640 1952 1666 1980 1.
1689 1964 1727 1970 —
1763 1947 1812 1988 52)
1835 1948 2023 1976 translatum

69 2003 126 2022 om·
146 1994 204 2022 Gu·
222 1997 246 2024 l·
270 2011 311 2015 -—
334 1997 379 2028 34)
403 1993 522 2032 quidem
539 1993 691 2027 Gu.2.—
713 1998 758 2028 35)
784 1995 833 2024 Sic
851 1996 908 2023 Gu.
928 1998 952 2026 1.
973 1995 1022 2024 Ar.
1067 1995 1125 2024 Gu.
1150 1998 1176 2026 1.
1202 2011 1240 2016 —
1265 1993 1311 2032 53)
1344 1993 1499 2031 evangelio
1522 1992 1558 2020 al.
1583 1994 1614 2020 in
1638 1990 1794 2030 evangelio
1816 1991 1878 2018 alio
1903 1999 1950 2019 va.
1986 2008 2018 2012 —

68 2037 187 2064 nomine
208 2036 289 2073 vulg.
314 2052 352 2059 --
375 2038 423 2073 36)
447 2037 551 2065 Ιαουῦί
571 2038 629 2067 Gu.
656 2041 683 2070 1.
710 2054 752 2060 -
783 2041 827 2074 37)
844 2039 1021 2076 passionem
1065 2039 1115 2074 54)
1144 2036 1284 2065 inuideas
1305 2037 1362 2065 Gu.
1382 2039 1411 2067 2.
1435 2052 1476 2057 —-
1507 2035 1555 2072 55)
1579 2035 1628 2063 Sic
1651 2035 1708 2064 Gu.
1728 2038 1755 2067 1.
1786 2049 1829 2054 —
1856 2033 1942 2070 Vulg.
1968 2044 2019 2061 :e-

68 2078 106 2107 al.
128 2095 170 2101 —
195 2078 241 2116 238)
265 2080 315 2107 Sic
338 2079 392 2107 Gu.
412 2081 436 2109 1.
466 2094 508 2100 —
537 2079 624 2117 Vulg.
646 2082 866 2118 manifestatur
895 2082 1021 2110 occisus.
1063 2080 1112 2108 lus
1135 2082 1258 2118 interpr.
1282 2096 1321 2101 —·
1356 2079 1453 2106 zelum
1477 2078 1533 2107 Gu.
1548 2079 1576 2108 2.
1608 2093 1645 2099 —-
1690 2078 1739 2114 56)
1766 2076 1940 2114 appellatur
1968 2076 2017 2104 Ar.

67 2137 110 2143 —
131 2120 176 2158 39)
200 2121 250 2149 Sic
274 2123 331 2152 Gu.
357 2124 383 2151 1.
407 2123 640 2159 cognominatus
662 2123 740 2161 vulg.
768 2139 809 2145 —-
839 2126 887 2161 40)
916 2122 1020 2151 Zebed.
1064 2140 1102 2144 —
1127 2124 1173 2160 57)
1197 2121 1344 2150 scribitur
1370 2120 1532 2149 Tuddaeus
1555 2121 1609 2149 Gu.
1628 2123 1657 2152 2.
1677 2135 1719 2141 -
1746 2118 1793 2158 58)
1817 2117 1861 2146 ad
1877 2117 1980 2147 addidi
2002 2127 2017 2146 e

62 2163 115 2202 fil.
139 2163 268 2201 vulg-—-
292 2163 339 2204 41)
364 2164 412 2192 Sic
437 2164 493 2192 Gu.
510 2167 534 2194 1.
555 2181 587 2185 —
616 2165 700 2203 Vulg.
716 2167 821 2202 frater
844 2168 937 2196 Dum.
967 2177 1021 2193 no-
1064 2165 1120 2195 Gu.
1138 2169 1164 2197 1.
1179 2168 1207 2197 2.
1225 2176 1269 2204 pr.
1288 2175 1334 2193 va.
1357 2180 1399 2186 —
1421 2166 1469 2201 59)
1494 2163 1580 2201 Vulg.
1603 2163 1651 2191 vel
1672 2174 1692 2190 α
1713 2163 1794 2198 vico,
1818 2161 1871 2190 sed
1895 2161 1942 2188 vel
1959 2171 2014 2188 om.

67 2207 215 2234 minatur.
245 2222 287 2228 —
319 2205 365 2246 ¹43)
397 2212 609 2234 commemorat
633 2207 689 2236 Gu.
706 2210 733 2238 2.
764 2223 805 2231 —-
835 2211 882 2244 43)
913 2220 932 2236 α
962 2219 1018 2236 om.
1064 2208 1165 2240 Gu.1.
1191 2225 1230 2230 —
1253 2206 1299 2246 60)
1323 2212 1350 2235 et
1373 2205 1572 2246 appenderent
1591 2216 1637 2235 va.
1659 2221 1701 2226 —
1723 2205 1770 2240 61)
1795 2203 1850 2233 VV.
1873 2214 1931 2242 quo
1957 2212 2013 2239 ap-

68 2249 124 2278 Gu.
139 2252 168 2280 2.
192 2264 234 2270 ——
256 2248 302 2288 44)
323 2250 372 2277 Sic
395 2250 450 2277 Gu.
471 2252 496 2280 1.
521 2260 700 2288 quacunque
721 2251 800 2289 vulg.
824 2267 866 2273 —-
886 2252 933 2289 45)
957 2253 1018 2279 Ile.
1056 2252 1215 2289 preciatas
1245 2260 1314 2278 sum
1343 2250 1381 2277 ab
1413 2250 1455 2277 cis
1485 2248 1588 2278 addidi
1613 2258 1628 2277 e
1656 2248 1713 2276 Gu.
1736 2249 1761 2278 1.
1797 2246 1845 2275 Ar.
1869 2245 2010 2283 pretium,

67 2290 225 2319 braeorum
247 2291 318 2320 edit.
342 2291 431 2321 Goth.
450 2310 487 2314 -—
507 2294 551 2327 46)
570 2292 618 2320 Sic
635 2293 691 2321 Gu.
711 2296 737 2324 l.
753 2296 781 2325 2.
798 2304 843 2323 va.
860 2296 1019 2333 exponitur
1061 2293 1145 2332 qaod
1158 2304 1243 2332 appr.
1258 2303 1326 2320 sum
1341 2293 1379 2320 ab
1395 2294 1437 2320 eis
1452 2292 1507 2320 Gu.
1523 2294 1551 2323 2.
1577 2301 1623 2330 pr.
1642 2301 1689 2320 va.
1729 2290 1825 2317 Locus
1846 2292 1890 2316 est
1907 2285 2007 2314 Matth.

67 2333 148 2371 vulg.
177 2350 218 2355 ——
244 2334 289 2372 47)
313 2339 339 2362 et
362 2334 464 2363 addidi
490 2344 504 2362 e
527 2334 584 2362 Gu.
603 2337 629 2365 1.
645 2337 672 2365 2.
696 2345 742 2363 va-
776 2353 814 2358 -—
845 2337 893 2374 48)
918 2348 937 2364 α
960 2347 1018 2365 om.
1058 2339 1110 2371 27,
1126 2338 1154 2368 9.
1178 2352 1220 2357 —
1241 2334 1287 2375 62)
1311 2335 1360 2364 Sic
1383 2335 1439 2364 Gu.
1454 2337 1481 2366 1.
1503 2350 1545 2356 —
1568 2334 1653 2370 Vulg.
1675 2334 1740 2360 sine
1762 2341 1845 2369 cogn.
1868 2329 2010 2357 solus.—

68 2377 124 2406 (ἆυ.
142 2379 171 2408 2.
207 2393 246 2398 -
280 2380 326 2414 49)
351 2377 400 2406 Sic
424 2378 482 2406 Gu.
503 2378 529 2408 1.
553 2392 595 2399 —
619 2377 704 2416 Vulg.
729 2378 847 2417 public.
874 2390 952 2408 num.
978 2396 1015 2401 -
1060 2381 1105 2416 63)
1132 2378 1190 2407 Iste
1214 2378 1269 2409 Gu.
1286 2381 1314 2411 2.
1336 2395 1379 2401 —
1401 2377 1447 2417 64)
1472 2379 1505 2405 ιή,
1527 2377 1591 2405 loco
1611 2377 1667 2404 Gu.
1683 2378 1711 2407 2-
