2203 2829
170 149 245 183 288

871 139 1048 174 ISIDORI
1084 138 1263 175 HISPAL.
1299 139 1441 173 EPlsc.

337 238 398 273 57.
452 234 609 271 Saraceni
636 232 735 274 dicti,
763 233 816 266 vel
843 233 920 277 quia
947 245 987 267 ex
1014 233 1098 267 Sara
1123 231 1275 279 genitos¹
1307 246 1341 266 se
1374 234 1586 278 praedicent,
1621 231 1707 276 vel²‚
1734 235 1818 268 sicut
1844 234 1985 280 gentiles
2010 237 2110 280 aiunt,

172 292 266 339 quod
293 303 333 325 ex
360 291 522 334 Syrorum
547 291 620 319 sunt
647 282 799 329 origine³
826 286 920 329 quasi
947 285 1134 330 Syriginae.

173 351 206 381 et
231 343 434 381 Ismaelitae,
455 336 512 372 ut⁴
540 338 624 370 liber
651 337 823 370 Geneseos
851 337 971 379 docet,
999 337 1093 380 quod
1119 337 1180 370 sint
1208 349 1247 371 ex
1269 337 1419 371 ismaele.

1188 286 1235 319 Hi
1262 285 1471 330 peramplam
1493 286 1644 319 habitant
1671 286 1891 320 solitudinem.
1944 287 2013 331 Ipsi
2040 293 2113 321 sunt

1471 337 1539 382 Ipsi
1566 338 1678 371 Cedar
1694 350 1714 371 a
1730 339 1800 371 filio
1827 338 1974 371 Ismaelis
1986 335 2008 372 ⁵.
2045 340 2113 384 lpsi

171 396 319 443 Agareni
345 394 388 426 ab
414 393 528 436 Agar,
555 389 628 432 qui,
656 393 691 421 ut
717 387 878 431 diximus,
905 400 1063 433 perverso
1084 389 1217 423 nomine
1243 388 1400 423 Saraceni
1427 395 1603 431 vocantur,
1639 390 1717 434 quia
1745 401 1785 424 ex
1812 390 1895 424 Sara
1921 401 1955 422 se
1981 391 2112 435 genitos

171 449 366 496 gloriantur.

335 493 395 528 58.
448 490 600 525 Philistei
624 490 687 535 ipsi
713 496 786 524 sunt
813 491 1008 533 Palaestini,
1035 491 1113 534 quia
1143 503 1167 536 p
1195 491 1324 524 literam
1351 502 1460 523 sermo
1488 489 1684 525 Hebraeus⁶
1711 503 1777 525 non
1805 492 1928 536 habet,
1961 493 2019 526 sed
2046 505 2110 538 pro

172 562 212 585 eo
240 563 265 594 φ
294 546 429 580 Graeco
457 539 588 577 utitur⁷.
641 542 723 575 Inde
751 542 903 576 Philistei
937 554 1000 587 pro
1028 543 1221 576 Palaestinis
1248 543 1421 583 dicuntur,
1455 554 1474 574 a

1484 539 1497 559 fl

1529 544 1659 577 civitate
1685 544 1798 587 utique
1825 555 1892 578 sua.
1945 544 2052 577 Iidem
2080 550 2112 578 et

170 599 355 645 allophyli,
386 596 422 629 id
449 600 496 628 est
522 593 746 638 alienigenae,
787 592 852 627 ab⁹
879 594 966 637 hoc,
1001 594 1079 638 quia
1106 606 1238 639 semper
1265 594 1398 627 fuerunt
1424 594 1547 628 inimici
1573 595 1695 639 lsrael,
1729 602 1762 629 et
1793 596 1897 640 longe
1924 596 1967 629 ab
1995 607 2111 630 eorum

170 663 295 700 genere
323 655 355 683 et
369 645 392 664 ¹⁰
417 648 574 680 societate
596 645 748 690 separati.

338 699 397 733 59.
451 698 623 732 Chananei
650 696 811 742 appellati
839 696 881 729 de
903 696 1062 730 Chanaan
1090 696 1160 728 filio
1187 695 1315 737 Cham,
1342 707 1485 740 quorum
1508 701 1629 730 terram
1656 697 1770 731 ludaei
1797 697 2024 742 possederunt.
2059 698 2111 731 Ex

172 756 264 791 cuius
291 752 420 796 origine
447 751 508 783 fuit
535 750 658 789 Emor,
686 753 781 793 pater
806 745 985 789 Sichen¹¹,
1013 761 1031 780 a
1059 760 1125 790 quo
1154 748 1307 780 Amori-ei
1334 753 1407 781 sunt
1433 749 1623 793 nuncupati.

333 803 393 836 60.
445 801 605 845 Aegyptii
631 801 673 833 ab
699 801 859 844 Aegypto
880 799 1029 843 quodam
1056 812 1138 844 rege
1164 810 1223 832 sno
1240 796 1262 816 ¹²
1288 800 1398 833 vocati
1424 806 1505 834 sunt.

322 855 583 898 lnterpretantur
609 857 719 885 autem
746 852 861 895 lingua
889 851 1055 884 Hebraica
1084 851 1244 895 Aegyptii
1274 851 1479 896 affligentes,
1507 862 1547 884 eo
1575 851 1667 895 quod
1697 851 1884 884 afflixerunt
1897 847 1921 867 ¹5
1945 852 2111 896 populum

171 864 224 892 tur
237 853 269 889 ¹⁴·

171 909 252 951 Dei³
279 907 472 952 priusquam
499 904 609 935 divino
637 903 757 935 auxilio
786 903 1001 935 liberarentur
1015 899 1045 936 ¹⁰.

334 957 393 990 61.

1559 801 1645 833 Nam
1673 805 1768 832 antea
1795 797 1923 832 Aerii¹³
1951 800 2111 833 diceban·

446 956 621 989 Armenius
650 966 690 987 ex
717 954 891 987 Thessalia
920 965 1000 986 unus
1035 953 1077 985 de
1103 964 1239 986 nurnero
1268 952 1391 985 ducum
1428 954 1570 996 Iasonis,
1614 953 1670 997 qni
1705 952 1748 985 ad
1784 953 1933 986 Colchos
1967 953 2111 997 profecti

170 1016 260 1052 sunt,
291 1008 473 1043 recollecta
500 1006 728 1046 multitudine,
756 1017 842 1048 quae
861 1006 979 1038 amisso
1007 1016 1088 1049 rege
1101 1002 1123 1021 ¹⁷
1150 1004 1273 1048 passim
1298 1001 1556 1049 vagabantur&
1584 1005 1777 1038 Armeniam
1805 1004 1970 1045 condidit,
2001 1004 2111 1049 genti-

170 1074 235 1106 que
263 1073 301 1094 ex
328 1071 387 1093 suo
416 1058 582 1092 vocabulo
610 1069 731 1091 nomen
759 1057 862 1091 dedit.

335 1110 396 1145 62.

169 1163 318 1207 Scythae
339 1161 569 1205 aquibusdam
597 1160 815 1203 perhibentur
840 1160 950 1193 vocati
964 1157 999 1199 ²⁰,
1027 1170 1108 1202 gens
1135 1159 1354 1201 antiquissima
1382 1170 1515 1202 semper
1540 1159 1663 1194 habita.

449 1110 560 1142 Limes
587 1114 633 1141 est
654 1109 813 1149 Persicus,
841 1108 897 1151 qui
924 1107 1067 1151 Scythas
1094 1107 1136 1139 ab
1165 1107 1209 1139 eis
1235 1107 1362 1148 dividit,
1390 1106 1518 1150 Scytha
1548 1103 1844 1151 cognominatusw,
1873 1119 1892 1139 a
1914 1118 1982 1150 quo
2006 1106 2111 1139 limite

1718 1159 1763 1191 Hi
1791 1158 1933 1191 Parthos
1960 1158 2111 1192 Bactria-

170 1227 296 1258 nosque
322 1209 526 1251 viceruntffl,
558 1211 722 1243 foeminae
752 1215 861 1242 autem
885 1221 998 1242 eorum
1009 1207 1033 1226 ²²
1061 1210 1268 1242 Amazonum
1294 1221 1399 1253 regna
1427 1210 1659 1245 condiderunt,

335 1264 394 1297 63.

169 1318 273 1350 fortes
301 1316 331 1349 G
338 1321 420 1349 etae.

170 1374 269 1412 atque
298 1369 445 1401 Albanos
472 1365 783 1409 septentrionalibus
795 1361 820 1380 ²³

448 1263 662 1306 Massagetae
689 1273 728 1293 exr
755 1261 956 1304 Scytharum
989 1260 1118 1303 origine
1145 1264 1226 1292 sunt.

473 1315 559 1347 Nam
587 1314 633 1347 sic
667 1313 780 1346 Livius
810 1318 985 1357 argentum
1014 1323 1117 1355 grave
1145 1311 1242 1352 dicit,
1270 1311 1304 1343 id
1327 1317 1374 1343 est
1398 1323 1529 1344 massas.

847 1364 933 1408 iugis
961 1363 1153 1396 inhabitant.

1281 1261 1325 1291 Et
1357 1260 1434 1293 dicti
1462 1261 1674 1305 Massagetae
1701 1260 1794 1303 quasi
1822 1271 1959 1305 graves,
1998 1259 2032 1292 id
2060 1265 2110 1292 est

1583 1313 1628 1344 Hi
1656 1317 1744 1353 sunt,
1775 1313 1832 1354 qui
1858 1312 1941 1345 inter
1969 1311 2111 1355 Scythas

335 1419 394 1450 6⁴.
447 1419 636 1450 Amazones
661 1416 771 1449 dictae
798 1421 888 1457 sunt,
917 1427 973 1447 seu
1004 1415 1095 1457 quod
1124 1414 1219 1446 simul
1247 1413 1393 1446 viverent
1419 1413 1486 1446 sine
1516 1414 1601 1453 viris,
1630 1413 1721 1457 quasi
1749 1412 1825 1458 ἅμα
1854 1413 1962 1454 ζῶσαι
1974 1409 2015 1453 ²³,
2043 1413 2112 1446 sive

171 1470 264 1513 quod
292 1469 414 1502 adustis
442 1468 681 1500 dexterioribus
709 1468 859 1499 mammis
887 1471 1008 1505 essent,
1036 1478 1076 1498 ne
1104 1466 1295 1509 sagittarum
1323 1465 1426 1497 iactus
1454 1465 1690 1508 impediretur,
1719 1466 1809 1508 quasi
1839 1464 1923 1499 ἄνευ
1950 1461 2110 1509 ¹uoc'g‘0v²⁵.

170 1521 351 1555 Nudabant
377 1520 464 1553 enim
489 1530 588 1562 quam
611 1519 802 1550 adusserant
822 1529 1012 1550 mammam.

170 1584 251 1613 zon,
281 1572 375 1615 quasi
401 1571 486 1605 ἄνευ
514 1567 647 1614 μα’ζου,
680 1569 713 1601 id
738 1575 786 1602 est
817 1570 884 1602 sine
912 1580 1065 1601 mannua.

1064 1518 1134 1549 Has
1155 1516 1305 1548 Titianus

1120 1568 1190 1600 Has·
1218 1567 1332 1599 dicunt
1359 1568 1422 1599 iam
1451 1579 1516 1599 non
1544 1565 1663 1609 essem,
1699 1568 1790 1609 quod
1819 1579 1933 1600 earum
1961 1572 2078 1611 gentes

1316 1512 1339 1531 ²¹5
1746 1518 1832 1549 Nam
1852 1516 1920 1549 hoc
1947 1519 1994 1548 est
2007 1516 2112 1548 Ama-

2088 1564 2112 1583 ²8

1360 1516 1576 1549 unimammas
1603 1517 1693 1550 dicit.

170 1625 291 1668 partim
320 1624 362 1656 ab
390 1622 553 1661 Hercule,
576 1621 695 1665 partim
725 1621 767 1652 ab
795 1617 982 1658 Achille²¹¹,
1010 1616 1098 1651 vel³³⁰
1127 1618 1316 1651 Alexandro
1345 1629 1449 1661 usque
1476 1619 1517 1650 ad
1545 1619 1803 1651 internecionem
1833 1618 1965 1650 deletae
1994 1622 2076 1652 sunt.

334 1672 396 1709 65.

173 1724 262 1759 crine
288 1730 464 1759 nascuntur
491 1725 533 1757 ab
562 1723 698 1757 assiduis
728 1724 871 1765 nivibus,
905 1728 936 1756 et
970 1723 1069 1766 ipsius
1097 1722 1210 1766 capilli
1245 1722 1340 1754 color
1372 1722 1463 1766 genti
1491 1733 1611 1754 nomen
1645 1721 1748 1755 dedit.

263 1829 289 1862 1)
305 1828 400 1863 ge'nilzss
424 1826 523 1856 Gu.‘2.
553 1841 589 1847 —-
618 1824 646 1863 2)
672 1826 725 1854 Vv.
749 1826 796 1853 vel
815 1826 896 1853 sicut
920 1846 926 1852 .
952 1848 958 1854 .
982 1846 988 1852 .
1012 1824 1124 1851 solitu-

174 1867 274 1896 dinem
296 1879 352 1896 om.
376 1869 411 1896 al.
435 1884 476 1889 —
497 1867 524 1906 3)
549 1868 597 1895 Sic
615 1870 670 1896 Gn.
689 1872 713 1898 1.
732 1886 769 1890 —
791 1868 878 1905 Vulg.
894 1877 927 1894 ex
943 1869 1059 1903 origine>
1070 1868 1122 1903 ¹81»-

175 1920 280 1938 rortcm
303 1912 374 1939 sint.
400 1927 436 1930 —
460 1911 490 1946 4)
510 1915 541 1937 ιιι
561 1932 567 1938 .
582 1930 589 1938 .
608 1933 613 1938 .
639 1912 762 1939 [mnu-le
785 1911 824 1939 al.
849 1920 906 1938 om.
922 1926 959 1930 -—
990 1910 1018 1947 5)
1035 1921 1052 1935 a
1067 1910 1121 1936 Ce—

175 1951 319 1990 darjllio
344 1953 480 1980 Lsmaelis
503 1952 540 1980 al.
567 1968 609 1973 —
640 1956 670 1990 6)
698 1954 870 1981 Ilebruicas
892 1952 928 1981 al.
950 1967 991 1973 —-
1024 1950 1049 1989 ἶ)
1074 1952 1122 1979 :sic

176 1995 308 2026 Gu.1.2.
323 1995 359 2023 al.
373 2005 418 2022 va.
432 2011 473 2015 —
492 2000 623 2022 utuntur
643 1997 723 2034 vulg.
745 2012 787 2016 —
809 1994 837 2034 S)
861 2006 881 2022 α
904 1993 1005 2022 addidi
1029 2003 1043 2022 e
1066 1994 1121 2021 [vu.

176 2040 204 2069 1.
219 2047 265 2076 pr.
289 2054 322 2058 -
345 2039 374 2073 9)
391 2036 427 2065 ab
451 2046 506 2074 pro
530 2037 565 2063 ob
589 2038 645 2065 Gu.
664 2041 690 2068 1.
708 2054 749 2059 -
780 2036 823 2076 10)
848 2048 885 2065 ac
907 2038 1047 2064 societate
1066 2037 1121 2064 Gu.

176 2083 204 2112 2.
230 2090 277 2118 pr.
296 2089 341 2107 va.
358 2095 399 2101 —
423 2082 469 2115 11)
486 2079 601 2106 Sti-hem
626 2081 682 2107 Gu.
698 2082 725 2110 2.
751 2090 796 2108 va.
821 2096 862 2101 —
886 2081 930 2114 19)
949 2079 997 2106 Sic
1020 2079 1076 2109 Gu.
1097 2082 1121 2109 l.

176 2132 221 2160 pr.
243 2132 289 2151 va.
312 2137 353 2142 -
375 2132 430 2150 ειιυ
454 2132 521 2159 rege
544 2122 621 2159 vulg.
643 2138 685 2144 —-
714 2133 769 2149 suo
801 2133 859 2150 om.
885 2122 941 2150 Gu.
963 2124 992 2151 2.
1018 2121 1054 2149 al.
1083 2140 1119 2143 —

178 2162 224 2204 13)
246 2164 374 2192 [Iehraei
403 2163 459 2191 Gu.
476 2167 504 2194 (Ζ.
528 2179 562 2183 -
590 2168 632 2197 14)
656 2165 844 2192 vocabantur
865 2174 911 2191 va.
936 2180 974 2184 —-
1005 2163 1049 2202 1⁵3)
1074 2164 1121 2191 Sic

178 2207 236 2236 Gu.
258 2209 284 2238 1,
305 2206 339 2235 al.
363 2225 400 2229 —
427 2206 595 2243 asflixerint
623 2206 702 2243 vulg.
725 2223 766 2228 —
801 2207 847 2242 16)
869 2206 1048 2234 liberantur
1075 2207 1122 2233 Ar.

178 2264 220 2271 —
243 2250 392 2287 populum
414 2249 473 2276 Dei
495 2258 550 2286 pro
574 2249 634 2275 Da·
661 2259 734 2286 pop.
759 2249 815 2277 Gu.
840 2251 866 2280 1.
897 2265 935 2269 —
970 2250 1013 2283 17)
1038 2248 1121 2286 Vulg.

180 2290 249 2321 add.
275 2291 395 2327 Iasone,
418 2289 499 2328 quod
524 2300 579 2318 om.
608 2290 664 2319 Gu.
692 2294 717 2320 1.
742 2307 776 2311 —
810 2292 853 2325 13)
879 2290 926 2318 Sic
949 2290 1005 2319 Gu.
1031 2294 1055 2321 1.
1079 2307 1120 2312 —

179 2333 259 2371 vulg.
283 2333 464 2371 vagabatur.
485 2348 525 2354 —
551 2334 591 2369 19)
609 2332 657 2360 Sic
674 2332 730 2360 Gu.
749 2335 773 2362 1.
787 2334 814 2362 2.
829 2343 876 2360 va.
898 2332 946 2359 Ar.
971 2348 1011 2354 —-
1034 2333 1118 2370 Vulg.

181 2376 304 2413 Scythia
325 2376 547 2414 cognominata.
569 2374 823 2413 (cognominatur
845 2375 901 2401 Gu.
921 2374 968 2412 1.)
990 2391 1032 2395 --
1071 2375 1119 2411 ⁶20)

182 2419 230 2446 Sic
252 2418 308 2447 Gu.
326 2421 352 2449 1.
369 2421 398 2450 2.
411 2427 457 2456 pr.
479 2427 526 2447 va.
542 2418 590 2445 Ar.
605 2433 646 2438 —
670 2417 755 2455 Vulg.
780 2427 799 2443 α
823 2415 953 2454 quodum
977 2417 1078 2451 limite,
1100 2428 1118 2444 α

448 1674 484 1705 In
512 1678 605 1716 parte
616 1669 639 1688 ³¹
667 1672 831 1705 Asiaticae
843 1669 867 1689 ³²
893 1668 1087 1715 Scytliiae³³¹
1113 1676 1246 1714 gentes,
1275 1682 1360 1712 quae
1389 1667 1572 1713 posteros³⁴
1599 1682 1632 1702 se
1660 1669 1780 1702 lasonis
1793 1666 1817 1686 ³⁵
1841 1669 1996 1709 credunt,
2032 1669 2110 1701 albo

1808 1720 1890 1753 Inde
1901 1716 1926 1736 ³⁶
1958 1720 2111 1754 dicuntur

1165 1834 1225 1861 qno
1248 1824 1388 1861 Scythiae
1413 1822 1529 1860 perhib.
1558 1833 1620 1849 voc.
1649 1839 1689 1843 —
1723 1825 1771 1859 21)
1805 1823 1939 1849 vicerunt
1970 1820 2073 1850 addidi
2095 1832 2109 1849 e

1166 1868 1220 1894 Gn.
1240 1869 1266 1896 1,
1291 1881 1329 1887 —
1352 1866 1400 1902 52⁴2)
1421 1875 1522 1892 eorum
1546 1875 1602 1892 om.
1628 1865 1684 1892 Gu.
1700 1867 1728 1895 2.
1751 1880 1792 1885 -—·
1824 1865 1872 1900 23)
1889 1865 2109 1902 septentriona-

1164 1908 1277 1936 lailibus
1301 1908 1356 1936 Gu.
1375 1910 1399 1938 1.
1424 1923 1465 1928 —
1487 1910 1531 1939 ⁹24)
1551 1917 1677 1934 common
1704 1907 1759 1935 Gu.
1777 1909 1803 1935 1.
1819 1922 1862 1928 —
1876 1907 2031 1934 amaizoin
2053 1907 2109 1935 Gu-

1164 1954 1192 1982 2.
1207 1967 1249 1972 —
1268 1952 1418 1978 amaizom
1440 1949 1496 1978 Gu.
1519 1952 1546 1980 3.
1574 1965 1608 1970 —
1637 1951 1755 1976 anzazm'
1778 1949 1832 1978 Gu.
1857 1949 1887 1980 4.
1906 1965 1947 1971 —
1969 1950 2110 1976 amaizon

1164 2004 1210 2032 pr.
1234 2003 1280 2022 va.
1304 2009 1345 2014 —
1372 1989 1420 2031 25)
1443 2002 1499 2019 om.
1523 1992 1667 2020 Graecum
1692 2002 1736 2030 pr.
1763 2008 1798 2012 —
1831 1990 1878 2031 26)
1908 1992 2034 2019 Titanus
2050 1991 2108 2019 Gu.

1167 2040 1195 2066 1,
1213 2053 1251 2056 —
1282 2036 1432 2063 'chianus
1454 2044 1500 2062 va.
1522 2050 1564 2055 --·
1586 2035 1632 2073 97)
1655 2034 1703 2062 Sic
1729 2035 1787 2063 Gu.
1811 2037 1837 2064 1.
1860 2049 1901 2055 —
1930 2033 2014 2070 Vulg.
2038 2034 2109 2061 Ilus

1164 2080 1227 2105 iam
1250 2088 1310 2105 non
1338 2087 1398 2104 esse
1426 2082 1541 2104 constal
1571 2093 1603 2097 —
1633 2082 1749 2104 constat
1782 2086 1837 2104 om.
1869 2075 1925 2103 Gn.
1950 2079 1977 2106 2.
2003 2075 2040 2103 al.
2061 2086 2107 2104 va.

1163 2136 1206 2143 ·—
1227 2121 1275 2155 ⁹28)
1294 2125 1397 2158 genle-5*
1420 2130 1476 2147 om.
1501 2120 1556 2147 Gu.
1569 2121 1597 2149 2.
1614 2130 1659 2147 va.
1676 2135 1714 2140 ——
1738 2116 1784 2158 29)
1795 2118 1913 2156 partim
1925 2118 1962 2145 ab
1977 2118 2107 2153 Achille,

1159 2164 1277 2202 partim
1300 2162 1338 2189 ab
1362 2162 1493 2189 Hercule
1522 2163 1577 2190 Gu.
1600 2165 1628 2194 2.
1654 2178 1690 2183 --
1721 2159 1767 2200 ΞΟ)
1787 2160 1871 2197 Vulg.
1894 2160 1943 2187 vel
1970 2160 2023 2196 ab,
2055 2160 2108 2189 sed

1165 2205 1202 2232 ab
1226 2215 1281 2232 om.
1306 2204 1364 2232 Gu-
1383 2207 1409 2233 1.
1426 2220 1467 2225 —-
1490 2207 1535 2237 31)
1555 2204 1603 2232 Sic
1621 2205 1676 2232 Gu.
1695 2207 1720 2234 1.
1734 2203 1782 2232 Ar.
1807 2219 1844 2224 —
1865 2208 1970 2240 partes
1992 2213 2037 2242 pr.
2052 2212 2107 2232 va.

1165 2264 1204 2269 ——
1230 2247 1375 2284 partibus
1404 2247 1481 2283 vulg.
1511 2262 1554 2267 —
1581 2246 1626 2285 δί’)
1656 2247 1815 2274 Asiaticae
1844 2246 1880 2272 al.
1907 2255 1963 2274 om.
1992 2263 2029 2267 -
2059 2245 2107 2280 33)

1164 2289 1306 2330 qutln‘ac
1328 2300 1384 2318 orn.
1408 2289 1463 2317 Gu.
1486 2292 1511 2319 1.
1535 2305 1576 2310 -
1605 2288 1652 2328 34)
1673 2289 1720 2316 Sic
1743 2289 1800 2317 Gu.
1820 2290 1847 2319 1.
1863 2291 1890 2319 2.
1911 2303 1948 2309 —
1968 2292 2108 2325 posterus

1161 2332 1240 2369 vulg.
1256 2348 1297 2353 —
1327 2331 1371 2369 35)
1397 2332 1502 2359 Iasone
1525 2332 1581 2359 Gu.
1599 2335 1626 2363 2.
1650 2348 1690 2353 —
1722 2331 1771 2367 36)
1793 2330 1881 2366 Vulg.
1905 2335 1931 2357 et
1953 2329 2031 2365 inde,
2054 2329 2106 2357 sed

1163 2380 1190 2402 et
1217 2384 1274 2402 om.
1305 2375 1360 2403 Gu.
1380 2377 1404 2404 1.
1427 2390 1469 2395 -—-
1499 2379 1525 2400 et
1549 2372 1614 2401 ideo
1637 2383 1683 2401 va.
1708 2389 1746 2394 —
1770 2372 1817 2410 37)
1838 2372 1874 2399 ιίΙ
1894 2377 1935 2399 est
1966 2383 2025 2400 om.
2050 2372 2105 2399 Gu.

1165 2421 1189 2448 1.
1216 2434 1250 2438 ——-
1276 2416 1322 2455 38)
1347 2418 1420 2443 ιἠιςί
1445 2417 1481 2446 ul.
1499 2427 1555 2444 om.
1578 2432 1619 2437 ·—
1649 2417 1696 2451 39)
1715 2415 1838 2453 pupula
1863 2415 1918 2444 GU.
1936 2417 1964 2445 2.
1987 2430 2027 2436 -
2057 2414 2105 2450 40)
