2264 2830
640 608 981 645 FRIDERICI
1035 607 1447 644 LINDEMANNI

722 714 1362 772 EPISTOLA

498 860 589 898 AI)
660 858 1094 899 MAURICIUM
1167 858 1581 908 HAUP'I'IUM,

802 962 1037 984 Pnorrxssonmi
1065 961 1270 986 mrsmxsen.

372 1145 680 1192 MAURICIO
726 1149 1042 1203 HAUPT10‚
1094 1149 1241 1192 VIRO
1289 1150 1695 1207 CLARISSIMQ

954 1252 983 1275 S.
1022 1251 1051 1275 Ρ.
1090 1250 1121 1276 D.

556 1327 640 1361 ῬΗ
653 1329 718 1361 ID
730 1329 839 1362 ER]
853 1329 883 1363 C
894 1328 965 1364 US
1020 1329 1319 1364 LIA'DEMA
1330 1329 1414 1364 ΝΝ
1425 1330 1505 1365 US.

206 1466 316 1534 Noli
349 1510 448 1545 aegre
482 1500 587 1543 serre,
622 1501 681 1535 Vir
712 1500 899 1537 Clarissime
927 1506 1019 1547 atque
1051 1506 1153 1539 animo
1183 1517 1252 1540 meo
1288 1509 1467 1552 carissime,
1503 1507 1585 1552 quod
1612 1508 1682 1553 tibi,
1723 1519 1803 1553 quae
1836 1507 1866 1541 in
1899 1507 2005 1541 limine

59 1551 151 1585 huius
184 1553 329 1588 editionis
366 1555 505 1590 Charisii
540 1567 560 1589 a
589 1567 639 1589 me
671 1558 847 1601 praefanda
880 1562 988 1602 erant,
1022 1561 1179 1593 transmisi
1214 1565 1330 1605 tuoque
1364 1563 1488 1595 nomine
1522 1564 1684 1595 exornavi.
1738 1564 1820 1596 Nam
1852 1567 1884 1594 tu
1915 1562 2004 1594 solus

59 1604 148 1635 testis
182 1615 216 1637 es
245 1605 433 1640 iustissimus
467 1612 497 1640 et
529 1608 814 1653 locupletissimus,
853 1614 998 1653 quantum
1034 1611 1149 1644 laboris
1186 1614 1344 1656 posuerim
1380 1614 1410 1645 in
1442 1613 1638 1647 emendando
1667 1613 1838 1657 Charisi07
1874 1624 1941 1644 cum
1972 1616 2003 1645 et

58 1655 178 1687 auxilia
199 1666 271 1689 mea
294 1659 361 1701 ipse
389 1660 554 1702 aliquoties
579 1661 677 1693 oculis
703 1662 947 1704 perlustravcris¹
974 1663 1072 1705 iisque
1100 1664 1143 1694 sis
1167 1675 1262 1708 usus,
1290 1668 1320 1696 et
1343 1664 1546 1697 emendandis
1569 1666 1708 1710 plagulis
1735 1667 1816 1698 inter
1838 1664 2003 1696 excuden-

58 1704 131 1738 dum
164 1718 334 1752 praeesse,
370 1714 502 1756 rogatus
537 1721 557 1743 a
590 1722 640 1744 me
677 1723 738 1744 non
773 1713 1009 1745 detrectaveris.
1071 1713 1179 1757 ltaque
1215 1717 1331 1759 optime
1364 1720 1473 1759 teneS,
1504 1716 1694 1759 Niebuhr-io,
1721 1718 1790 1749 viro
1818 1715 2003 1747 immortalis

58 1759 248 1803 memoriae,
284 1760 409 1807 deberi,
446 1762 586 1806 quicquid
616 1764 647 1795 in
683 1764 878 1797 emendando
907 1764 966 1797 hoc
996 1764 1209 1799 Grammatico
1238 1777 1256 1798 a
1280 1777 1330 1800 me
1358 1769 1397 1799 sit
1423 1768 1618 1810 praestitum.
1670 1767 1794 1801 Deinde
1824 1768 1904 1810 scis,
1939 1776 2002 1799 non

58 1817 131 1840 esse
164 1809 382 1856 dubitandum,
422 1815 494 1857 quin
527 1817 599 1858 post
630 1814 796 1848 editionem
829 1817 999 1860 principem
1035 1827 1127 1851 nemo
1164 1817 1276 1863 fuerit,
1318 1820 1369 1861 qni
1396 1817 1544 1853 Charisio
1582 1829 1674 1863 opem
1706 1819 1814 1853 tulerit
1850 1828 1891 1850 ex
1921 1817 2000 1850 libro

58 1860 187 1902 scripto.
240 1861 322 1895 Nam
344 1864 508 1897 Fabricius
529 1865 789 1911 Chemnicensis,
817 1869 903 1900 cuius
928 1868 1095 1901 editionem
1117 1869 1293 1903 Frobenius
1323 1870 1473 1902 Basileae
1507 1880 1588 1903 anno
1621 1881 1754 1905 ermom.
1787 1870 1875 1913 typis
1904 1868 2001 1902 evul-

57 1911 146 1953 gavit
172 1913 282 1956 quique
309 1914 393 1947 haud
420 1926 519 1959 pauca
545 1918 575 1949 in
603 1920 746 1951 oratione
774 1917 912 1952 Charisii
941 1919 1137 1964 emendavit,
1165 1921 1259 1953 multa
1289 1924 1393 1953 tamen
1421 1923 1513 1953 etiam
1541 1922 1758 1966 interpolavit,
1790 1921 1910 1953 nullum
1937 1921 2001 1952 ha-

55 1961 121 1993 buit
147 1962 262 1995 codicis
285 1968 488 2010 manuscripti
515 1970 685 2013 auxilium,
714 1970 795 2013 quod
823 1981 891 2002 cum
919 1971 986 2014 ipse
1014 1971 1130 2003 diserte
1158 1976 1288 2004 testatus
1317 1976 1363 2004 est
1394 1974 1423 2004 in
1450 1971 1648 2015 praefatione
1675 1984 1748 2016 sua,
1783 1976 1847 2004 tum
1872 1973 1939 2015 ipsa
1966 1980 2000 2002 re

56 2012 219 2046 evidenter
252 2015 483 2050 manifestatur.
535 2019 685 2064 Princeps
717 2025 819 2053 autem
854 2021 967 2065 editio,
1004 2033 1101 2065 quae,
1137 2030 1170 2055 ut
1202 2025 1283 2067 scis,
1313 2023 1407 2056 Pierii
1432 2023 1572 2066 Cymiuii
1599 2034 1697 2068 opera
1727 2025 1829 2057 lucem
1857 2023 2001 2067 adspexit

56 2063 192 2108 Neapoli
218 2076 301 2100 anno
325 2078 528 2114 mornxxxn,
556 2070 636 2104 hanc
662 2072 756 2105 habet
782 2074 813 2105 in
840 2071 945 2105 fronte
971 2074 1220 2117 inscriptionem:

216 2159 295 2203 „FL
319 2159 477 2205 Sosipatri
505 2162 662 2209 Charisii,
689 2167 816 2199 natione
837 2164 1010 2210 Campani,
1040 2166 1244 2201 Grammatici
1270 2168 1483 2213 vetustissimi,
1510 2167 1740 2202 Institutionum
1768 2164 1998 2201 Grammatica-

54 2218 123 2241 rum
153 2208 240 2242 Libri
272 2211 438 2257 Quinque,
474 2215 510 2245 ab
539 2215 569 2247 A
596 2215 672 2248 Iano
699 2216 871 2251 Parrhasio
899 2219 973 2251 olim
1000 2219 1135 2262 inventi,
1173 2230 1209 2251 ac
1237 2230 1317 2252 nunc
1344 2221 1476 2263 primum
1503 2230 1521 2252 a
1551 2220 1598 2252 Io.
1625 2220 1729 2253 Pierio
1756 2218 1903 2260 Cymisslo
1931 2215 1999 2247 lani

55 2259 215 2304 auditore,
246 2262 278 2294 in
304 2265 440 2308 gratiam
466 2265 727 2300 Adulescentium
751 2267 994 2302 Cosentinorum
1023 2269 1107 2302 editi.
1160 2270 1206 2304 Io.
1230 2270 1325 2303 Pierii
1353 2270 1494 2313 Cyminii
1517 2271 1663 2315 Epistola
1686 2268 1932 2311 Nuncupatoria,
1959 2265 1999 2297 ad

54 2310 293 2354 Amplissimum
317 2314 502 2348 Praesnlem
529 2316 736 2351 Coriolanum
762 2319 1006 2365 Martyranum,
1034 2320 1144 2354 Sancti
1166 2321 1269 2354 Marci
1295 2322 1500 2366 Episcopum.
1554 2322 1690 2356 Cautum
1717 2325 1763 2351 est
1790 2318 1941 2351 Caesaris
1969 2320 1999 2348 θῐ

55 2360 231 2396 Clementis
255 2365 328 2398 Vll.
356 2366 447 2399 Pont.
474 2367 562 2400 Max.
596 2370 792 2414 privileo'iiS,
826 2381 866 2403 ne
894 2373 1055 2415 quisquam
1080 2376 1146 2406 toto
1174 2373 1325 2406 decennio
1352 2373 1411 2406 hos
1439 2373 1582 2416 Quinque
1607 2371 1744 2405 Charisii
1769 2369 1883 2412 libros,
1918 2369 1999 2400 intra

55 2410 166 2457 Regni
191 2415 412 2464 Neapolitani,
447 2423 540 2463 atque
566 2397 789 2455 sacrosanztae
810 2422 976 2457 Ecclesiae
1002 2423 1170 2458 Romanae
1196 2424 1294 2471 fines,
1323 2426 1502 2470 imprimere
1534 2427 1588 2456 aut
1617 2423 1788 2466 impressos
1817 2420 1889 2453 alibi
1916 2428 1999 2451 ven-

57 2462 132 2497 dere
157 2468 268 2509 possit.

1556 2527 1585 2561 b
