2255 2819
859 218 888 252 C
915 220 945 251 A
973 219 1010 251 P.
1063 219 1151 251 XIX.

413 298 518 331 Saltus
545 296 666 335 dictus,
693 295 786 338 quasi
813 295 924 328 exilire
951 296 983 327 in
1010 295 1122 329 altum.

868 380 896 413 C
924 382 954 413 A
981 382 1017 413 P.
1070 380 1142 413 XX.

412 449 532 483 Cursus
558 461 577 481 a
605 447 778 482 velocitate
805 459 936 482 crurum
964 454 1101 483 vocatur
1112 445 1134 482 ².

860 533 1152 569 CARXXI.
1230 533 1314 567 De

410 602 516 635 lactus
543 601 649 635 dictus
676 601 718 634 ab
746 602 896 635 iaciendo
912 600 932 637 ⁴.

996 602 1095 636 Unde
1122 607 1154 635 et
1181 602 1391 646 piscatorium
1419 608 1488 634 rete
1516 603 1658 637 iaculum
1693 605 1820 639 dicitur.

937 101 1113 135 ISIDORI
1147 100 1326 134 HlSPAL.
1361 101 1505 136 EPISC.

1236 218 1317 251 De
1375 220 1583 253 saltu.

1174 294 1234 327 Est
1260 294 1345 327 enim
1373 295 1471 329 saltus
1499 297 1610 339 altius,
1638 299 1689 332 vel
1718 298 1848 343 longius
1876 296 2019 332 exilire¹.

1224 380 1300 413 De

1186 448 1246 480 Est
1274 449 1360 481 enim
1395 459 1506 482 cursus
1533 448 1713 485 velocitas³
1738 452 1875 496 pedum.

1359 391 1566 416 cursu.

1373 535 1578 569 iactu.

1883 605 1972 638 Huic
2001 606 2060 638 arti
2069 609 2081 621 '
2110 616 2184 639 usus

247 659 294 688 est
316 658 449 698 arrepto
474 651 610 698 lapide*i
637 654 755 697 procul
783 654 899 695 ferire,
926 654 1036 687 hastas
1067 654 1219 699 pondere
1246 654 1365 686 librato
1393 655 1520 695 iacere,
1554 655 1687 700 sagittas
1714 668 1792 690 arcu
1819 657 1976 689 emittere.

810 738 838 772 C
866 740 896 772 A
922 740 960 774 P.
1013 739 1120 772 XXII.

1199 739 1278 772 De

1336 739 1625 773 virtute.

410 807 520 840 Virtus
545 810 593 839 est
618 807 815 839 immensitas
839 808 953 840 virium
980 808 1011 840 in
1039 808 1155 840 labore
1180 812 1210 840 et
1236 806 1388 851 pondere
1415 808 1572 852 corporis.

791 892 819 926 C
843 894 871 925 A
898 894 935 927 P.
987 893 1109 925 XXIII.

1188 892 1261 926 De
1312 893 1643 928 lac—tatione.

410 960 561 994 Luctatio
589 972 607 992 a
635 960 773 993 laterum
808 962 985 1005 complexu
1012 957 1168 1001 vocata⁷‚
1202 962 1320 1004 quibus
1349 962 1497 995 corninus
1529 967 1690 996 certantes
1724 958 1932 1001 innitunturffi
1965 963 2020 1004 qui
2050 961 2183 995 Graeca

245 1011 472 1057 appellatione
500 1011 646 1043 athletae
674 1018 840 1044 vocantur.

797 1096 825 1129 C
853 1098 882 1129 A
910 1098 945 1130 P.
999 1098 1121 1130 XXIV.

892 1013 1004 1046 Locus
1032 1018 1140 1045 autem
1167 1013 1352 1046 luctationis
1379 1013 1544 1056 palaestra
1571 1014 1700 1047 dicitur.

1199 1098 1269 1130 De
1315 1099 1620 1143 palaestra.

406 1159 629 1196 Palaestram⁹
658 1168 766 1196 autern
794 1164 845 1196 vel
874 1162 947 1199 α’πό
970 1166 1030 1211 τῆς
1058 1161 1180 1212 πάλης,
1209 1165 1242 1197 id
1262 1170 1308 1197 est
1336 1166 1559 1205 aluctatione,
1588 1167 1642 1200 vel
1669 1164 1741 1202 αἠὀ
1768 1166 1836 1201 τοῦ
1863 1163 2055 1205 πάλλεινω,
2084 1165 2184 1198 idest

244 1229 263 1250 a
289 1220 380 1249 motu
407 1215 520 1248 ruinae
546 1214 638 1247 fortiS
665 1215 866 1248 nominatam
895 1216 1017 1257 dicunt,
1055 1216 1202 1257 scilicet,
1227 1216 1319 1259 quod
1354 1217 1512 1250 luctando
1530 1216 1549 1235 ¹¹
1587 1230 1663 1251 cum
1693 1218 1820 1250 medios
1855 1218 2012 1262 arripiant
2029 1213 2070 1257 ¹²,
2112 1217 2182 1249 sere

244 1269 390 1312 quatiant
404 1264 437 1307 ¹³,
464 1266 567 1309 idque
591 1267 681 1310 apud
712 1267 861 1299 Graecos
889 1265 1036 1304 πάλλειν
1064 1273 1210 1302 vocatur.

694 1318 846 1361 Namque
874 1319 956 1351 inter
988 1320 1072 1351 feras
1100 1315 1281 1352 caeteras¹⁴
1315 1331 1370 1351 eos
1397 1320 1486 1353 solos
1514 1325 1547 1353 et
1580 1321 1663 1365 erigi
1699 1331 1912 1365 congressoS‚
1955 1325 1987 1352 et
2013 1319 2182 1352 subsidere

243 1320 387 1353 tentione
415 1322 640 1351 monstratam.

244 1371 393 1405 celeriter
421 1380 460 1403 ac
487 1369 623 1411 reverti,
671 1374 703 1401 et
729 1370 833 1403 modo
861 1371 1009 1404 manibus
1036 1376 1162 1404 tentare
1176 1367 1199 1387 ¹⁵
1233 1371 1393 1413 invicem,
1440 1372 1543 1404 modo
1577 1372 1756 1416 complexu

243 1422 436 1457 luctantium
448 1417 480 1452 ¹⁷.

834 1499 862 1533 C
889 1501 919 1533 A
946 1501 984 1533 P.
1036 1500 1139 1533 XXV.

1226 1499 1309 1532 De

408 1573 504 1614 Quae
532 1574 639 1606 Latini
674 1575 866 1615 certamina,
895 1577 1019 1609 Graeci
1047 1575 1184 1621 α’γῶνας
1211 1581 1349 1616 vocant,
1377 1588 1396 1608 a
1424 1576 1624 1619 frequentia,
1667 1587 1732 1618 qua
1759 1571 2010 1608 celebranturffl.

1266 1268 1413 1308 Quidam
1438 1270 1614 1312 opinantur
1630 1274 1733 1302 artem
1760 1269 1905 1302 luctandi
1934 1280 2082 1301 ursorum
2100 1279 2182 1301 con-

1772 1368 1794 1388 ¹¹⁵
1829 1371 1966 1416 abigere
1992 1382 2061 1404 sese
2088 1382 2182 1403 more

1369 1510 1596 1544 agone.

2070 1573 2181 1616 Siqui-

245 1625 322 1658 dem
350 1630 382 1658 et
409 1636 542 1657 omnem
570 1631 701 1658 coetum
730 1632 829 1668 atque
856 1634 1053 1661 conventum
1082 1640 1192 1672 agona
1220 1628 1303 1667 diei3
1330 1627 1384 1659 alii
1415 1629 1505 1670 quod
1533 1628 1566 1659 in
1599 1627 1731 1660 circuliS
1759 1632 1791 1658 et
1814 1627 1905 1669 quasi
1937 1621 2117 1670 agoniisffl,
2144 1624 2179 1656 id

246 1682 293 1709 est
318 1676 385 1709 sine
411 1677 537 1721 angulo
565 1677 647 1711 locis
675 1677 870 1719 ederentur,
908 1685 1113 1724 nuncupatos
1140 1691 1265 1724 agonas
1290 1684 1418 1723 putant.

653 1761 682 1795 C
709 1763 739 1795 A
767 1763 804 1795 Ρ.
857 1764 978 1797 XXVI.

409 1829 565 1872 Agonum
592 1841 716 1874 genera
743 1831 839 1864 fuisse
850 1828 893 1864 ²⁰:

334 1901 361 1937 l)
384 1902 430 1929 Sic
455 1904 511 1931 Gn.
531 1907 555 1934 1.
578 1908 606 1937 2.
631 1921 672 1926 —
701 1906 755 1933 alt.
778 1907 844 1935 cxil.
878 1908 923 1934 ιἐ]
943 1908 1021 1946 long.
1047 1908 1127 1945 vulg.
1150 1924 1190 1928 —

246 1944 312 1972 exil.
335 1944 388 1971 alt.
412 1945 458 1971 rel
479 1946 556 1984 long.
588 1957 631 1975 va.
654 1964 695 1968 —-
725 1949 753 1984 52)
778 1955 903 1977 vocatus
933 1960 977 1978 va.
1015 1966 1056 1971 —-
1090 1952 1120 1987 3)
1144 1950 1191 1977 Sic,

248 1987 304 2015 Gu,
329 1990 351 2013 1.
373 2002 413 2007 -—
436 1987 571 2015 celeritas
595 1990 675 2027 vulg.
705 2006 746 2011 —
776 1990 807 2029 4)
831 1992 868 2020 ab
892 2002 947 2030 pro
971 2004 990 2020 ιι
1014 1993 1069 2022 Cu.
1097 1996 1123 2023 1.
1149 2009 1190 2013 -

246 2027 277 2067 5)
300 2029 384 2055 Hinc
407 2033 433 2055 et
456 2031 517 2056 arti
547 2031 601 2061 Gu,
628 2035 653 2062 1.
684 2048 723 2053 -—-
758 2034 828 2061 Hac
856 2040 920 2062 ccl-te
943 2046 987 2063 va.
1021 2052 1057 2056 —
1089 2033 1119 2074 6)
1143 2035 1191 2063 Sic

248 2070 303 2098 Gu.
327 2073 352 2100 1.
383 2070 433 2099 Ar.
465 2087 505 2092 -—
534 2079 666 2110 art-‘ptos
694 2074 811 2111 lapides
841 2077 921 2114 vulg.
953 2095 992 2098 —
1025 2078 1052 2113 7)
1087 2077 1135 2105 Sic
1158 2078 1187 2106 Z.

248 2112 303 2140 Gu.
330 2115 355 2142 1.
374 2113 408 2142 al.
432 2123 477 2142 va.
501 2130 542 2135 —
564 2121 688 2142 vocatur
710 2117 790 2154 vulg.
814 2135 854 2139 ——
878 2122 903 2153 8)
928 2120 976 2147 Sic
1002 2120 1050 2147 Ar.
1074 2136 1115 2140 -
1139 2121 1188 2147 in-

247 2156 341 2182 nitent
364 2156 394 2182 Z.
421 2156 477 2184 Gu.
500 2158 526 2185 1.
547 2159 574 2187 2.
599 2173 636 2178 -
660 2160 783 2186 invitent
807 2161 886 2198 vulg.
916 2176 957 2182 —
976 2165 1003 2196 9)
1026 2162 1189 2189 Palaestra

248 2202 350 2225 autem
371 2208 391 2224 α
413 2198 578 2225 lactatione
600 2201 790 2236 nominatur,
825 2203 937 2230 scilicet
968 2204 1052 2241 quod
1081 2209 1134 2232 etc.
1159 2205 1188 2232 Z.

248 2256 289 2261 -—
312 2240 505 2268 Palaestram
527 2247 627 2268 aulem
650 2252 668 2268 (ι
699 2242 863 2271 luctatione
893 2246 938 2272 uel
960 2244 1018 2276 ἀπὸ
1039 2248 1094 2276 τοῦ
1117 2243 1189 2276 πάλ,-

249 2284 318 2317 λειν,
342 2281 377 2309 id
398 2288 440 2310 est
462 2293 481 2310 α
501 2289 583 2311 motu
606 2285 713 2311 ruinae
740 2287 834 2319 sortis
861 2290 1049 2316 nominatam
1072 2288 1187 2325 dicunt,

250 2325 296 2352 vel
315 2320 372 2354 οἷπό
394 2327 447 2364 τῆς
469 2322 584 2364 πάλης,
606 2326 718 2353 scilicet
737 2326 820 2364 qnod
832 2333 885 2356 etc.
910 2330 964 2359 Gu.
978 2334 1001 2360 1.
1019 2333 1046 2361 2.
1064 2348 1099 2351 —
1122 2331 1188 2360 Om.

251 2368 364 2396 Graeca
386 2377 430 2406 pr.
452 2384 492 2388 —
528 2367 572 2408 10)
590 2369 711 2407 pale-sin
733 2369 788 2398 Gu.
810 2371 837 2399 1.
854 2372 882 2400 2.
911 2388 950 2393 —-
980 2371 1024 2412 11)
1047 2373 1133 2411 Vulg.
1156 2375 1189 2401 ιἰι

1056 1765 1129 1797 Dc
1170 1763 1477 1808 generibus
1523 1773 1758 1807 agonum.

934 1833 1130 1865 immensitas
1156 1833 1292 1873 virium,
1338 1843 1449 1866 cursus
1476 1831 1646 1872 celeritas,
1687 1830 1864 1876 sagittandi
1890 1829 2026 1874 peritia,
2072 1829 2178 1862 standi

1234 1907 1398 1941 luctando,
1422 1906 1473 1936 sed
1495 1908 1526 1934 in
1549 1916 1605 1934 om.
1630 1906 1687 1934 Gu.
1712 1909 1737 1936 1.
1761 1908 1789 1936 2.
1814 1921 1853 1926 -—
1884 1905 1930 1942 12)
1953 1905 2000 1933 Sic
2021 1906 2052 1935 Z.
2077 1906 2133 1935 Gu.
2151 1908 2176 1935 1.

1234 1953 1262 1981 2.
1287 1961 1330 1979 va.
1355 1950 1404 1978 Ar.
1433 1966 1473 1971 —
1501 1950 1631 1986 arripiat
1655 1948 1734 1986 vulg.
1757 1966 1797 1969 —
1826 1947 1870 1986 13)
1893 1948 1941 1976 Sic
1965 1948 1994 1975 Ζ.
2020 1948 2074 1978 Gu.
2101 1951 2126 1979 1.
2148 1949 2176 1977 2.

1234 2003 1280 2021 va.
1306 2010 1342 2014 —-
1368 1993 1511 2031 quatiunt
1528 1991 1607 2028 vulg.
1626 2007 1667 2012 —-
1692 1990 1735 2030 1÷)
1755 1991 1803 2018 Sic
1826 1991 1880 2018 Gu.
1898 1994 1924 2021 1.
1944 2007 1981 2011 —
1998 1996 2071 2018 caet.
2090 1991 2177 2026 feras

1234 2036 1315 2072 vulg.
1337 2051 1377 2056 —-
1409 2034 1453 2071 15)
1477 2039 1622 2071 temptant
1646 2034 1675 2063 Z,
1699 2049 1740 2055 --
1771 2034 1816 2071 16)
1841 2033 1982 2071 complexi
2004 2033 2026 2060 Z
2058 2049 2098 2054 —
2131 2034 2173 2068 17)

1234 2078 1317 2115 Vulg.
1341 2077 1407 2105 add.
1433 2076 1552 2112 (licant,
1576 2076 1656 2114 quod
1680 2086 1737 2106 om.
1761 2076 1791 2104 Z.
1815 2076 1870 2104 Gu.
1898 2079 1923 2106 1.
1946 2079 1974 2107 2.
1997 2085 2043 2103 va.
2061 2091 2102 2096 —
2130 2073 2176 2113 18)

1232 2120 1458 2147 celebrabantur
1487 2128 1531 2146 va.
1567 2119 1613 2146 Ar.
1648 2135 1681 2139 -
1726 2119 1768 2156 19)
1793 2119 1902 2156 agoni-9
1934 2118 1991 2147 Gu.
2015 2120 2041 2148 1.
2066 2127 2111 2146 va.
2136 2133 2176 2138 —

1231 2163 1279 2198 ΞΟ)
1313 2163 1398 2198 fuere
1431 2161 1479 2189 Ar.
1521 2177 1555 2182 ——
1597 2167 1668 2188 sunt
1699 2171 1744 2188 va.
1784 2179 1820 2183 --
1871 2161 1917 2197 91)
1953 2170 2070 2198 qaoque
2107 2158 2174 2186 add.

1231 2204 1310 2241 vulg.
1335 2221 1375 2225 —
1403 2203 1468 2231 Om.
1493 2203 1548 2231 Gu.
1575 2206 1599 2233 1.
1632 2219 1670 2225 —
1713 2202 1760 2242 2⁹2)
1787 2203 1836 2231 Sic
1857 2204 1913 2230 Gu.
1941 2206 1964 2233 1.
1995 2218 2036 2224 —
2062 2206 2174 2240 perpet.

1230 2247 1451 2284 suppliciorum
1487 2247 1653 2273 certamina
1693 2245 1772 2282 vulg.
1808 2261 1848 2266 —
1883 2244 2061 2272 discrimina
2091 2244 2173 2270 mal-

1231 2294 1322 2327 taquf
1353 2290 1518 2316 cfrtamincr
1547 2289 1576 2316 Z.
1605 2304 1647 2309 ——
1684 2288 1783 2325 suppl.
1814 2293 1881 2316 cert.
1911 2293 1982 2314 sunt
2006 2287 2060 2314 Gu.
2079 2288 2107 2315 2.
2135 2302 2167 2306 —

1231 2333 1277 2367 ⁶23)
1309 2331 1356 2359 Sic
1384 2333 1439 2360 Gu.
1468 2334 1492 2362 1.
1516 2333 1544 2361 2.
1569 2340 1614 2360 va.
1642 2347 1683 2352 —
1712 2329 1836 2358 deorum·
1869 2329 1947 2366 vulg.
1977 2344 2019 2351 ·—
2053 2327 2099 2364 24)
2124 2327 2172 2356 Sic

1232 2373 1288 2402 Gu.
1313 2377 1382 2405 1.2.
1416 2390 1451 2395 —-
1484 2373 1663 2401 daemonum
1694 2373 1774 2410 vulg.
1814 2388 1854 2394 —
1903 2371 1949 2406 25)
1977 2370 2068 2398 hams
2101 2381 2169 2398 rea-
