2264 2830
774 109 1018 146 ORIGINUM
1043 111 1187 145 LIBER
1214 113 1286 147 xn.
1947 117 2022 153 375

246 204 303 240 15.
358 205 487 250 Capros
515 211 547 238 et
575 217 692 250 capras
720 218 739 237 a
767 204 941 250 carpendis
966 206 1116 249 virgultis
1139 206 1274 249 quidam
1298 207 1457 239 dixerunt.
1488 206 1554 240 Alii
1581 205 1675 249 quod
1703 205 1874 250 captent³⁸
1895 222 2022 255 aspera,

79 258 237 292 Nonnulli
266 270 284 290 a
309 259 436 302 crepitu
464 268 606 294 crurum,
636 257 724 289 unde
749 269 802 289 eas
830 253 982 300 crepas³”
1009 258 1178 297 vocitatas,
1207 271 1292 302 qnae
1319 265 1393 292 sunt
1420 265 1566 303 agrestes
1595 269 1718 302 caprae
1731 256 1766 299 ⁴⁰,
1794 271 1876 302 quas
1899 262 2023 298 Graeci

79 322 143 354 pro
171 322 231 349 en,
259 310 350 352 quod
380 309 562 341 acutissime
591 308 738 349 videant,
779 306 851 343 sino*
879 308 946 343 τοῦ
974 307 1298 354 ὀξι“()ἐ()κέστερον“
1336 307 1536 343 dorcadas⁴²
1564 310 1828 353 appellaverunt.
1881 312 2023 348 ,Moran-

79 370 131 395 tur
158 362 243 394 enim
273 363 304 393 in
333 361 465 393 excelsis
493 360 674 400 montibus,
704 366 735 392 et
763 360 911 403 quanu'is
939 359 981 391 de
1011 361 1215 403 longinquo,
1240 361 1353 394 vident
1375 367 1486 394 tamen
1509 373 1622 394 omnes
1644 362 1701 404 qui
1728 362 1870 397 veniunt.

245 413 301 447 ⁷16.
357 411 504 444 Eaedem
517 408 537 427 ²³¹
559 417 668 443 autem
689 417 719 444 et
737 423 894 455 capreae:
918 411 1055 444 eaedem
1071 410 1090 428 ¹¹
1112 413 1231 453 ibices,
1255 414 1347 455 quasi
1372 414 1497 452 avices,
1524 424 1564 445 eo
1580 413 1673 456 quod
1691 413 1733 446 ad
1749 410 1770 431 ¹⁵
1794 415 1893 448 instar
1915 417 2024 450 avium

80 464 183 497 ardua
201 469 232 497 et
248 464 374 497 excelsa
391 468 533 503 teneant,
550 468 582 495 et
600 464 631 495 in
648 464 779 496 sublimi
791 461 811 479 “⁵
827 463 1008 496 inhabitent
1019 461 1048 504 Π,
1066 464 1109 496 ita
1127 469 1160 495 nt
1176 464 1220 496 de
1235 465 1438 498 sublimitate
1454 466 1504 498 vix
1522 465 1673 497 humanis
1693 465 1862 499 obtutibus
1879 473 2024 511 pateant.

249 522 302 555 17.
358 523 457 556 Unde
485 528 516 556 et
544 524 723 556 meridiana
751 536 827 568 pars
855 524 954 555 ibices
981 536 1056 556 aves
1079 529 1199 556 vocant
1210 520 1250 563 ⁴⁸,
1278 521 1398 567 quaelu
1426 525 1491 557 Nili
1520 522 1683 557 ssuentis⁵⁰
1705 525 1900 561 inhabitant.
1927 528 2025 561 Haec

78 576 188 619 itaque
211 575 379 614 animalia,
414 581 449 607 ut
472 575 631 615 diximus,
666 577 698 608 in
730 577 830 619 petris
866 575 1026 607 altissimis
1054 580 1316 615 commorantur,
1353 572 1415 608 et³¹
1445 577 1470 608 si
1497 577 1632 620 quando
1660 577 1804 610 serarum
1832 579 1884 610 vel
1912 578 2025 611 homi-

78 638 156 660 num
179 627 409 659 adversitatem
438 634 670 670 persenserunt
681 624 714 669 ⁵²,
742 628 786 660 (le
805 628 968 662 altissimis
995 638 1145 660 saxorum
1174 627 1400 661 cacuminibus
1428 640 1496 661 sese
1524 628 1780 672 praecipitantes
1807 629 1838 662 in
1864 630 1927 663 suis
1948 642 2024 664 cor-

77 680 170 712 nibus
195 690 229 711 se
241 674 265 694 ⁵*
291 678 403 710 inae-u
431 679 619 721 suscipiunt.

245 730 300 761 15.

74 780 238 814 dicuntur.

74 884 215 918 herbam
239 884 300 929 ipsi
328 885 556 929 prodiderunt.

240 944 299 977 19.

75 996 135 1030 hil.

353 730 453 763 Certi
487 730 566 762 dicti
602 727 675 765 (ἔντυ’
708 731 779 764 τῶν
806 727 981 777 κεράτιον,
1014 729 1047 762 id
1085 735 1131 762 est
1158 742 1177 762 a
1204 730 1366 763 cornibus.

292 781 336 813 Hi
364 782 564 825 serpentium
599 782 721 815 inimici
756 794 833 815 cum
871 794 904 813 se
932 785 1088 825 gravatos
1116 778 1183 813 in³¹
1210 782 1398 815 infirmitate
1432 782 1649 826 persenserint
1663 779 1705 821 ⁵⁵,
1748 783 1863 826 spiritu
1897 785 2024 817 narium

76 844 133 865 eos
162 832 336 865 extrahunt
364 834 407 865 de
435 834 599 874 cavernis,
635 839 667 865 ct
700 839 854 877 superata
890 833 1036 876 pernicie
1064 833 1180 865 veneni
1209 844 1322 866 eorum
1360 835 1488 878 pabulo
1515 838 1722 878 reparantur.

609 886 694 918 Nam
719 881 792 917 c0⁵⁷
820 885 905 929 pasti
933 885 1103 918 excutiunt
1132 890 1289 929 acceptas
1317 887 1462 929 sagittas.

354 944 518 978 Mirantur
545 950 654 978 autem
682 945 813 977 sibilum
841 944 1036 978 fistularum.

188 996 223 1029 Si
252 996 386 1039 quamlo
415 997 572 1030 immensa
595 997 749 1037 flumina,
783 997 834 1028 vel
865 997 967 1028 maria
989 1001 1206 1037 transnatant,
1241 999 1353 1042 capita
1381 998 1533 1030 clunibus
1558 995 1832 1041 praecedentium
1859 1007 2026 1042 superpo-

1430 731 1582 777 Κέρατα
1617 731 1703 763 enim
1730 731 1863 764 Graece
1900 743 2026 766 cornua

1776 834 1989 868 Dictamnutn
2001 832 2025 852 ⁵⁶

1090 945 1218 978 Erectis
1231 942 1255 961 ⁵⁶
1289 947 1420 979 auribus
1454 951 1551 979 acute
1583 943 1738 984 audiunt,
1771 944 1948 978 summissis
1975 946 2026 977 ni-

75 1053 174 1092 nunt,
207 1048 337 1091 sibique.
364 1048 504 1081 invicem
532 1049 747 1081 succedentes
775 1048 902 1081 nullum
929 1049 1082 1082 laborem
1111 1049 1271 1092 ponderis
1298 1050 1448 1082 sentiunt.

241 1099 299 1131 20.

354 1100 566 1144 'fragelaphi
595 1113 612 1132 a
641 1101 779 1134 Graecis
807 1100 983 1141 nominati,
1016 1101 1071 1143 qui
1100 1101 1179 1132 dum
1209 1101 1327 1134 eadem
1359 1101 1471 1145 specie
1499 1101 1579 1141 sint,
1607 1104 1643 1132 ut
1670 1100 1776 1140 cervi,
1812 1099 1945 1131 villosos
1974 1105 2025 1131 ta-

75 1162 151 1184 inen
177 1150 304 1183 habent
329 1163 456 1195 armos,
497 1157 532 1184 ut
558 1151 662 1194 hirci,
697 1157 728 1185 et
763 1157 874 1185 menta
908 1152 1074 1196 promissis
1088 1148 1111 1168 ⁵⁰
1139 1151 1264 1185 hirsuta
1277 1151 1302 1170 ⁰⁰
1336 1154 1464 1193 barbis,
1499 1152 1556 1196 qui
1590 1162 1656 1184 non
1690 1151 1768 1183 alibi
1798 1155 1890 1190 sunt,
1925 1161 2026 1193 quam

74 1203 162 1237 circa
189 1202 382 1236 Phasidem.

239 1254 300 1288 21.

74 1305 288 1339 sconduntur.

239 1357 298 1388 22.
350 1356 496 1388 Damula
530 1360 664 1396 vocata,
699 1354 793 1398 quod
830 1354 872 1386 dc
907 1365 1004 1387 manu
1041 1355 1199 1400 effugiat:
1242 1355 1394 1388 timidum
1431 1355 1551 1387 animal
1587 1360 1618 1387 et
1652 1350 1841 1387 imbellem:

76 1407 236 1440 Martialis
248 1404 288 1440 ⁰⁵:

352 1251 524 1287 Hinnuliffl
560 1254 619 1286 filii
652 1258 725 1286 sunt
766 1265 959 1294 cervorum,
1003 1254 1044 1286 ab
1080 1254 1216 1287 innuere
1229 1250 1253 1271 ⁸²
1294 1255 1391 1295 dicti,
1435 1256 1513 1298 quia
1546 1254 1588 1287 ad
1626 1249 1778 1286 nutum‘ss
1813 1252 1922 1284 matris
1962 1252 2024 1284 ab-

1875 1353 1919 1387 de
1954 1365 2022 1397 quo

304 1458 418 1491 Dente
446 1455 615 1490 timetur-‘⁵⁸
642 1468 747 1502 aper,
776 1457 970 1500 defendant
997 1469 1129 1491 cornua
1152 1469 1301 1491 cervum.

406 1509 572 1542 Imbcllcs
599 1509 731 1542 damac
757 1509 843 1553 quid
869 1509 935 1541 nisi
956 1510 1103 1553 praeda
1128 1507 1276 1542 sumus?

241 1559 300 1595 23.

353 1560 470 1604 Lepus
494 1557 621 1604 quasi⁰⁷
648 1560 791 1604 levipes,
819 1560 897 1603 quia
924 1561 1084 1594 velociter
1111 1561 1220 1594 currit.

76 1610 178 1645 Unde
205 1617 238 1645 et
266 1612 400 1644 Graece
426 1623 490 1656 pro
519 1623 615 1645 cursu
641 1609 753 1656 λα’γως
781 1611 914 1645 dicitur:
941 1613 1039 1645 velox
1068 1618 1114 1645 est
1138 1612 1225 1645 enim
1252 1610 1373 1644 animal
1401 1614 1434 1641 et
1460 1609 1534 1642 satis
1562 1608 1724 1641 timidum.

237 1662 296 1695 24.
351 1663 505 1697 Cuniculi
540 1675 645 1708 genus
679 1664 858 1708 agrestium
889 1664 1080 1697 animalium
1108 1664 1188 1699 dicti
1215 1663 1308 1707 quasi
1336 1660 1495 1701 caniculi,
1531 1671 1571 1693 eo
1599 1659 1691 1703 quod
1720 1669 1838 1693 canum
1866 1657 2024 1704 indagine

76 1713 267 1758 capiantur,
295 1716 349 1747 vel
378 1715 595 1749 excludantur
622 1711 677 1747 :1⁶³
703 1715 877 1759 speluncis

240 1764 300 1801 25.
355 1767 418 1800 Sus
445 1767 550 1808 dicta,
578 1766 670 1811 quod
697 1778 823 1811 pascua
850 1767 1003 1815 subigat,
1038 1767 1072 1800 id
1102 1771 1149 1799 est
1175 1771 1262 1799 terra
1290 1764 1428 1798 subacta
1462 1773 1552 1796 escas
1579 1758 1765 1805 inquiratffl’.

76 1872 157 1910 vulg.
182 1888 226 1895 —
254 1875 299 1909 40)
324 1875 371 1903 Sic
389 1875 445 1903 Gu.
463 1879 489 1907 1.
513 1892 554 1898 -·-
577 1887 688 1915 caprae
709 1887 775 1915 agr.
799 1876 880 1914 vulg.
911 1892 952 1898 —
979 1875 1025 1914 41)

77 1915 126 1943 Sic
149 1916 204 1944 Gu.
222 1918 290 1947 1.2.
307 1919 335 1948 3.
350 1918 378 1947 4.
408 1928 454 1946 va.
480 1918 529 1946 Ar.
562 1935 604 1941 ·—
645 1919 729 1956 Vulg.
765 1915 836 1949 ἆπὸ
865 1920 933 1948 τοῦ
958 1916 1026 1955 ὀξύ

76 1957 291 1997 δέρκεσθαι.
308 1975 350 1981 -—-
371 1959 426 1988 Vv.
444 1957 515 1991 α’πό
539 1963 604 1991 τοῦ
622 1973 679 1991 om.
704 1962 761 1991 Gn.
783 1964 810 1992 1.
829 1964 858 1992 2.
877 1963 906 1993 3-
928 1977 970 1983 -·
992 1961 1029 1990 ld

76 2006 118 2029 est
141 1998 313 2040 ὀξυδερκ.
338 2002 393 2031 Gn.
408 2003 436 2034 4.
465 2019 506 2025 —-
532 2004 577 2041 42)
599 2003 709 2033 dorcas
733 2005 790 2033 Gu.
811 2007 837 2035 1.
865 2020 908 2026 —
930 2003 966 2032 z'd
984 2010 1026 2032 est

76 2049 152 2071 recte
179 2043 290 2072 dorcas
321 2045 376 2074 Cu.
401 2047 429 2075 2.
451 2063 490 2068 --
518 2045 553 2073 id
571 2053 613 2074 esc
635 2047 745 2076 dorca-5
766 2057 813 2086 pr.
837 2057 884 2076 va.
906 2062 948 2068 --
977 2048 1025 2084 43)

78 2086 158 2115 Idem
183 2087 240 2115 Gu-
266 2089 291 2117 1.
313 2090 343 2119 2.
368 2087 404 2115 al.
427 2104 469 2109 —
489 2086 538 2128 44)
561 2088 640 2117 idem
661 2091 716 2118 Gu.
740 2094 768 2122 2.
793 2106 831 2111 -
856 2089 892 2117 id
912 2094 954 2117 est
969 2090 1025 2118 Gu.

78 2132 104 2161 1.
128 2144 166 2150 —-
194 2130 239 2164 45)
265 2128 309 2156 ad
330 2140 386 2157 oni.
411 2130 468 2159 Gu.
483 2133 512 2161 2.
537 2131 573 2159 al.
598 2147 638 2155 --
661 2132 706 2170 46)
724 2133 779 2161 Sic
799 2133 856 2162 Gu.
873 2135 901 2164 1.
916 2135 948 2164 2.
972 2133 1024 2161 Ar.

75 2187 117 2194 —
138 2171 320 2199 sublimibus
341 2172 422 2209 vulg.
446 2189 485 2194 ——
513 2173 561 2211 47)
585 2174 758 2203 inhabitant
778 2176 839 2206 VGu.
857 2178 887 2207 2.
909 2191 951 2197 -
978 2176 1023 2209 48)

75 2214 125 2242 Sic
150 2214 207 2244 Gu.
234 2217 259 2245 1.
294 2230 335 2236 --
363 2221 455 2243 vocat
485 2216 565 2253 vulg.
594 2232 637 2238 -·
662 2216 708 2255 49)
734 2220 788 2256 qui
813 2228 861 2247 va.
896 2234 939 2239 —
977 2217 1023 2255 50)

74 2257 191 2293 fluenta
213 2256 249 2285 al.
273 2267 319 2285 va.
344 2273 381 2279 —-
406 2257 452 2296 51)
476 2263 502 2285 et
524 2268 581 2297 pro
605 2264 638 2286 at
660 2260 763 2298 scripsi
786 2271 855 2290 cum
880 2260 966 2289 Arev.
985 2276 1022 2282 —-

77 2305 110 2328 ut
131 2301 303 2338 suscipiant
325 2300 411 2327 aL—
425 2302 469 2337 52)
495 2301 543 2329 Sic
558 2301 613 2330 Gu.
631 2304 706 2332 1.-
723 2304 923 2340 persenserint
945 2303 1025 2340 vulg.

79 2359 116 2363 —-
134 2353 288 2380 praesens,
308 2352 355 2371 va.
370 2359 413 2364 —
434 2344 482 2380 53)
504 2343 553 2372 Sic
576 2344 632 2372 Gu.
652 2347 677 2375 1.
703 2361 736 2366 -—
764 2356 793 2373 ae
812 2346 928 2376 cornib.
944 2346 1026 2383 vulg.

1070 1877 1117 1914 54)
1140 1878 1174 1904 in
1195 1886 1253 1905 om.
1277 1875 1376 1905 Gu.1.
1399 1874 1435 1902 al.
1467 1882 1512 1900 va.
1545 1887 1585 1893 —
1612 1872 1661 1907 55)
1685 1872 1889 1909 perspexerint
1918 1870 1955 1898 al.
1982 1885 2023 1891 -—

1241 1922 1254 1937 ’ἕ
1284 1925 1316 1937 um

1069 1943 1117 1983 56)
1147 1925 1330 1973 Dictcini'am
1364 1940 1444 1980 (sic)
1476 1940 1531 1969 Gu.
1551 1941 1580 1970 2.
1617 1948 1662 1966 va.
1693 1939 1755 1967 sine
1784 1947 1848 1968 var.
1875 1937 1944 1966 lect.
1981 1952 2023 1958 -

1070 1989 1170 2026 ipsam
1192 1997 1248 2026 pro
1278 1987 1340 2025 ipsi
1362 1985 1418 2014 Gn.
1438 1987 1465 2015 1.
1488 1999 1530 2004 —
1558 1978 1606 2020 57)
1634 1982 1716 2009 Nam
1747 1987 1774 2009 et
1792 1992 1823 2020 p.
1845 1991 1890 2019 pr.
1918 1995 1960 2002 —
1992 1990 2022 2007 eo

1070 2030 1125 2058 Gu.
1144 2033 1168 2060 1.
1187 2034 1215 2062 2.
1239 2029 1277 2058 al.
1299 2039 1347 2057 va.
1373 2043 1414 2049 —-
1438 2036 1472 2054 ea
1495 2024 1576 2062 vu‘lg.
1604 2042 1642 2046 —
1679 2023 1725 2063 58)
1750 2025 1839 2052 rectis
1862 2023 1918 2057 Gu.
1934 2025 1961 2053 1.
1984 2021 2021 2050 al.

1068 2089 1110 2094 —
1133 2072 1181 2110 59)
1201 2073 1353 2110 portentis
1377 2070 1413 2099 al.
1437 2084 1476 2089 —
1495 2068 1650 2106 portensi-5
1674 2066 1719 2097 ed.
1745 2067 1871 2095 Vulcan.
1893 2081 1929 2086 —
1949 2074 2020 2103 pro-

1068 2116 1162 2143 tensis
1184 2125 1230 2153 pr.
1253 2125 1298 2143 va.
1326 2131 1359 2134 —
1387 2110 1434 2152 60)
1457 2111 1542 2138 hirta
1562 2109 1614 2142 Ar,
1639 2125 1681 2131 —
1711 2108 1756 2148 61)
1781 2108 1887 2138 Innuli
1908 2108 1957 2135 Ar.
1982 2122 2019 2128 --—

1067 2159 1114 2193 62)
1138 2158 1176 2186 al)
1199 2159 1322 2185 innuere
1345 2178 1352 2185 .
1406 2177 1412 2183 .
1440 2151 1581 2182 ‹cb-sconti.
1606 2162 1662 2181 om.
1687 2151 1744 2180 Gu.
1758 2155 1787 2185 2.
1809 2167 1850 2176 »-
1873 2150 1911 2178 ab
1934 2158 2021 2178 nuere

1067 2211 1112 2239 pr.
1137 2211 1182 2228 va.
1205 2217 1247 2222 —
1270 2197 1319 2239 63)
1344 2196 1426 2236 quod
1446 2202 1555 2225 nulum
1578 2194 1635 2224 Gu.
1650 2196 1674 2225 1.
1696 2211 1737 2216 —
1759 2195 1808 2231 64)
1831 2193 1879 2222 Sic
1901 2192 1950 2220 Ar.
1973 2199 2018 2217 Va-

1068 2259 1109 2264 —
1132 2242 1278 2271 imbecille
1300 2242 1381 2279 vulg.
1408 2257 1444 2262 —
1469 2239 1514 2278 65)
1538 2237 1640 2277 Epigr.
1654 2237 1735 2274 XIII,
1751 2236 1801 2268 94.
1825 2252 1866 2258 —
1890 2232 1934 2270 66)
1953 2237 2018 2258 tue-

1069 2290 1121 2313 tur
1142 2286 1189 2316 ed.
1213 2285 1303 2315 Goth.
1327 2300 1368 2306 —
1391 2281 1438 2322 67)
1463 2283 1554 2325 quasi
1569 2291 1624 2309 om.
1639 2279 1697 2309 Gu.
1714 2282 1741 2311 1.
1755 2281 1783 2312 2.
1804 2287 1850 2316 pr.
1868 2293 1902 2297 -
1927 2271 1972 2311 68)
1999 2283 2017 2300 Β

1069 2338 1125 2367 pro
1144 2328 1182 2357 ab
1207 2329 1264 2359 Gn.
1282 2331 1308 2360 1.
1329 2343 1369 2349 —
1393 2326 1443 2362 69)
1471 2329 1599 2364 quaerat
1622 2323 1678 2351 Gu.
1695 2325 1722 2354 2.
