2255 2819
225 85 300 119 340

922 89 1098 124 lSIDORI
1123 90 1303 126 HISPAL.
1330 92 1476 127 EPISC.

1176 184 1217 218 R

388 245 474 279 2⁰1.
526 245 693 286 Prudens,
723 247 814 289 quasi
842 260 944 292 porro
968 251 1091 284 videns.
1141 254 1321 298 Perspicax
1343 259 1390 287 est
1412 252 1539 296 enim¹,
1565 261 1598 289 et
1619 254 1841 290 incertorum²
1860 257 2036 302 praevidet
2061 269 2163 294 casus.

324 298 455 331 Patiens
487 294 555 329 est³
582 296 687 329 dictus
713 310 732 331 a
756 298 952 343 pavendo⁴t
979 314 1103 346 pavere
1131 306 1217 337 enim
1244 306 1343 338 ferire
1370 312 1434 338 est:
1460 308 1644 351 percutitur
1671 309 1756 341 enim
1785 314 1817 341 et
1842 310 1972 342 tolerat.

388 347 472 381 202.
526 348 715 390 Perfectus,
752 351 805 384 cui
831 352 915 385 nihil
942 351 1029 387 ian1⁵
1057 356 1155 389 adiici
1183 362 1300 400 potest.

1356 358 1446 391 Huic
1472 359 1596 391 nomini
1632 360 1723 404 apud
1751 360 1995 396 Grammaticos
2022 371 2163 407 compa-

222 398 305 433 ratio
333 411 398 432 non
427 398 598 440 adiicitur,
626 401 703 443 quia
735 403 760 435 si
788 402 924 437 dixeris:
951 406 1009 438 ille
1035 408 1219 451 perfectior
1246 414 1308 447 est,
1335 409 1396 442 iste
1422 410 1588 453 perfectus
1610 423 1676 444 non
1704 412 1773 444 erit.

386 450 471 482 203.
522 451 670 485 Pulcher
697 451 762 486 ab⁶
790 456 902 499 specie
929 459 1010 490 cutis
1038 456 1197 501 dicitur¹,
1224 460 1316 503 quod
1341 466 1388 493 est
1411 462 1530 493 rubens
1557 461 1691 507 pellisfl:
1721 469 1837 507 postea
1863 463 1987 496 transiit
2006 462 2074 499 hoc
2101 475 2163 498 no-

221 512 296 533 men
323 501 355 533 in
381 513 498 547 genus.

451 552 502 586 Os
513 549 536 569 ¹⁰
563 554 793 602 humerosque
818 559 897 592 Deo
923 561 1055 596 similis.

218 606 275 634 aut
301 603 335 635 in
356 604 505 648 capilliS‚
533 610 585 638 ut:

444 655 610 701 Namque
635 658 710 703 ipse
736 659 904 695 decoram

448 707 662 742 Caesariem.

217 761 273 789 aut
298 757 331 789 in
358 759 480 799 oculis,
508 765 558 793 ut:

443 810 574 844 Laetos
600 813 708 846 oculis
733 812 885 860 afflarat
911 815 1067 850 honores.

214 863 272 891 aut
297 859 330 891 in
357 860 524 904 candore,
549 868 599 896 ut:

446 912 563 959 Quale
588 926 713 948 manns
739 916 877 949 addunt
904 917 999 952 chori
1025 919 1142 953 decus.

552 503 638 535 Nam
666 505 886 548 pulchritudo
914 508 1056 542 hominis
1084 517 1139 544 aut
1166 512 1198 544 in
1224 512 1317 545 vultu
1345 517 1408 555 est,
1444 509 1518 546 ut⁹:

213 963 269 992 aut
294 960 327 992 in
353 961 574 1008 lineamentis,
612 964 700 999 ut¹¹:
747 967 794 1001 Tc
831 970 938 1002 multo
968 971 1054 1015 plus
1107 982 1218 1016 tgura
1254 975 1284 1004 el
1318 972 1530 1006 lincamenta
1565 973 1709 1019 hospitis
1750 972 1984 1007 delectabant.
2037 977 2094 1005 aut
2126 973 2159 1006 in

212 1013 430 1055 proceritate,
453 1021 488 1048 ut
514 1018 664 1050 Turnus:

444 1066 598 1101 Vertitur
624 1070 658 1102 ἰη
684 1070 828 1113 mediis,
856 1074 889 1102 et
916 1075 985 1104 loto
1000 1068 1024 1089 ¹²
1050 1073 1180 1106 vertice
1205 1084 1316 1119 supra
1344 1078 1404 1107 est.

374 1114 458 1149 204.
512 1117 664 1153 Pellax¹³
691 1132 710 1152 a
736 1122 938 1165 pelliciendo
954 1119 986 1154 ¹⁴.

312 1165 512 1211 Perspicax,
541 1171 755 1215 splendidus,
782 1184 822 1205 eo
850 1173 943 1216 quod
968 1174 1153 1218 perluceat.

310 1217 496 1261 Perpetuus
511 1218 533 1237 ¹⁵
560 1223 589 1255 *.

311 1268 468 1303 Perennis
496 1272 538 1304 ab
567 1284 625 1313 eo,
653 1273 746 1316 quod
760 1269 783 1289 ¹⁶
811 1279 994 1318 perpetuus
1021 1277 1122 1308 annis.

372 1320 456 1354 205.

511 1324 649 1357 Praesul
677 1330 829 1366 vocatus,
853 1323 979 1369 quod¹⁷
1002 1332 1134 1371 praeest
1161 1326 1380 1359 solicitudine.

309 1370 523 1416 praepositus
552 1376 739 1419 appellatus
766 1378 808 1409 ab
821 1374 844 1394 ¹⁸
871 1389 922 1418 eo,
950 1379 1043 1421 quod
1077 1379 1115 1411 sit
1142 1379 1365 1411 subiectorum
1399 1389 1438 1412 ac
1470 1377 1701 1411 famulantium
1729 1378 1918 1420 ordinator,
1955 1379 2008 1412 vel
2035 1385 2155 1413 rector.

312 1422 448 1457 Patroni
476 1437 495 1457 a
522 1428 670 1470 patribus
706 1426 840 1470 dictim,
874 1429 967 1473 quod
996 1430 1187 1463 huiusmodi
1215 1430 1373 1464 affectum
1402 1430 1575 1464 clientibus
1608 1430 1801 1473 exhibeant,
1829 1427 1900 1463 ut²⁰
1925 1431 2017 1474 quasi
2044 1437 2156 1476 patres

208 1470 283 1503 illos
310 1480 438 1518 regant.

373 1525 456 1561 206.
510 1528 736 1573 Paedagogus
747 1527 790 1571 ²¹,
817 1531 869 1564 cui
897 1532 1027 1575 parvuli
1052 1533 1259 1577 assignantur
1271 1529 1306 1565 ²².

1361 1532 1529 1565 Graecum
1558 1543 1680 1565 nomen
1707 1538 1770 1574 est,
1799 1538 1832 1567 et
1858 1537 1906 1567 est
1931 1534 2153 1578 compositum

207 1573 250 1606 ab
278 1585 337 1616 eo,
365 1578 458 1620 quod
485 1590 609 1623 pueros
632 1586 720 1625 agat,
749 1581 783 1613 id
812 1588 860 1615 est
888 1581 1060 1625 doceat²³,
1096 1590 1128 1616 et
1159 1584 1382 1617 lascivientem
1394 1580 1418 1600 ²*
1445 1583 1590 1616 refrenet
1616 1589 1768 1619 aetatem.

370 1628 455 1665 2οἴ.
509 1631 667 1665 Praesens
693 1633 818 1675 dictus,
860 1635 952 1678 quod
980 1636 1019 1669 sit
1045 1648 1127 1680 prae
1153 1636 1319 1678 sensibus,
1354 1635 1389 1667 id
1417 1639 1482 1676 est,
1517 1645 1631 1668 coram
1659 1635 1782 1677 oculis,
1822 1636 1879 1678 qui
1901 1646 2014 1667 sensus
2040 1631 2152 1668 sunt²⁵

207 1677 366 1721 corporis.

309 1729 423 1773 Prior,
448 1733 541 1776 quod
570 1733 695 1777 primus
722 1735 761 1767 sit
773 1732 798 1752 ²⁶
826 1737 944 1770 ordine
956 1734 996 1771 ²⁷:
1024 1743 1056 1771 et
1083 1738 1209 1783 primus
1236 1738 1330 1782 quasi
1356 1737 1574 1782 praeminens.

309 1780 439 1817 Primus
459 1786 489 1817 *.
542 1783 760 1819 Ροεῑῑθιῐιιιδ28
781 1787 810 1821 *.

292 1885 320 1927 1)
343 1889 390 1917 Sic
407 1891 462 1919 Gu.
481 1895 508 1923 1.
525 1895 554 1924 2.
578 1904 622 1933 pr.
645 1904 694 1924 va.
721 1914 758 1918 —
783 1898 861 1924 enim
884 1902 925 1924 est
949 1898 1027 1936 vulg.
1052 1914 1095 1920 —
1123 1897 1156 1938 2)

208 1929 334 1957 incertos
358 1933 393 1960 al.
417 1950 455 1955 -—
479 1936 510 1972 3)
534 1942 576 1963 est
599 1937 702 1965 addidi
725 1948 740 1967 e
764 1939 821 1968 Gu,
840 1942 865 1970 1.
887 1955 928 1962 —
957 1941 985 1974 4)
1003 1940 1156 1979 paviendo

211 1991 218 1998 .
239 1991 246 1998 .
270 1991 277 1998 .
296 1975 402 2008 pavire
424 1975 475 2005 Ar.
504 1994 546 1998 —
582 1982 609 2012 5)
634 1981 696 2007 iam
718 1981 798 2009 nihil
819 1982 867 2012 Ar.
900 2000 941 2003 —
977 1986 1006 2018 6)
1032 1984 1071 2011 ab
1100 1994 1156 2022 pro

209 2022 228 2039 a
251 2012 307 2041 Gu.
326 2018 352 2043 1.
372 2020 400 2048 2.
422 2028 469 2046 va.
499 2035 540 2040 —
570 2023 597 2055 7)
622 2023 670 2050 Sic
695 2023 750 2051 Gu.
770 2027 795 2055 1.
819 2041 856 2045 -—-
890 2024 991 2052 dictu-s>
1013 2027 1095 2064 vulg.
1115 2042 1157 2048 —·

207 2070 248 2076 -—
271 2053 301 2093 8)
326 2054 361 2082 id
385 2065 424 2083 est
440 2061 530 2094 pellis
546 2063 600 2092 Gu.
621 2067 646 2095 1.
666 2081 707 2086 —
729 2069 756 2099 9)
781 2073 824 2093 ca!
848 2067 915 2095 add.
934 2069 989 2096 Gu.
1005 2071 1032 2098 2.
1055 2085 1091 2090 —
1111 2067 1155 2108 10)

208 2096 290 2134 Virg.
310 2097 382 2126 Aen.
401 2099 430 2134 I,
456 2101 645 2136 589-592.
669 2123 709 2128 ——
734 2108 779 2147 ll)
804 2109 863 2139 Cic.
889 2110 916 2137 in
942 2111 1025 2139 Verr.
1047 2111 1083 2147 Il,
1104 2113 1154 2142 36.

208 2144 302 2175 exin,
331 2141 382 2168 ubi
405 2146 464 2169 est:
503 2153 570 2170 cum
590 2149 684 2175 mallo
707 2154 807 2187 magi-s*
820 2153 931 2189 figura
954 2158 1007 2181 etc.
1034 2169 1073 2173 —-
1110 2154 1152 2192 12)

209 2186 274 2209 tota
297 2182 352 2211 Gu.
373 2186 399 2214 1.
422 2200 460 2205 —
485 2184 564 2223 Virg.
584 2186 656 2217 Aen.
671 2191 728 2225 XI,
752 2195 822 2224 683,
846 2210 887 2215 --
911 2197 960 2231 13)
983 2195 1032 2223 Sic
1050 2196 1104 2224 Gu.
1126 2199 1151 2227 1.

210 2223 259 2252 Ar.
282 2240 321 2246 --
345 2226 447 2253 Pellex
469 2228 549 2265 vulg.
574 2245 609 2249 —
642 2232 685 2265 14)
703 2234 871 2268 pelluendo
904 2238 959 2264 Gu.
976 2240 1002 2268 1.
1026 2254 1065 2259 —
1088 2250 1155 2276 per-

210 2265 338 2294 liciendo
360 2268 416 2296 Gu.
431 2271 460 2299 2.
483 2286 524 2291 —-
547 2269 592 2310 15)
616 2271 702 2309 Vulg.
729 2274 795 2302 add.
817 2281 969 2314 perennia,
993 2281 1073 2316 quod
1098 2292 1155 2309 om.

212 2308 265 2335 Gu.
279 2311 307 2339 1.
329 2309 395 2346 Ar„
425 2311 476 2349 qui
504 2312 627 2342 lacunae
656 2315 771 2352 signum
792 2321 938 2355 apposuit..
972 2336 1013 2341 -—
1045 2322 1090 2362 16)
1113 2326 1154 2351 sit

211 2349 278 2379 add.
301 2351 399 2390 vulg.‚
433 2354 486 2382 sed
514 2365 572 2385 om.
606 2356 661 2385 Gu.
682 2361 705 2388 1.
740 2374 781 2380 -—
810 2362 854 2395 17)
881 2361 966 2399 qnod
993 2373 1048 2401 pro
1077 2367 1152 2403 quia

1200 1900 1257 1928 Gu.
1275 1902 1302 1930 1.
1329 1914 1371 1920 ——·
1401 1900 1447 1935 18)
1470 1897 1508 1925 ab
1530 1897 1631 1925 addidi
1654 1907 1669 1925 e
1692 1897 1748 1925 Gu.
1766 1900 1793 1929 1.
1826 1913 1867 1918 —
1897 1895 1943 1937 19)
1973 1897 2057 1936 Vulg.
2079 1899 2148 1928 add.

1200 1948 1289 1978 slmt,
1313 1941 1393 1979 quod
1416 1951 1472 1969 om.
1496 1940 1550 1970 Gu.
1570 1943 1595 1970 1.
1619 1957 1657 1961 -—
1689 1938 1739 1979 20)
1763 1946 1819 1967 ant
1843 1940 1898 1970 Gu.
1919 1943 1945 1972 1.
1968 1957 2010 1963 —
2036 1940 2082 1980 21)
2105 1947 2148 1969 est

1200 1984 1269 2014 add.
1292 1984 1387 2015 Gu.2.
1411 1984 1460 2011 Ar.
1475 1999 1513 2003 —
1531 1983 1578 2019 29)
1603 1983 1657 2020 qui
1673 1983 1821 2020 parvulis
1842 1984 2022 2021 assignatur
2043 1983 2148 2014 Ar.—

1200 2028 1248 2065 23)
1272 2026 1372 2054 ductet
1392 2026 1440 2055 Ar.
1455 2041 1497 2047 —
1519 2024 1565 2065 24)
1589 2026 1694 2052 lasciv.
1717 2031 1743 2052 ct
1759 2026 1816 2054 Gu.
1833 2028 1858 2056 1.
1881 2042 1922 2047 —
1944 2026 2077 2062 refrenat
2098 2037 2146 2056 va.

1200 2085 1241 2091 —
1270 2072 1315 2106 25)
1338 2073 1410 2095 sunt
1436 2078 1541 2095 sen-rus
1565 2068 1620 2097 Gu.
1642 2071 1670 2098 2.
1699 2083 1739 2090 —·
1771 2078 1877 2096 sensus
1899 2073 1941 2095 est
1964 2078 2011 2096 va.
2033 2084 2076 2091 —
2100 2072 2147 2104 26)

1197 2114 1238 2140 Sit
1255 2113 1378 2150 primus
1400 2120 1446 2139 va.
1469 2126 1511 2132 ——
1533 2112 1580 2147 57)
1606 2110 1693 2147 Vulg.
1717 2111 1749 2138 in
1773 2109 1856 2146 ord.,
1878 2109 1931 2138 sed
1953 2112 1986 2138 in
2008 2121 2065 2140 om.
2088 2112 2145 2141 Gu.

1200 2158 1226 2186 1.
1250 2155 1302 2183 Ar.
1343 2170 1378 2174 —
1425 2151 1473 2193 ⁶23)
1505 2154 1552 2180 Sic
1577 2163 1644 2181 cum
1674 2153 1800 2182 lacunae
1833 2152 1922 2190 signis
1953 2153 2002 2182 Ar.
2033 2154 2088 2182 Gu.
2117 2157 2143 2185 1.

1196 2198 1323 2225 Primus
1338 2195 1568 2234 posterioribus.
1591 2213 1629 2217 -—
1654 2196 1710 2226 Gu.
1728 2199 1757 2228 2.
1776 2196 1896 2234 primus
1912 2202 2140 2233 postremus,—

1201 2239 1285 2276 Vulg.
1310 2240 1451 2274 Primus,
1475 2240 1641 2277 posterior,
1670 2244 1850 2277 postrema-9.
1890 2238 1956 2265 Om.
1977 2241 2074 2266 totum
2095 2248 2142 2267 va.

1197 2297 1240 2304 —
1261 2279 1307 2319 29)
1331 2292 1463 2319 quaeque
1485 2282 1542 2309 Gu.
1560 2284 1585 2311 1.
1603 2291 1649 2320 pr.
1667 2292 1712 2310 va.
1735 2297 1777 2303 —
1805 2277 1962 2318 quicquid,
1982 2279 2065 2318 quod
2085 2280 2142 2311 Gu.

1197 2326 1225 2353 2.
1250 2340 1286 2345 -—·
1310 2325 1356 2360 30)
1380 2323 1463 2360 Vulg.
1488 2329 1513 2351 et
1541 2334 1643 2359 nemo,
1679 2323 1730 2352 sed
1754 2329 1780 2349 et
1803 2331 1858 2349 om·
1882 2321 1937 2349 GU·
1962 2323 1990 2352 1.
2023 2339 2059 2343 -
2092 2322 2140 2361 31)

1196 2364 1271 2395 Vide
1292 2364 1417 2394 eundem
1440 2365 1531 2393 Tullii
1553 2364 1651 2393 locum
1675 2375 1723 2404 ap.
1740 2363 1868 2393 Nonium
1886 2363 1909 2392 Ι.
1932 2373 1978 2393 nr.
1993 2364 2063 2396 204.
2086 2365 2141 2393 In-
