2203 2829
203 103 276 138 146

202 197 235 229 in
261 196 385 229 saniem
409 194 556 227 vertitur.

202 248 295 292 quod
323 246 498 291 putrescit,
532 244 591 278 nisi
618 243 763 277 calidum
790 249 825 277 et
858 245 1035 280 humidum
1064 248 1179 291 fuerit,
1214 249 1306 291 quod
1335 253 1382 282 est
1412 249 1564 293 sanguis,
1606 249 1776 293 putrefieri
1809 261 1875 282 non
1909 256 2029 295 potest.

932 299 1055 332 Fluere
1083 301 1171 333 enim
1198 301 1287 333 sanie
1315 301 1464 333 vivorum
1492 305 1560 341 est,
1587 298 1686 334 tabe¹
1716 306 1934 336 mortuorum.

485 347 629 382 Cicatrix
656 352 704 380 est
730 348 892 382 obductio
920 348 1107 393 vulneris²‚
1148 352 1331 385 naturalem
1363 352 1514 386 colorem
1541 353 1691 397 partibus
1724 365 1873 387 servansz
1911 354 2020 395 dicta,
2061 356 2156 399 quod

203 300 273 333 nies
300 303 412 332 autem
439 302 473 331 et
499 297 593 330 tabes
619 296 680 328 sibi
709 295 877 330 differunt.

369 349 429 382 23.

205 401 356 436 obducat
382 401 519 434 vulnera
546 395 671 443 atque³
699 399 861 434 obcaecat
871 397 892 433 ⁴.

590 508 619 543 C
645 509 677 542 A
704 511 741 544 P.
794 511 852 545 lx.

367 585 399 620 1.
459 584 653 620 Medicinae
699 587 825 620 curatio
869 589 1056 633 spernenda
1100 602 1166 623 non
1209 587 1285 625 est⁵.

902 100 1080 135 lsluom
1105 100 1286 138 HISPAL.
1314 101 1459 136 EPISC.

611 191 699 225 Nam
726 191 830 225 sanies
856 204 922 227 non
946 195 982 227 fit
1009 195 1041 228 iu
1066 206 1268 239 quocunque
1295 196 1389 238 loco,
1416 196 1475 229 nisi
1500 196 1558 230 ubi
1571 198 1706 242 sanguis
1733 197 1915 240 advenerit,
1943 200 2020 243 quia
2046 211 2157 245 omne,

2092 254 2157 286 Sa-

931 511 995 546 De
1033 514 1250 548 remediis
1293 518 1333 548 et
1373 513 1765 548 medicaminibus.

1939 588 1950 608 G

1353 591 1568 624 Meminimus
1601 591 1688 624 enim
1726 597 1758 624 et
1792 591 1926 624 Esaiam
1984 592 2157 628 Ezechiae

202 637 372 683 languenti
412 637 540 681 aliquid
568 638 767 672 medicinale
795 640 993 683 mandasse,
1036 647 1070 675 et
1104 642 1227 675 Paulus
1256 644 1428 687 apostolus
1455 642 1640 676 Timotheo
1674 643 1845 677 modicum
1875 644 1985 677 vinum
2011 646 2156 689 prodes-

201 702 235 722 se
263 690 354 723 dixit.

369 739 401 773 2.
455 740 591 774 Curatio
619 746 731 774 autem
759 743 954 776 morborum
981 744 1085 777 tribus
1113 742 1314 789 generibus⁷
1351 750 1495 779 constat:
1530 745 1747 785 Pliarmacia,
1782 757 1882 789 quam
1910 746 2019 780 Latini
2047 748 2155 781 medi-

201 789 354 826 caminafl
380 798 517 825 vocant:
545 793 743 838 Chirurgia‚
770 797 871 838 quam
898 795 1007 828 Latini
1028 808 1184 830 manuum
1213 798 1442 841 operationem
1461 798 1651 842 appellant,
1679 809 1793 829 manus
1822 798 1908 830 enim
1935 799 2028 842 apud
2044 799 2155 833 Grae-

201 855 260 877 cos
286 842 421 891 χεῖρεςυ
444 850 622 878 vocantur:
651 845 762 878 diaeta
773 844 806 887 ¹⁰,
834 858 935 890 quam
956 848 1065 881 Latini
1093 849 1247 894 regulam
1275 847 1517 894 nuncupant¹¹2
1545 855 1593 882 est
1617 849 1703 882 enim
1724 849 1911 882 observatio
1931 850 2016 896 legis
2031 847 2054 867 ¹²
2081 848 2156 886 ac¹³

200 895 288 928 vitae
303 891 334 927 ¹⁴.

368 945 402 978 3.
457 943 695 981 Pharmacia¹⁵
726 953 774 980 est
801 949 1122 984 medicamentorum
1158 951 1296 986 curatio,

1352 947 1570 996 Cluirurgia‘s'
1605 956 1652 984 est
1668 948 1689 968 ¹⁷
1722 951 2000 985 ferramentorum
2023 953 2155 993 incisio;

202 1009 276 1030 nam
306 997 396 1030 ferro
424 997 612 1031 inciduntur
627 995 649 1015 ¹⁸
676 1010 762 1042 quae
789 1001 1111 1035 medicamentorum
1139 1015 1204 1036 non
1232 1004 1390 1037 senserint
1416 1005 1626 1037 medicinam.

365 1048 400 1083 4.
453 1049 629 1093 Antiquior
644 1047 667 1066 ¹⁹
693 1056 805 1084 autem
838 1052 1002 1087 medicina
1029 1053 1142 1087 herbis
1176 1060 1303 1088 tantum
1338 1052 1406 1089 et²⁰
1436 1056 1542 1090 succis
1578 1060 1657 1088 erat.

1710 1053 1804 1087 Talis
1837 1054 1923 1087 enim
1939 1051 1961 1071 ²¹
1998 1055 2154 1089 medendi

208 1111 282 1133 usus
305 1100 436 1144 coepit,
465 1100 587 1134 deinde
617 1101 707 1134 ferro
737 1108 768 1135 et
796 1105 933 1137 caeteris
962 1105 1220 1139 medicamentis.

367 1151 382 1167 ‚-

366 1162 400 1184 ο.
455 1151 572 1185 Omnis
598 1157 709 1185 autem
743 1155 869 1187 curatio
897 1162 952 1188 aut
980 1168 1019 1189 ex
1047 1158 1216 1190 contrariis
1244 1163 1300 1190 aut
1327 1169 1366 1190 ex
1394 1158 1551 1190 similibus
1579 1156 1768 1189 adhibetur.

1822 1156 1874 1189 Ex
1902 1157 2073 1190 contrariis
2082 1181 2092 1198 ‚
2119 1164 2155 1191 ut

202 1201 363 1246 frigidum
391 1203 521 1245 calido,
551 1210 583 1237 et
610 1204 752 1237 humido
780 1205 952 1246 siccu1n²²;
987 1209 1070 1241 sicut
1098 1214 1129 1241 et
1158 1210 1189 1241 in
1218 1209 1356 1242 homine
1383 1211 1540 1253 superbia
1567 1208 1672 1241 sanari
1703 1220 1769 1240 non
1795 1213 1923 1252 potest,
1959 1209 2016 1241 nisi
2041 1209 2153 1242 humi-

200 1253 290 1285 litate
318 1258 459 1286 sanetur.

365 1304 399 1336 6.
454 1306 505 1337 Ex
532 1305 690 1339 similibus
718 1318 816 1348 vere,
844 1309 925 1343 sicut
953 1310 1172 1354 ligamentum
1188 1311 1241 1343 vel
1254 1307 1278 1327 ²³
1305 1311 1450 1343 rotundo
1473 1312 1602 1343 vulneri
1627 1309 1818 1347 rotundum,
1847 1311 1898 1342 vel
1922 1311 2072 1354 oblongo
2089 1312 2154 1344 ob-

201 1355 341 1399 longum
369 1358 552 1401 opponitur
564 1355 597 1392 Ἡ,

649 1358 809 1403 Ligatura
838 1362 924 1393 enim
953 1362 1024 1406 ipsa
1053 1373 1119 1394 non
1147 1363 1265 1395 eadem
1294 1363 1450 1395 membris
1479 1368 1510 1395 et
1544 1363 1733 1396 vulneribus
1768 1362 1941 1403 omnibus,
1976 1363 2035 1395 sed
2063 1363 2154 1396 simi-

205 1406 242 1438 lis
268 1406 364 1438 simili
393 1414 586 1452 coaptatur,
613 1421 699 1452 quae
728 1410 796 1443 duo
825 1412 922 1445 etiam
950 1413 1021 1457 ipsa
1048 1413 1214 1446 adiutoria
1238 1414 1425 1447 nominibus
1453 1415 1515 1447 suis
1542 1415 1740 1459 significant.

368 1466 403 1499 ἵ.
456 1468 543 1500 Nam
572 1470 759 1503 antidotum
790 1472 939 1513 Graece,
967 1473 1086 1505 Latine
1099 1469 1124 1489 ²³
1151 1484 1190 1505 ex
1218 1474 1383 1506 contrario
1412 1474 1527 1506 datum
1563 1475 1693 1507 dicitur.

922 1525 967 1555 At
1003 1529 1118 1557 contra
1155 1529 1203 1556 est
1230 1536 1268 1556 ex
1296 1523 1501 1565 similibus‘ffi,
1532 1531 1567 1557 ut
1595 1521 1725 1571 πικρά,
1763 1537 1850 1567 quae

973 1575 1024 1608 Ex
1051 1576 1259 1608 convenienti
1285 1576 1373 1609 enim
1400 1587 1523 1608 nomen
1550 1577 1692 1620 accepit,
1715 1576 1794 1618 quia
1816 1577 2002 1609 amaritudo
2031 1577 2152 1610 amari-

200 1515 304 1548 trariis
331 1517 516 1550 medicinae
551 1520 675 1553 ratione
703 1528 866 1555 curantur.

201 1579 332 1607 amara,
359 1569 437 1612 quia
463 1574 578 1613 gustus
606 1572 674 1604 eius
703 1585 832 1606 amarus
860 1580 918 1609 est.

204 1619 353 1652 tudinem
379 1621 486 1653 morbi
497 1618 521 1637 ²⁸
548 1620 709 1656 solvere2⁰
736 1625 832 1659 solet.

1747 1472 1921 1507 Contraria
1957 1473 2043 1506 enim
2070 1485 2153 1508 con—

1859 1522 1883 1541 Ἦ
1919 1525 2154 1569 interpretatur

366 1670 399 1705 S.
453 1672 576 1705 Omnia
601 1680 712 1708 autem
736 1677 980 1710 medicamenta
1009 1689 1049 1710 ex
1076 1678 1223 1723 propriis
1252 1679 1358 1712 causis
1385 1677 1513 1711 habent
1540 1678 1715 1712 vocabula.
1768 1677 1871 1711 Hiera
1906 1673 2029 1711 enim³⁰
2062 1678 2152 1713 dicta

289 1779 317 1814 1)
344 1779 411 1807 tabe
435 1791 500 1808 vero
515 1791 560 1810 va.
593 1800 622 1804 —
650 1783 678 1821 fi’)
702 1786 860 1813 vulnerum
880 1786 974 1816 Gu.2.
995 1803 1036 1808 ·—-
1059 1785 1087 1825 3)
1112 1793 1158 1815 at-

204 1831 260 1858 que
274 1831 330 1859 pro
346 1823 427 1860 vulg.
448 1829 473 1851 et
487 1825 592 1863 scripsi
611 1835 626 1854 e
643 1826 737 1859 Gu.1.
754 1831 782 1859 2.
799 1838 843 1866 pr.
861 1838 904 1856 va.
923 1830 974 1858 Ar.
997 1845 1038 1850 —-
1062 1832 1092 1866 4)
1108 1830 1157 1858 ol)-

203 1869 298 1892 caecet
312 1864 364 1894 Ar.
379 1875 423 1893 va.
455 1885 492 1888 —
522 1867 551 1905 5)
575 1869 624 1896 Sic
640 1869 698 1898 Gu.
718 1872 745 1899 1.
766 1870 815 1899 Ar.
838 1887 879 1892 —
910 1882 970 1899 non.
992 1878 1034 1900 est
1057 1883 1155 1910 ιε’]τιίἠ.

202 1906 284 1943 vulg.
306 1923 348 1928 —
371 1906 399 1945 6)
424 1914 449 1935 et
467 1919 523 1938 om.
540 1910 595 1939 Gu.
613 1914 637 1942 1.
662 1912 719 1941 Sed
740 1912 817 1942 idem
840 1913 961 1943 exhibet
977 1915 1103 1944 Tertull.
1120 1915 1156 1944 de

203 1958 307 1978 coron.
329 1949 390 1980 mii.
415 1960 439 1978 c.
457 1953 506 1986 8.‚
530 1953 607 1981 unde
630 1953 679 1982 hic
703 1955 788 1984 locus
809 1961 946 1995 sumptus
974 1962 1027 1988 est.
1060 1958 1155 1986 Locus

203 1991 306 2020 Esaiae
329 1997 372 2020 est
392 2003 417 2021 C·
440 1996 488 2024 38.
512 2004 539 2022 v.
555 1997 603 2026 21.
627 1997 723 2025 Locus
746 1999 825 2026 Novi
839 2000 964 2028 Testam.
983 2005 1036 2030 est.
1057 2004 1085 2031 1.
1102 2001 1155 2028 'si-

203 2033 295 2063 moth.
311 2044 337 2062 c.
355 2036 383 2065 5.
400 2045 427 2063 ν.
443 2037 496 2067 23.
521 2053 564 2059 —-
586 2036 615 2077 7)
636 2041 797 2076 generibus
814 2052 871 2070 om.
887 2043 924 2070 al.
946 2059 988 2064 ·—
1011 2045 1038 2077 8)
1064 2043 1155 2070 merli-

204 2086 306 2104 camen
325 2077 364 2107 al.
381 2092 415 2098 ·—-
444 2088 521 2116 quae
534 2080 603 2109 Lat.
619 2081 695 2111 med.
714 2083 751 2111 al.
770 2099 809 2105 ——
830 2083 860 2123 9)
885 2085 986 2113 eluro-s·
1003 2086 1060 2114 Gu.
1077 2088 1156 2117 1.-

204 2129 289 2157 qsyros
306 2120 361 2148 Gu.
380 2121 409 2150 2.
424 2130 468 2158 pr.
485 2132 531 2150 va.
558 2123 725 2159 Legendum
744 2129 852 2164 χεῖρες,·
875 2128 1012 2166 sequitui·
1035 2128 1111 2156 enim
1127 2130 1155 2155 in

204 2161 304 2192 Gu.1.
320 2168 475 2191 vocantur.
502 2180 542 2186 ——
575 2168 618 2201 10)
644 2166 767 2195 diaetam
786 2170 841 2197 Gu.
862 2173 888 2200 1.
907 2181 950 2208 pr.
974 2187 1015 2192 —
1040 2172 1083 2207 11)
1107 2171 1155 2198 Sic

205 2204 260 2233 Gu.
278 2206 304 2235 1.
323 2207 353 2236 2.
378 2215 422 2243 pr.
441 2208 530 2235 Arev.
553 2223 594 2228 —
617 2210 773 2247 appellunt
796 2212 875 2249 vulg.
900 2228 940 2234 —·
972 2211 1018 2251 12)
1050 2215 1156 2241 morus

204 2247 243 2275 al.
271 2262 306 2268 —
333 2245 378 2287 13)
402 2259 439 2276 ac
461 2259 515 2286 pro
536 2256 561 2278 et
580 2252 665 2288 posui
686 2262 702 2280 e
722 2253 775 2280 Gu.
798 2256 824 2284 1.
849 2270 889 2275 —-
928 2257 970 2292 ¹4)
998 2256 1082 2292 Vulg.
1106 2266 1154 2284 se—

206 2293 337 2328 quuntur
350 2288 435 2319 llaec:
460 2294 538 2320 Sunt
559 2298 661 2321 aulem
685 2297 766 2322 omni
789 2299 941 2324 cuntlzsonz'
957 2298 1065 2335 specie-⁸
1079 2304 1153 2326 lte-8:

200 2333 336 2369 primum
350 2343 448 2370 genus
464 2333 666 2372 diaeta-licum,
682 2337 846 2366 secundum
859 2340 1154 2377 phwmaccnticum,

206 2376 325 2402 artium
346 2375 563 2414 chirurgicum.
587 2380 703 2407 Diaeta
724 2386 765 2408 est
782 2381 948 2410 observatio
972 2383 1048 2420 legi.»-
1063 2390 1086 2411 f!
1106 2386 1151 2411 υἰ-

1202 1794 1259 1816 tae.
1286 1788 1366 1816 Haec
1390 1797 1447 1816 om.
1473 1788 1529 1816 Gu.
1548 1791 1575 1819 1.
1605 1786 1694 1816 Arev.
1718 1788 1853 1814 omnium
1881 1789 2074 1816 curationum
2095 1799 2151 1827 pro

1201 1832 1285 1858 omni
1298 1832 1460 1859 ctu-azioni.
1485 1847 1523 1852 —
1548 1829 1691 1857 ‹liclicnm
1709 1840 1763 1868 pro
1779 1829 1973 1858 didacticum
1988 1840 2032 1868 pr.
2048 1841 2094 1860 va.
2111 1848 2148 1855 -——

1201 1884 1238 1901 ac
1256 1876 1334 1901 vitae
1348 1884 1393 1913 pr.
1407 1883 1471 1908 va,
1495 1878 1528 1901 ut
1545 1883 1635 1911 supra
1657 1873 1713 1902 Gu.
1737 1875 1763 1903 1.
1785 1889 1828 1894 —
1852 1871 1899 1912 15)
1923 1873 1972 1901 Sic
1987 1875 2042 1902 (ἆυ.
2060 1876 2087 1905 1.
2106 1884 2150 1912 pr.

1200 1927 1245 1945 va.
1262 1917 1310 1945 Ar.
1333 1931 1374 1938 --·
1395 1916 1651 1943 lermacmtica
1663 1916 1744 1952 vulg.
1776 1931 1816 1937 -—
1845 1918 1889 1952 16)
1916 1915 2081 1954 Cirorgica
2095 1917 2149 1945 Gu.

1198 1961 1228 1990 2.
1256 1976 1288 1980 —-
1316 1962 1362 1994 17)
1385 1964 1427 1986 est
1449 1968 1505 1986 om.
1530 1960 1588 1987 Gu.
1610 1961 1633 1988 1.
1656 1974 1698 1979 ——
1728 1958 1775 1996 18)
1799 1958 1848 1986 Sic
1870 1959 1927 1987 Gu.
1947 1962 1970 1989 1.
1989 1974 2031 1981 —-
2051 1958 2148 1989 excid.

1199 2002 1279 2039 vulg.
1303 2016 1341 2022 —
1364 2000 1523 2037 exciditur,
1545 2000 1630 2040 quud
1645 2011 1703 2028 non
1725 2003 1849 2029 ‹xa-nstra
1865 2000 2047 2028 medicinam
2061 2001 2149 2032 al.—

1201 2044 1248 2083 19)
1273 2045 1473 2082 antiquorum
1494 2044 1530 2072 al.
1553 2060 1594 2065 ——
1616 2045 1826 2081 antiquiorum
1847 2045 1885 2072 al.
1909 2059 1951 2066 —
1971 2045 2020 2080 ΞΟ)
2043 2049 2070 2071 et
2092 2055 2149 2083 pro

1200 2087 1281 2125 vulg.
1297 2098 1329 2114 ex
1348 2087 1435 2125 posui
1451 2096 1466 2115 e
1483 2088 1538 2114 Gu.
1555 2089 1581 2117 1.
1598 2097 1643 2125 pr.
1666 2096 1711 2114 va.
1730 2087 1778 2114 Ar.
1793 2101 1835 2108 -—
1857 2084 1902 2124 21)
1924 2087 2004 2113 enim
2025 2097 2083 2115 om.
2098 2088 2149 2116 Ar.

1200 2145 1237 2151 --
1262 2132 1306 2165 52⁶2)
1330 2129 1380 2157 Sic
1398 2130 1455 2158 Gu.
1473 2133 1498 2159 1.
1525 2145 1563 2150 —
1585 2130 1632 2157 rel
1651 2130 1766 2157 siccum
1788 2128 1914 2158 humido
1937 2128 2017 2166 vulg.
2042 2147 2079 2152 --
2102 2130 2150 2158 vel

1198 2172 1282 2200 stum.
1301 2173 1369 2200 siz-c.
1391 2172 1449 2200 Gu.
1465 2174 1493 2202 2.
1512 2182 1557 2210 pr.
1576 2182 1620 2202 va,
1646 2190 1682 2194 —
1707 2170 1752 2209 93)
1778 2172 1824 2199 vel
1843 2182 1900 2200 om.
1916 2170 1972 2199 Gu.
1988 2174 2015 2201 2.
2034 2186 2077 2194 —
2097 2172 2146 2209 24)

1198 2216 1247 2242 Sic
1267 2215 1324 2244 Gu.
1341 2217 1367 2245 1.
1389 2215 1426 2242 al.
1450 2230 1489 2235 —
1513 2216 1679 2252 apponitur
1700 2215 1781 2252 vulg.
1801 2230 1841 2236 —-
1870 2213 1920 2253 25)
1946 2214 2028 2242 Νιηι
2049 2214 2146 2243 amici.

1199 2256 1280 2296 quod
1294 2258 1363 2286 Lac.
1380 2257 1417 2285 al.
1436 2272 1468 2277 ——
1494 2259 1542 2295 2³6)
1566 2258 1614 2285 sic
1629 2258 1685 2285 (ἆυ.
1704 2261 1729 2288 1.
1743 2275 1780 2279 -
1793 2262 1897 2284 contra
1911 2267 1944 2284 ex
1956 2256 2053 2284 simili
2066 2257 2145 2295 vulg.

1196 2316 1238 2321 —
1259 2301 1306 2336 Ξῖ)
1324 2301 1373 2327 Sic
1397 2300 1455 2328 Gu.
1474 2303 1498 2330 1.
1516 2303 1544 2331 2.
1566 2315 1608 2321 ——
1629 2299 1711 2338 quod
1728 2300 1807 2337 vulg.
1830 2315 1870 2321 —
1894 2300 1943 2337 28)
1968 2299 2145 2328 amaritudo

1197 2342 1294 2369 morbi
1312 2342 1518 2370 amaritudine
1541 2343 1595 2370 Gu.
1612 2346 1640 2374 2.
1662 2344 1711 2371 Ar.
1738 2357 1777 2364 —·
1808 2344 1854 2376 29)
1881 2342 1960 2369 solvi
1983 2342 2038 2371 Gu.
2054 2345 2082 2373 2,
2099 2352 2145 2381 pr.

1197 2395 1241 2414 va.
1256 2384 1304 2414 Ar.
1327 2401 1369 2407 —
1391 2386 1438 2423 30)
1461 2391 1563 2413 autem
1586 2386 1642 2414 Gu.
1658 2388 1684 2417 1.
1709 2401 1745 2406 -
1771 2385 1869 2413 Hiera
1891 2383 1975 2413 dicta
1996 2386 2074 2413 enim
2088 2385 2143 2414 Gu.
