2255 2819
238 102 314 137 538

237 197 331 243 galla
343 191 352 211 ¹
382 193 581 238 appellatur.

936 98 1112 133 ISIDORI
1139 98 1319 134 HISPAL.
1346 100 1488 136 EPISC.

636 191 665 223 E
693 190 812 233 quibus
839 201 902 222 una
931 189 1091 236 agrestis²
1127 190 1351 240 o'u‘pant't⁷lc³
1384 194 1489 236 dicta,
1522 205 1625 239 parva
1660 194 1788 236 forma,
1825 195 1884 229 sed
1912 195 2010 229 firmo
2037 206 2181 242 corpore

238 255 337 292 atque
364 246 516 284 nodoso,
543 254 628 286 quae
654 242 929 275 medicaminibus
959 249 990 276 et
1017 245 1169 277 incaustis
1195 245 1392 287 adhibetur,
1427 246 1531 279 altera
1556 243 1712 292 βάλανος
1739 247 1817 281 levis
1846 252 1879 281 et
1913 244 2034 290 lenis⁴‚
2066 259 2106 282 ac
2131 248 2184 280 ni-

238 301 341 334 mium
364 297 542 342 perforata.

598 294 825 326 Lucernarnm
853 299 979 327 tantum
1008 297 1116 328 usibus
1142 297 1335 329 necessaria.

403 356 460 388 39.
514 353 671 386 Fraxinus
710 354 823 386 vocari
851 354 971 396 fertur,
1014 356 1105 399 quod
1134 357 1240 401 magis
1267 358 1351 389 inter
1377 368 1494 400 aspera
1521 357 1595 391 loca
1622 362 1846 402 montanaque
1872 355 1994 404 fraga5
2020 363 2180 392 nascatur.

236 411 326 444 Hinc
351 419 412 452 per
439 406 677 438 derivationem
706 406 865 446 fraxinus,
894 407 975 440 sicut
1003 420 1022 440 a
1047 412 1160 441 monte
1183 413 1366 442 montanus.

462 465 511 499 Et
527 464 702 510 fixerimus
728 466 822 498 utilis
847 466 965 500 hastis.

511 526 622 558 Taxus
650 523 837 558 venenosa⁷
865 528 972 562 arbor.

823 577 923 612 Unde
952 585 984 612 et
1009 574 1153 624 poeta⁹z

462 635 598 681 Ityreos
610 634 633 654 ¹⁰
658 639 735 671 taxi
761 641 964 683 torquentur
989 640 1025 672 in
1053 650 1166 672 arcus.

397 526 456 559 40.

234 579 319 612 aliae
346 583 463 624 gentes
489 574 606 610 arcusS
633 578 766 611 faciunt.

233 701 360 744 ltyreos
387 702 498 731 autem
526 698 608 730 dicit
635 695 853 731 Parthicos¹'.

397 749 457 782 41.
511 751 599 783 Acer
626 750 793 783 coloribus
819 750 937 793 impar.

1034 526 1135 560 Unde
1172 531 1204 560 et
1238 527 1346 561 toxica
1385 538 1509 561 venena
1541 530 1776 574 exprimuntur.

1421 408 1473 441 De
1503 420 1570 452 quo
1602 406 1788 443 Ovidius⁶:

1837 530 1890 562 Ex
1916 529 1982 564 hac
2008 527 2123 562 Parthi
2150 533 2182 561 et

332 802 453 835 Robur
481 806 590 833 autem
616 802 819 846 generaliter
846 801 966 834 dicitur
993 812 1031 833 ex
1056 801 1145 833 omni
1173 802 1308 833 materia
1331 801 1491 845 quicquid
1519 807 1567 835 est
1593 802 1825 838 firmissimum.

397 852 456 884 42.
512 853 616 885 Alnus
630 850 667 895 ¹²,
696 854 787 896 qnod
809 853 915 885 alatur
943 864 1049 884 amne.

1102 854 1257 885 Proxima

508 956 629 988 Ulmus
656 968 778 989 nomen
806 957 956 1000 accepit,
991 955 1083 998 quod
1112 956 1281 1000 uliginosis
1307 956 1389 989 locis
1417 962 1450 989 et
1482 956 1628 990 humidis
1656 957 1773 990 melius
1799 953 1984 1002 proficitfl.

1270 850 1292 869 ¹³³
1314 854 1399 885 enim
1420 865 1526 896 aquae
1553 855 1714 896 nascitur,
1741 865 1804 887 nec
1830 853 1931 888 facile
1958 858 2049 887 extra
2074 853 2179 887 undas

2035 956 2121 989 Nam
2147 955 2180 988 in

231 904 319 939 vivit.
373 904 462 938 Hine
487 909 518 936 et
545 909 658 937 tenera
685 910 717 937 et
744 905 869 947 mollis,
903 905 980 947 quia
1007 904 1038 935 in
1066 903 1224 937 humecto
1252 905 1330 938 loco
1358 905 1505 938 nutritur.

232 1006 393 1039 montanis
421 1012 454 1039 et
481 1008 604 1051 asperis
630 1008 734 1041 minus
764 1009 852 1041 laeta
880 1013 935 1040 est.

394 1057 453 1090 44.

510 1059 638 1096 Lai-cx,
673 1061 725 1092 cui
754 1059 822 1092 hoc
847 1070 968 1091 nomen
996 1070 1015 1090 a
1042 1058 1180 1091 castello
1205 1058 1360 1092 Laricino
1388 1059 1528 1091 inditum
1556 1064 1621 1100 est,
1662 1071 1702 1092 ex
1724 1071 1790 1102 qua
1819 1060 1951 1093 tabulae
1978 1058 2100 1104 tegulis
2126 1058 2179 1091 af-

231 1108 318 1140 fixae
344 1108 514 1142 flammam
543 1110 726 1152 repellunt,
754 1121 862 1153 neque
890 1122 929 1142 ex
956 1122 989 1141 so
1017 1110 1198 1142 carbonem
1233 1110 1404 1142 ambustae
1432 1111 1590 1143 efficiunt.

394 1158 454 1195 45.

229 1210 315 1243 Nam
343 1211 445 1244 altera
470 1218 518 1245 est
545 1213 639 1253 alba,
668 1214 771 1245 altera
793 1213 896 1257 nigra.

229 1263 332 1295 altera
359 1263 485 1296 viridia.

229 1324 417 1357 occasuque
439 1321 590 1349 constant
603 1313 637 1347 ²⁰.

228 1365 347 1398 finibus
374 1367 500 1410 Syriae.

509 1161 660 1205 Populus
688 1161 797 1201 dicta,
826 1161 919 1204 quod
948 1156 1021 1193 (ΝΒ
1045 1161 1112 1193 eius
1134 1161 1227 1194 calce
1255 1161 1434 1193 multitudo
1456 1168 1606 1195 nascatur
1643 1187 1650 1194 .

953 1212 1043 1244 Alba
1071 1218 1180 1244 autem
1211 1213 1355 1256 populus
1377 1213 1482 1252 dicta,
1509 1213 1586 1256 quia
1602 1213 1683 1245 folia
1711 1214 1778 1246 eius
1800 1225 1864 1246 una
1891 1218 1985 1257 parte
2007 1217 2079 1245 sunt
2092 1213 2179 1254 alba,

540 1264 637 1297 Ilaec
664 1277 746 1309 ergo
761 1262 782 1280 ¹⁸
810 1265 956 1304 bicolor,
984 1263 1113 1296 habens
1139 1265 1229 1307 quasi
1258 1264 1362 1297 noctis
1387 1270 1419 1297 et
1448 1264 1514 1297 diei
1536 1270 1647 1307 notas,
1675 1276 1761 1307 quae
1787 1270 1941 1309 tempora

693 1317 841 1349 Generat
866 1317 965 1349 etiam
989 1315 1128 1348 resinam
1157 1316 1245 1350 circa
1272 1316 1456 1349 Eridanum
1484 1316 1638 1357 fluvium,
1671 1316 1746 1358 vel,
1774 1321 1809 1348 ut
1836 1317 1890 1349 alii
1920 1320 2119 1356 memorant,
2144 1315 2180 1348 in

1617 1157 1641 1177 ¹⁶
1704 1160 1804 1194 Cuius
1819 1173 1925 1206 genus
1945 1161 2071 1205 duplex
2085 1165 2132 1193 est
2146 1157 2178 1195 ¹⁷.

1952 1261 1975 1280 ¹⁹
2002 1270 2075 1296 ortu
2102 1263 2179 1296 solis

392 1418 451 1451 ⁴6.
505 1418 630 1450 Tiliam
658 1417 771 1452 dicunt
798 1422 949 1451 vocatam
976 1429 1016 1450 eo
1028 1414 1069 1458 ²¹,
1091 1418 1184 1460 quod
1212 1418 1299 1451 utilis
1327 1418 1366 1451 sit
1393 1418 1436 1451 ad
1463 1429 1558 1451 usum
1586 1419 1727 1451 telorum
1743 1418 1848 1451 nitore
1875 1423 1908 1451 et
1928 1417 2060 1451 levitate
2086 1418 2179 1451 iacu-

229 1467 328 1500 landi.
382 1469 442 1501 Est
470 1471 555 1502 enim
585 1471 743 1502 materiae
770 1482 876 1514 genus
902 1469 1085 1502 levissimae
1096 1466 1130 1501 ²².

393 1527 453 1560 47.
507 1529 598 1561 salix·
626 1530 732 1570 (licta,
760 1531 851 1572 qnod
877 1529 1028 1562 celeriter
1055 1530 1167 1570 saliat,
1198 1529 1266 1562 hoc
1294 1534 1342 1561 est
1363 1529 1521 1562 velociter
1549 1534 1694 1572 crescat,
1722 1530 1823 1563 arbor
1850 1529 1950 1570 lenta‚
1977 1528 2096 1562 vitibus
2114 1527 2177 1560 ha-

228 1578 303 1610 bilis
331 1578 520 1612 vinciendis,

228 1629 317 1662 beris
343 1636 471 1673 careat,
498 1632 556 1664 sed
585 1637 616 1664 et
643 1633 781 1665 feminas
807 1632 1000 1665 infecundas
1028 1633 1140 1667 efficit.

574 1581 674 1613 Cuius
702 1583 832 1614 seminis
859 1581 947 1613 lianc
975 1582 1088 1613 dicunt
1117 1594 1186 1614 csse
1213 1586 1380 1621 naturam‚
1408 1586 1443 1613 ut
1470 1580 1495 1612 si
1522 1581 1594 1623 quis
1622 1581 1705 1614 illud
1726 1582 1758 1614 in
1789 1582 1914 1625 poculo
1944 1580 2108 1621 hauserit,
2135 1579 2177 1612 li-

331 1681 481 1726 Populus
509 1688 619 1716 autem
647 1689 679 1716 et
707 1685 787 1716 salix
817 1690 849 1717 et
876 1681 980 1716 ιίΙίειΔΜ
1008 1685 1119 1717 mollis
1150 1684 1305 1716 materiae
1333 1687 1423 1723 sunt,
1460 1687 1492 1714 et
1519 1683 1562 1715 ad
1590 1684 1794 1728 sculpturam
1806 1680 1831 1701 ²¹
1858 1688 1968 1727 aptae.

392 1733 451 1769 48.
504 1735 625 1768 Yimen
652 1733 816 1777 vocari²⁵,
852 1748 892 1769 eo
921 1736 1014 1779 quod
1042 1737 1107 1769 vim
1143 1736 1266 1769 habeat
1300 1735 1439 1767 multam
1466 1734 1590 1767 viroris.

317 1825 344 1859 1)
372 1826 418 1853 Sic
443 1827 500 1855 Gu.
527 1829 554 1858 1.
578 1830 605 1857 2.
635 1838 679 1857 va.
706 1827 755 1855 Ar.
789 1844 830 1849 -—-
859 1828 1014 1866 glandula
1038 1829 1117 1865 vulg.
1141 1845 1181 1849 —

229 1868 256 1901 ἓ)
283 1876 302 1893 (ι
327 1868 451 1895 Grau-is
475 1870 532 1897 Gu.
552 1873 576 1900 1.
602 1885 643 1890 —-
680 1871 711 1906 3)
741 1870 789 1898 sic
814 1870 862 1898 Ar.
893 1888 934 1892 --
957 1871 1100 1908 onsalilis·
1127 1871 1181 1898 Gu.

232 1911 258 1939 1.
281 1924 323 1929 -—-
352 1910 519 1946 ltonsalicis
551 1912 606 1939 Gn.
627 1914 654 1942 2.
679 1923 723 1950 pr.
749 1923 796 1942 va.
820 1929 861 1934 —
891 1913 922 1952 4)
947 1914 1022 1940 leni-s·
1045 1937 1050 1942 .
1077 1936 1083 1941 .
1107 1914 1182 1940 lavis

231 1950 286 1978 Gu.
314 1954 341 1982 1.
369 1956 396 1983 2,
420 1963 465 1980 va.
488 1970 528 1975 —-
552 1960 575 1980 el
601 1965 655 1991 pro
679 1966 715 1981 ac
740 1958 795 1983 (iu.
822 1959 846 1986 1.
872 1958 900 1986 2.
925 1966 971 1984 va.
998 1972 1040 1977 --
1078 1955 1108 1994 ᾗ)
1133 1957 1181 1984 bic

231 1993 288 2021 Gu.
314 1995 340 2024 1.
365 1996 392 2023 2.
420 2005 464 2022 va.
489 2011 523 2016 —
556 1996 638 2033 ang.
671 2009 703 2025 ιιι.
726 2001 842 2036 asperi.»-
873 1999 947 2026 locis«
970 2001 1182 2036 „maturamque

221 2037 340 2073 flagi-r.
365 2052 402 2057 ——
434 2034 464 2075 6)
488 2037 602 2066 Metam.
628 2041 663 2071 X,
688 2043 736 2071 93.
759 2058 798 2061 -—
827 2043 854 2076 7)
882 2041 931 2068 Sic
956 2042 1011 2069 Gn.
1041 2045 1066 2071 1.
1089 2045 1117 2072 2.
1141 2059 1181 2063 —

231 2084 378 2105 venenata
400 2078 479 2115 vulg.
504 2096 543 2100 —
568 2084 593 2111 ὅ)
611 2082 658 2108 δία
683 2084 736 2110 Gn.
758 2087 781 2113 1.
807 2099 846 2103 -
872 2084 957 2120 Vulg.
984 2095 1076 2111 arsa-5·
1097 2086 1181 2112 Par-

231 2121 277 2148 [1ιί
298 2127 324 2148 et
348 2122 388 2148 al.
411 2126 492 2159 genl.
521 2135 561 2142 —
590 2127 615 2153 31)
640 2124 741 2161 virgil.
768 2128 875 2163 Georg.
900 2127 946 2160 ll,
971 2127 1041 2157 448-
1066 2144 1105 2147 —-
1136 2126 1180 2165 10)

232 2163 281 2190 Sic
306 2163 356 2192 Ar.
380 2173 423 2201 pr,
449 2179 489 2184 —
515 2165 618 2191 slus-vs
649 2168 703 2193 Gn.
730 2170 756 2197 1.
784 2172 811 2199 2.
839 2185 874 2188 —
907 2169 1028 2196 [stirme
1051 2169 1129 2206 vulg.
1154 2175 1181 2197 ct

232 2205 275 2233 sic
297 2215 374 2233 mox.
402 2222 443 2227 —
466 2203 510 2244 11)
535 2206 615 2235 l-›llln
641 2208 771 2235 (mallant
796 2210 902 2238 J’artlz.
928 2221 974 2239 va.
1001 2227 1039 2231 —-
1065 2212 1178 2249 12)1*0-

232 2253 322 2275 catztr
344 2247 411 2278 add,
431 2248 512 2285 vulg.
533 2265 569 2269 ——-
595 2249 661 2277 Oni.
687 2251 740 2278 Gu.
755 2254 779 2281 1.
797 2255 992 2281 ⁴2.——x⁷vc11t‹1
1016 2264 1061 2281 va.
1076 2272 1116 2275 —
1134 2253 1178 2293 13)

232 2290 281 2317 Sic
305 2291 361 2318 Gu.
382 2293 408 2321 1.
431 2292 459 2321 2.
482 2300 527 2328 pr.
552 2290 602 2318 Ar.
625 2308 666 2312 —
696 2294 731 2318 1³1
741 2295 834 2320 omme
862 2296 940 2332 vulg.
966 2312 1007 2316 —
1034 2295 1076 2335 14)
1095 2298 1177 2334 pmf.

233 2333 296 2359 mel.
320 2342 365 2360 va.
396 2348 437 2354 —-
474 2333 520 2371 15)
545 2344 577 2360 ex
607 2344 662 2361 om.
686 2343 732 2363 va.
764 2351 804 2356 —
839 2338 883 2373 16)
908 2340 1047 2365 nau-itur
1070 2349 1114 2367 va.
1137 2355 1178 2360 —-

235 2376 278 2410 17)
299 2373 409 2412 duplex
429 2386 496 2413 ἔτη.
520 2382 561 2403 est
585 2386 630 2404 va.
660 2393 702 2398 —
742 2375 786 2416 18)
809 2377 858 2404 Sic
888 2379 944 2407 Gu.
967 2383 992 2411 1.
1015 2384 1042 2412 2.
1068 2391 1112 2411 va.
1137 2397 1178 2403 —·

1651 1736 1776 1768 Natura
1803 1735 1890 1768 enim
1921 1735 1990 1767 eius
2015 1733 2089 1766 talis
2116 1738 2175 1773 est,

1226 1830 1324 1866 igilur
1346 1828 1423 1864 vulg.
1457 1844 1491 1848 -—
1531 1827 1577 1865 19)
1608 1838 1667 1865 quo
1699 1833 1827 1865 sempore
1857 1827 1912 1854 Gu.
1933 1828 1959 1856 1.
1978 1829 2006 1858 2.
2036 1843 2076 1848 -
2099 1836 2173 1865 quac

1225 1876 1354 1908 tempore
1373 1876 1459 1897 ortus
1481 1879 1526 1898 va.
1549 1885 1591 1891 —-
1619 1870 1667 1907 20)
1692 1875 1809 1898 constat
1833 1871 1890 1898 Gu.
1907 1872 1933 1899 1·
1948 1870 1977 1899 2.
1995 1879 2041 1899 va.
2058 1887 2096 1892 —-
2125 1870 2173 1906 21)

1232 1914 1343 1941 Tiliam
1367 1912 1483 1940 dictum
1505 1923 1536 1940 eo
1559 1922 1603 1940 va.
1625 1928 1668 1934 —
1699 1912 1747 1952 29)
1769 1913 1818 1941 Sic
1841 1913 1899 1942 Gu.
1919 1915 1944 1942 1.
1966 1914 1993 1943 2.
2017 1928 2059 1933 —
2076 1921 2174 1950 genus

1226 1962 1297 1984 mab.
1321 1957 1376 1984 lew.
1397 1956 1476 1992 vulg.
1499 1971 1540 1976 -—
1558 1966 1657 1993 genus
1681 1966 1738 1983 om.
1754 1966 1812 1991 va,
1836 1960 1864 1983 et
1887 1954 2008 1983 exhibet
2030 1955 2083 1983 lev.
2098 1960 2171 1984 mat.

1228 2017 1260 2019 —
1289 2000 1335 2035 23)
1359 1999 1462 2025 tilium
1483 2007 1529 2025 va.
1563 2015 1604 2019 —
1639 1999 1685 2035 94)
1710 1999 1888 2037 scalpturae
1909 2008 1954 2026 va.
1975 2013 2017 2019 —
2054 1997 2103 2033 25)
2124 1996 2173 2025 Sic

1226 2042 1281 2069 Gn.
1301 2045 1326 2071 1.
1343 2045 1370 2073 2.
1393 2041 1429 2068 al.
1453 2050 1497 2068 va.
1512 2057 1553 2062 --
1576 2046 1705 2068 vocatur
1727 2042 1808 2079 vulg.
1831 2057 1873 2062 —
1896 2042 1940 2076 26)
1968 2040 2042 2077 aref
2065 2041 2093 2066 si
2111 2039 2172 2067 abl.

1225 2094 1270 2112 va.
1291 2100 1329 2104 —
1353 2084 1495 2111 alluatur
1517 2083 1563 2111 Ar.
1586 2099 1628 2105 —
1650 2082 1698 2122 97)
1719 2084 1845 2111 humum
1868 2093 1914 2111 va.
1941 2099 1981 2104 —-
2014 2081 2058 2121 28)
2081 2093 2101 2110 a
2116 2092 2172 2110 ra-

1225 2126 1346 2153 <limbus
1377 2136 1423 2153 va.
1452 2142 1493 2146 —
1530 2124 1575 2164 2⁸9)
1605 2126 1758 2164 demergat
1788 2137 1836 2155 va.
1860 2127 1910 2155 Ar.
1946 2143 1984 2147 —-
2021 2124 2171 2163 dimergat

1223 2169 1304 2205 vulg.
1328 2184 1369 2189 —
1392 2167 1535 2205 tlenzctggit
1567 2169 1622 2197 Gu.
1642 2172 1668 2200 1.
1688 2172 1716 2199 2.
1745 2185 1787 2190 —
1819 2167 1868 2209 30)
1894 2169 1942 2196 Sic
1966 2167 2014 2197 Ar.
2037 2185 2078 2189 -—
2102 2173 2170 2194 tra-

1222 2212 1377 2238 mariliam
1402 2211 1482 2249 vulg.
1512 2228 1553 2233 —
1585 2213 1633 2247 31)
1663 2211 1712 2239 Sic
1737 2211 1787 2240 Ar.
1819 2227 1861 2233 —-
1889 2221 1996 2238 saxoso
2025 2210 2106 2244 vulg.
2128 2223 2170 2230 —·

1222 2264 1294 2280 saxu
1317 2259 1342 2280 rt
1366 2254 1456 2280 humo
1483 2254 1538 2282 Gu.
1565 2258 1589 2284 1.
1615 2257 1642 2285 2.
1677 2272 1714 2275 -
1757 2255 1805 2290 3-2)
1841 2254 1888 2282 Sic
1918 2254 1967 2281 Ar.
1991 2268 2029 2274 --
2057 2252 2169 2278 mistra

1221 2296 1301 2332 vulg.
1324 2313 1364 2318 —
1396 2299 1487 2323 mill-a
1516 2307 1560 2324 va.
1585 2313 1626 2317 ——-
1663 2297 1699 2326 al.
1731 2298 1872 2324 ministra
1910 2294 1991 2323 odia.
2044 2293 2166 2323 Vulcan.

1222 2339 1347 2367 coniecit
1370 2340 1463 2377 μίσεα.
1488 2355 1528 2360 -
1550 2337 1597 2377 33)
1622 2350 1641 2366 (ι
1664 2350 1745 2366 mare
1762 2350 1806 2378 pr.
1831 2349 1878 2367 va.
1902 2353 1940 2359 ——
1971 2334 2018 2374 34)
2040 2337 2088 2364 Sic
2110 2337 2166 2365 Gu.

1223 2384 1250 2411 1.
1271 2383 1300 2412 2.
1320 2397 1361 2403 —-
1392 2383 1492 2419 magis
1521 2382 1565 2409 lit.
1593 2382 1673 2419 vulg.
1703 2397 1745 2403 —
1773 2382 1874 2419 magi-5·
1899 2390 1956 2408 om.
1987 2388 2032 2408 va.
2057 2394 2097 2399 -
2119 2380 2165 2416 35)
