2203 2829
205 95 255 131 w

895 83 1073 121 lSlDORI
1099 84 1280 121 HISPAL.
1307 87 1450 124 EPlSC.

369 185 404 220 ⁸6.
455 180 533 219 Pari
559 181 675 216 ordine
701 191 721 213 e
745 180 912 215 contrario
945 184 978 215 et
1011 180 1044 215 in
1071 179 1315 224 vituperatione
1347 180 1492 214 hominis
1526 179 1612 215 haec
1643 180 1752 213 forma
1779 181 1939 215 servanda
1967 188 2030 224 est,
2066 190 2144 218 ante

206 240 395 276 hominem,
421 237 455 269 in
481 234 670 273 hominem,
698 236 774 275 post
800 230 970 264 hominem
982 228 1002 265 ¹.

207 305 268 327 nus
292 289 444 335 pertinet.

1063 231 1175 266 Locus
1200 234 1386 266 communis
1414 232 1457 265 ad
1484 233 1778 266 demonstrativum
1808 233 2056 278 vituperationis
2082 247 2147 281 ge-

498 285 600 327 Quod
627 289 736 316 tamen
769 282 812 315 ab
840 293 881 316 eo
916 283 947 316 in
975 279 1117 326 aliqu0²
1150 283 1274 318 differt.
1326 285 1412 317 Nam
1446 284 1661 329 vituperatio,
1692 295 1779 327 quae
1805 287 1972 319 contraria
1999 292 2046 320 est
2072 287 2147 321 lau-

208 340 296 385 dis³‚
323 338 510 386 specialiter
533 336 576 368 ad
603 330 749 369 certam⁴
776 333 923 368 facientis
947 345 1125 379 personam
1152 335 1341 369 adhibetur.

369 390 403 424 8.
456 387 650 422 Communis
677 396 757 417 vero
793 385 886 420 locus
912 386 1113 430 generaliter
1148 387 1181 419 in
1212 387 1292 420 facti
1324 386 1460 421 crimine
1493 386 1720 430 praeponitur.

1773 386 1875 420 Unde
1903 393 1937 422 et
1963 391 2147 423 communis

207 448 299 480 locus
326 442 461 481 dicitur,
485 439 561 481 quia
583 438 717 469 absente
744 448 886 481 persona
914 450 979 471 non
1003 435 1151 471 tantum⁵
1172 439 1204 471 iu
1231 435 1443 477 hominem⁶‚
1471 442 1630 480 quantum
1658 438 1690 469 in
1718 438 1826 483 ipsum
1851 440 1977 472 crimen
2006 442 2146 486 exponi-

207 504 267 532 tur.

654 582 804 616 CAP.
860 581 901 617 V.

321 493 430 527 Omne
457 491 542 523 enim
568 489 681 521 vitium
709 499 775 521 non
801 490 834 521 in
861 500 927 522 uno
953 494 1098 531 tantum,
1119 489 1179 522 sed
1205 491 1305 523 etiam
1329 500 1508 524 commune

1520 485 1533 507 ‘¹
1558 489 1591 521 in
1618 486 1792 533 pluribus⁸
1820 490 1989 524 invenitur.

981 583 1043 616 De
1069 584 1249 630 gemino
1279 588 1403 617 statu
1435 593 1683 616 causarum.

369 660 401 693 l.
456 655 602 693 Status⁹
628 659 719 704 apud
747 658 915 693 Rhetores
947 672 987 694 ea
1019 672 1070 694 res
1097 660 1217 694 dicitur
1229 656 1270 700 ¹⁰,
1305 660 1338 692 in
1372 670 1438 703 qua
1468 669 1566 692 causa
1594 659 1756 697 consistit,
1783 659 1818 691 id
1846 665 1911 701 est,
1946 661 2144 694 constitutio.

205 713 327 750 Graeci
353 709 498 745 autem¹¹
526 716 646 745 statum
674 723 693 743 a
722 712 934 746 contentione
968 708 1130 747 στοὲσιιι12
1159 711 1282 745 dicunt.

204 778 305 810 quam
333 768 561 808 expugnarent
573 759 596 780 ¹³
616 763 882 807 propositionem
906 763 1102 803 adversarii,
1130 763 1189 796 sed
1216 763 1309 806 quod
1336 763 1368 795 in
1389 774 1429 796 eo
1443 758 1465 779 ¹⁸
1492 773 1569 806 pars
1596 767 1735 805 utraque
1762 762 1906 796 consistit
1916 760 1948 799 ¹⁵.

203 824 271 852 tem
298 828 337 850 ex
358 816 536 848 intentione
563 818 595 849 et
622 814 829 859 depulsione.

369 867 402 903 2.
456 867 566 900 Status
594 871 705 900 autem
741 877 915 900 causarum
949 865 1017 899 duo
1051 871 1143 909 sunt,
1179 865 1348 899 rationalis
1376 870 1408 898 et
1440 864 1568 909 legalis.

929 917 981 950 De
1008 918 1075 950 tine
1108 917 1271 951 iudicialis
1282 914 1303 934 ¹²
1332 921 1365 950 et
1389 916 1580 961 negocialis.

467 970 518 1002 De
539 969 737 1014 assumptiva
765 969 945 1010 concessio,
967 970 1108 1002 remotio
1137 969 1278 1002 criminis
1288 966 1321 1011 ¹⁰,
1348 968 1466 1001 relatio
1488 968 1643 1009 criminis,
1659 969 1887 1012 compensatio
1899 966 1931 1001 ²⁰.

204 923 329 954 iectura
339 915 363 935 ¹⁰
388 919 478 958 finis,
505 918 666 961 qualitas,
698 918 876 951 translatio.

204 970 414 1015 assumptiva.

205 1023 353 1057 cessione
380 1022 536 1066 purgatio
568 1026 602 1054 et
627 1021 832 1066 deprecatio.

1344 711 1453 744 Latini
1482 715 1592 743 autem
1620 721 1686 742 non
1717 710 1825 742 solum
1853 723 1872 743 a
1905 724 2040 757 pugna,
2080 724 2143 756 per

2004 764 2058 796 Fit
2085 775 2145 797 au-

1622 864 1675 897 De
1706 864 1856 897 rationali
1889 866 2036 898 oriuntur
2063 877 2145 899 con—

1633 916 1684 948 De
1712 916 1860 949 iudiciali
1888 918 2041 950 absoluta
2056 914 2079 933 ’Β
2113 922 2145 951 et

1985 969 2038 1001 De
2062 979 2145 1002 con-

367 1073 399 1106 3.
452 1073 690 1107 Coniecturalis
717 1077 765 1106 est
790 1067 940 1115 status²¹‚
969 1083 1045 1106 curn
1072 1071 1218 1113 factum,
1245 1071 1338 1115 quod
1366 1071 1409 1104 ab
1439 1066 1540 1103 ειὶίοῃ
1567 1070 1737 1109 obiicitur,
1765 1071 1808 1103 ab
1835 1071 1902 1103 alio
1929 1076 2143 1115 pernegatur.

206 1126 403 1159 Disfinitivus
414 1122 439 1142 ²³
467 1129 566 1158 status
594 1129 659 1172 est.
687 1136 765 1159 cum
790 1124 844 1165 id,
872 1124 963 1167 quod
990 1120 1196 1164 obiicitur²⁴‚
1238 1135 1304 1156 non
1331 1122 1399 1157 hoc
1427 1134 1499 1156 esse
1530 1122 1757 1161 contenditur,
1799 1122 1857 1154 sed
1886 1123 1967 1166 quid
1996 1122 2080 1155 illud
2106 1123 2145 1155 sit

204 1177 361 1210 adhibitis
388 1176 644 1210 diffinitionibus
671 1176 879 1220 approbatur
890 1172 925 1209 ²³.

979 1176 1130 1216 Qualitas
1157 1180 1220 1215 est,
1248 1175 1348 1214 dum,
1375 1174 1481 1217 qualis
1508 1185 1560 1207 res
1589 1170 1664 1206 sit²⁶
1690 1174 1876 1217 quaeritur:
1903 1180 1935 1206 et
1960 1174 2037 1217 quia

2050 1171 2073 1190 ²⁷
2101 1173 2145 1206 de

203 1229 235 1261 vi
263 1234 296 1261 et
320 1239 444 1273 genere
473 1228 599 1273 negotii
625 1228 849 1261 controversia
876 1227 1001 1272 agitur,
1040 1227 1225 1260 constitutio
1253 1226 1418 1271 generalis
1446 1221 1680 1270 appellatur‘ffl.

367 1279 402 1313 ⁴.
454 1280 642 1312 Translatio
654 1276 678 1296 ²⁰
705 1291 780 1313 cum
808 1290 905 1312 cansa
932 1290 972 1313 ex
999 1289 1040 1311 eo
1067 1278 1192 1323 pendet
1204 1275 1241 1318 ³⁰,
1266 1277 1358 1320 quod
1385 1287 1453 1309 non
1478 1282 1534 1309 aut
1556 1273 1613 1309 is³¹
1642 1287 1745 1321 agere
1758 1277 1898 1317 videtur,
1925 1288 2025 1320 quem
2039 1288 2143 1320 opor·

204 1336 268 1371 tet,
296 1335 351 1362 aut
377 1342 443 1363 uon
470 1332 562 1374 apud
589 1343 690 1374 quos,
717 1342 785 1374 quo
808 1335 978 1374 tempore,
1007 1342 1072 1372 qua
1100 1330 1195 1373 lege,
1219 1339 1286 1372 quo
1315 1328 1468 1367 crimine,
1491 1339 1555 1370 qua
1583 1338 1693 1372 poena
1720 1333 1883 1372 oporteat.

1937 1329 1970 1361 T
1972 1328 2144 1360 ranslativa

204 1387 252 1413 est
262 1378 286 1398 ³²
313 1382 517 1420 constitutio,
549 1383 642 1424 qnod
670 1383 756 1414 actio
783 1381 998 1413 translationis
1026 1387 1058 1413 et
1085 1381 1353 1414 commutationis
1375 1379 1529 1423 indigere
1553 1375 1748 1413 videatur³³.

369 1431 402 1463 5.
457 1432 624 1464 ludicialis
651 1437 715 1471 est,
755 1432 787 1463 in
815 1443 880 1474 qua
909 1432 1006 1473 aequi
1034 1437 1066 1463 et
1092 1432 1171 1463 recti
1199 1437 1314 1463 natura
1350 1436 1381 1463 et
1410 1431 1549 1474 praemii

206 1482 392 1526 Negotialis
420 1487 484 1523 est,
511 1483 544 1514 in
568 1494 650 1524 qua,
685 1482 766 1525 quid
794 1483 869 1514 iuris
897 1493 936 1514 ex
964 1482 1052 1514 civili
1078 1493 1171 1513 more
1199 1487 1230 1514 et
1254 1482 1418 1524 aequitate
1446 1482 1503 1523 sit,
1545 1481 1781 1514 consideratur.

206 1545 292 1576 quae
319 1534 388 1577 ipsa
417 1544 456 1565 ex
484 1545 518 1565 se
545 1533 627 1565 nihil
650 1532 707 1565 dat
733 1533 820 1564 firmi
847 1532 890 1565 ad
918 1532 1175 1574 recusationem,

1126 1595 1190 1615 non
1216 1584 1268 1622 id,
1303 1583 1396 1627 quod
1425 1583 1549 1616 factum
1583 1588 1647 1623 est,
1680 1583 1849 1623 defendit,
1875 1585 1953 1624 sed,
1978 1589 2014 1616 ut
2045 1584 2145 1628 igno-

566 1635 668 1677 Quod
697 1646 755 1667 nos
782 1635 825 1667 ad
846 1636 1052 1678 poenitentes
1079 1632 1326 1679 probavimusffl
1353 1636 1530 1679 pertinere.

370 1582 403 1615 6.
458 1583 636 1617 Concessio
664 1590 728 1623 est,
755 1595 831 1617 cum
858 1595 932 1616 reus
960 1581 1098 1616 omnis³⁰

205 1639 314 1669 scatur
321 1659 330 1676 ‚
358 1635 513 1679 postulat.

1540 1427 1585 1447 ’Ἠ
1619 1436 1674 1463 ant
1701 1442 1833 1474 poenae
1859 1430 1940 1462 ratio
1968 1431 2144 1473 quaeritur.

1848 1482 2062 1526 Affiumptiva
2088 1487 2146 1522 ω,

1198 1529 1312 1565 foris³³
1335 1538 1445 1564 autem
1471 1532 1598 1574 aliquid
1625 1532 1824 1565 defensionis
1851 1534 1991 1565 assumit.

1581 1634 1741 1667 Remotio
1769 1635 1912 1668 criminis
1936 1641 1984 1667 est
2011 1646 2086 1668 cum
2109 1635 2144 1667 id

206 1686 347 1726 crimen,
375 1686 467 1730 quod
494 1687 630 1720 infertur
650 1687 692 1718 ab
720 1698 754 1719 se
781 1692 812 1719 et
840 1687 882 1718 ab
906 1698 964 1720 sua
991 1687 1108 1730 culpa,
1136 1687 1167 1719 vi
1194 1692 1226 1719 et
1252 1691 1417 1731 potestate
1444 1686 1476 1718 in
1501 1685 1602 1719 alium
1629 1697 1704 1718 reus
1730 1686 1909 1719 demovere
1920 1684 1945 1703 ³⁸
1972 1693 2118 1718 conatur.

293 1786 322 1826 1)
346 1787 442 1825 Vulgo
465 1792 631 1826 sequuntur
652 1787 741 1816 haec:
765 1790 866 1816 Locus
883 1789 1049 1815 communis
1072 1788 1155 1815 locus

208 1831 375 1858 nlzeeoricas
388 1830 495 1857 nullus
509 1836 550 1858 esc
565 1831 646 1858 alius
656 1852 664 1866 ‚
686 1832 747 1858 nisi
763 1832 936 1869 sagramenti
952 1830 1043 1859 seder.
1067 1832 1155 1859 llaec

207 1883 274 1901 ιἐῦό
299 1876 501 1900 communitus
521 1872 565 1901 ad
589 1875 818 1911 inqui-mmmm
835 1874 982 1911 pertinet:
1015 1879 1047 1901 ut
1072 1884 1153 1901 nun-

208 1925 302 1954 quam
326 1915 510 1943 manducaui
534 1918 680 1952 immune,
712 1918 803 1944 etiam
827 1915 1027 1945 immundum.
1075 1917 1155 1952 Quae

208 1968 300 1996 quum
314 1957 410 1986 absint
429 1969 444 1986 a
464 1958 518 1987 Gu.
541 1961 567 1989 1.
584 1961 612 1989 2.
630 1969 674 1997 pr.
689 1969 735 1989 va.
756 1960 823 1994 Δη,
847 1959 941 1988 omisi.
973 1975 1014 1981 —
1045 1961 1073 1996 2)
1096 1960 1154 1986 uls.

208 1999 286 2039 qwo'd
302 2001 358 2029 Gu.
377 2003 404 2031 2.
431 2017 465 2023 -—
490 2003 520 2036 5)
544 2001 594 2029 Sic
617 2003 672 2029 (ἆυ.
694 2005 718 2032 1.
742 2018 782 2024 -κ
806 2000 895 2029 laudi
916 2001 997 2039 vulg.
1020 2001 1094 2029 Vide
1118 2001 1155 2030 ad

208 2043 237 2079 I,
261 2043 299 2078 4,
325 2046 371 2075 11.
402 2059 443 2064 —-
473 2043 566 2071 laude
589 2044 644 2072 Gu.
663 2046 691 2075 2.
721 2061 763 2068 --
792 2045 823 2082 4)
847 2046 992 2072 incertam
1009 2045 1065 2072 Gn.
1086 2047 1111 2074 1.
1128 2046 1155 2074 2.

210 2085 308 2116 al.va.
332 2101 374 2109 σ-
411 2086 441 2123 5)
465 2097 524 2114 non
548 2092 612 2114 tam,
632 2102 673 2108 --
709 2097 802 2125 quam
833 2088 882 2115 Ar.
912 2103 953 2109 -
982 2088 1009 2123 6)
1040 2087 1157 2115 homine

210 2127 266 2156 Gu.
285 2130 310 2159 1.
325 2131 352 2159 2.
376 2138 420 2166 pr.
445 2138 491 2156 va.
516 2145 557 2149 —
586 2131 613 2163 7)
641 2130 672 2155 in.
695 2140 850 2157 commune
865 2130 920 2156 Gu.
940 2132 965 2160 1.
988 2145 1029 2151 -
1058 2133 1085 2167 8)
1110 2130 1157 2157 Sic

211 2170 266 2198 Gu.
287 2174 313 2201 1.
329 2173 357 2201 2.
381 2171 417 2198 al.
441 2176 469 2199 et
492 2171 557 2199 cod.
581 2171 671 2199 Palat.
694 2175 753 2200 281.
777 2171 815 2200 ad
838 2181 928 2208 marg.
952 2188 993 2193 —-
1012 2172 1158 2210 plurimis

209 2212 290 2250 vulg.
310 2228 352 2234 --
374 2213 404 2250 9)
428 2214 508 2250 vulg.
531 2213 612 2241 addit
632 2224 808 2249 causarum,
832 2214 912 2252 quod
936 2224 991 2242 om.
1017 2215 1071 2242 Gu.
1091 2218 1115 2245 1.
1130 2218 1158 2246 2.

211 2255 248 2283 al.
266 2265 310 2293 pr.
326 2265 373 2283 va.
400 2271 434 2278 -ν
463 2257 509 2293 10)
534 2256 582 2284 Sic
596 2258 651 2286 (ἆυ.
672 2260 699 2287 1,
720 2273 761 2279 --
783 2256 897 2284 dicitur
912 2268 945 2284 ea
960 2268 1005 2284 res
1029 2257 1105 2293 vulg.
1118 2273 1154 2278 —

211 2295 257 2336 11)
282 2297 330 2325 Sic
353 2298 411 2327 Gu.
435 2301 460 2329 1.
484 2315 524 2321 —-
547 2300 625 2326 enim
639 2299 719 2336 vulg,
754 2315 786 2320 —
827 2300 871 2336 12)
895 2300 941 2326 Sic
973 2300 1028 2329 Gu.
1052 2302 1079 2330 1.
1105 2300 1154 2328 Ar.

211 2355 251 2360 -
273 2341 380 2367 stasim
405 2341 461 2370 Gu.
484 2343 512 2371 2.
537 2359 573 2363 ——
598 2342 713 2370 ‘t'omotv
737 2342 817 2379 vulg.
844 2358 882 2363 —
904 2343 1024 2369 istas-im
1047 2352 1091 2379 pr.
1108 2353 1154 2372 va.

214 2380 259 2419 13)
275 2382 323 2410 Sic
334 2382 389 2410 Gu.
406 2386 482 2413 1.—
505 2390 670 2422 expugnent
694 2385 820 2422 vulg.—-
846 2384 888 2422 14)
905 2387 936 2412 in
957 2397 989 2412 m
1005 2386 1062 2413 Gn.
1081 2389 1103 2415 l.
1116 2403 1152 2406 -

1197 1805 1231 1810 -
1255 1789 1300 1825 15)
1325 1789 1374 1817 Sic
1393 1789 1451 1818 Gu.
1471 1791 1496 1819 1.
1524 1803 1565 1809 —-
1587 1788 1732 1815 consistat
1753 1788 1831 1825 vulg.
1866 1804 1901 1808 —
1942 1789 1986 1825 16)
2015 1789 2143 1816 coniun-

1198 1837 1288 1859 clm-a
1303 1832 1360 1863 Gu.
1379 1835 1406 1862 1.
1429 1841 1475 1870 pr.
1491 1846 1531 1852 —
1554 1829 1598 1869 17)
1623 1830 1812 1858 iuridicialis
1834 1831 1883 1858 Ar.
1907 1835 1935 1858 et
1948 1831 1990 1858 sic
2010 1841 2086 1859 mox.
2102 1847 2144 1853 --

1200 1874 1246 1911 18)
1271 1875 1319 1902 Sic
1340 1875 1396 1903 Gu.
1414 1876 1441 1905 1.
1472 1883 1518 1901 va.
1542 1871 1593 1901 Δι’.
1626 1889 1667 1895 -
1699 1873 1875 1901 absolutura
1904 1874 1986 1911 vulg.
2018 1891 2056 1896 —
2098 1872 2143 1913 19)

1199 1918 1335 1945 crimmis
1355 1916 1461 1944 relatio
1481 1926 1529 1944 va.
1554 1930 1591 1936 ——
1624 1915 1670 1954 20)
1693 1918 1878 1954 comparatio
1897 1916 1945 1946 Ar.
1972 1931 2014 1938 ——
2042 1917 2145 1944 crimi·

1199 1961 1247 1986 nis
1270 1960 1473 1998 compensatio
1495 1967 1541 1986 va.
1567 1974 1602 1979 —
1626 1957 1676 1997 21)
1704 1959 1752 1986 sic
1774 1959 1828 1988 Gu.
1850 1962 1875 1990 1.
1901 1968 1946 1986 va.
1980 1975 2019 1980 —
2042 1963 2143 1986 status

1199 2009 1239 2029 est
1256 2003 1337 2040 vulg.
1361 2018 1401 2025 —-
1424 2000 1470 2039 22)
1494 2002 1542 2030 Sic
1568 2000 1624 2030 Gu.
1648 2004 1673 2031 1.
1698 2011 1743 2029 va.
1769 2017 1807 2025 -—
1831 2002 1889 2028 am
1907 2001 1987 2038 vulg.
2014 2017 2047 2022 —
2080 2001 2142 2028 alio

1200 2046 1256 2072 (ἆυ.
1273 2049 1301 2077 2.
1326 2061 1363 2068 ψ·-
1388 2047 1432 2077 23)
1454 2044 1645 2081 ,Destituit-us
1661 2042 1710 2072 Ar.
1730 2054 1775 2073 va.
1800 2060 1837 2065 -ι
1861 2043 1907 2081 24)
1932 2043 2062 2071 obicitur
2087 2043 2142 2072 Gu.

1199 2089 1227 2118 2.
1241 2092 1270 2115 et
1287 2097 1365 2115 mox.
1390 2102 1432 2109 —-
1462 2096 1557 2125 quum
1579 2084 1613 2112 id
1634 2086 1776 2114 obiicitur
1798 2097 1855 2114 non
1878 2086 1934 2113 hoc
1955 2096 2031 2121 esse,
2061 2084 2144 2123 quod

1200 2129 1315 2157 dicitur
1329 2130 1365 2157 al.
1388 2143 1430 2151 —-
1451 2131 1496 2167 25)
1523 2129 1595 2166 Ipsa
1611 2134 1636 2155 et
1658 2131 1836 2157 coms-titano
1854 2129 2007 2167 generalis
2027 2126 2143 2156 dicitur

1202 2183 1245 2211 pr.
1262 2183 1308 2201 va.
1321 2172 1388 2200 add.
1414 2188 1446 2193 --
1480 2174 1525 2208 26)
1552 2170 1599 2198 Sic
1619 2171 1674 2200 Gu.
1696 2175 1720 2201 1.
1739 2188 1775 2193 —
1800 2174 1840 2199 sit
1856 2182 1901 2198 res
1920 2171 1997 2207 vulg.
2024 2187 2060 2192 —-
2094 2172 2142 2207 27)

1201 2226 1276 2253 quae
1289 2215 1324 2243 al.
1349 2230 1391 2237 —
1418 2216 1466 2250 28)
1494 2213 1649 2251 appellata
1671 2215 1871 2242 controversia
1896 2214 1951 2241 Gu.
1975 2216 2002 2245 2.
2032 2229 2075 2234 —
2097 2216 2141 2248 29)

1200 2263 1242 2285 est
1258 2257 1326 2286 add.
1347 2256 1446 2293 vulg.,
1469 2257 1550 2294 quod
1567 2266 1622 2285 om.
1649 2257 1704 2285 Gn.
1724 2261 1751 2289 1.
1782 2274 1823 2279 --
1852 2254 1899 2295 30)
1923 2256 1970 2283 Sic
1994 2255 2050 2284 Gu.
2069 2258 2093 2286 1.
2112 2258 2141 2286 2.

1199 2301 1249 2330 Ar.
1267 2317 1304 2321 -
1324 2298 1433 2337 pendet
1448 2299 1487 2326 ab
1502 2310 1532 2326 eo
1554 2299 1634 2336 vulg.
1648 2315 1689 2322 -
1705 2297 1758 2338 31).
1770 2299 1816 2328 Sic
1833 2300 1888 2327 Gu.
1908 2301 1932 2328 1.
1951 2301 1976 2330 2-
1996 2298 2031 2326 al.
2047 2308 2142 2326 va.—

1200 2342 1284 2380 quod
1302 2348 1356 2370 aut
1376 2342 1458 2379 vulg.
1490 2358 1527 2364 —-
1558 2341 1604 2379 32)
1628 2342 1675 2370 Sic
1699 2342 1757 2371 Gn.
1779 2346 1803 2373 1.
1831 2359 1867 2363 —
1901 2342 2077 2368 constitutio
2099 2346 2141 2368 est

1199 2386 1277 2423 vulg.
1300 2401 1341 2406 —-
1365 2384 1480 2412 dicitur
1502 2395 1560 2422 pro
1585 2391 1627 2411 eat
1650 2385 1736 2413 Arev.
1760 2400 1803 2408 ·—
1827 2383 1876 2422 3³)
1902 2383 1948 2411 Sic
1969 2384 2026 2412 Gn.
2045 2385 2072 2414 1.
2099 2397 2141 2406 --
