2264 2830
757 93 1003 129 ORlGlNUM
1038 96 1183 130 LIBER
1209 98 1299 132 xlv.

225 187 284 222 26.

162 240 345 284 Cisalpina,
375 242 452 284 quia
480 241 559 274 citra
588 241 701 283 Alpes.

1929 102 2004 136 445

338 189 454 234 Belgis
482 195 590 222 autem
618 188 730 221 civitas
758 194 807 222 est
834 189 986 231 Galliae,
1015 203 1034 223 a
1064 187 1162 234 qua⁴⁸
1190 192 1332 237 Belgica
1356 191 1524 236 provincia
1553 191 1685 226 dicta¹⁵.

163 292 399 335 'l‘i‘ansalpina‚
427 292 460 323 id
489 298 537 324 est
564 297 650 324 trans
679 292 798 335 Alpes,
827 298 942 325 contra
970 293 1236 336 septentrionem.

161 343 306 375 Rhaetia
329 354 419 381 vero,
448 343 539 385 quod
568 343 607 376 sit
635 344 722 376 iuxta
749 343 917 377 Rhenum.

222 393 281 426 27.
334 395 512 437 Aquitania
524 391 547 410 ⁴⁶
571 395 614 427 ab
638 395 781 438 obliquis
803 396 896 438 aquis
923 395 1038 439 Ligeri
1051 391 1071 411 ¹⁷
1099 396 1239 428 fluminis
1266 396 1453 439 appellata,
1492 398 1548 439 qui
1581 409 1619 430 ex
1646 397 1790 442 plurima
1816 404 1910 442 parte
1937 404 2004 433 ter-

58 447 162 479 minus
191 446 259 478 eius
287 451 333 478 est
347 442 371 461 '¹⁸
380 471 389 485 ‚
890 444 912 464 ¹⁹

222 496 280 530 28.

57 548 293 593 cognominata
321 554 367 581 est
378 546 411 583 ³².

417 458 558 489 eamque
584 458 672 490 pene
703 448 735 478 in
763 448 878 480 orbem

465 550 542 593 Ipsa
570 555 617 582 est
645 556 677 583 et
711 562 786 582 vera
801 547 825 567 ⁵³
860 551 1043 594 Hesperia,
1085 562 1103 582 a
1138 546 1313 593 vespero⁵³
1340 550 1436 582 stella
1472 551 1670 584 occidentali
1699 552 1798 587 dieta,

940 448 990 481 cin
1020 447 1052 479 it.

332 497 494 541 Hispania
522 498 610 542 prius
637 499 680 531 ab
707 498 805 531 lbero
834 511 929 532 amne
958 459 1064 531 {baia
1085 504 1276 541 nuncupata
1304 494 1395 530 est⁵⁰.

1455 495 1567 531 Ροῇῐ51
1595 501 1637 532 ab
1666 501 1817 544 Hispano
1844 501 2004 544 Hispania

1860 553 1931 585 Sita
1959 558 2005 586 est

57 607 166 632 autem
195 601 278 632 inter
305 600 455 633 Africam
484 607 516 633 et
544 602 711 642 Galliam,
760 613 779 634 a
812 603 1034 646 septentrione
1070 602 1246 645 Pyrenaeis
1281 602 1447 634 montibus
1475 603 1603 644 clausa,
1646 615 1664 635 a
1692 604 1823 646 reliquis
1858 604 2005 648 partibus

57 652 204 695 undique
231 652 314 684 mari
342 653 513 693 conclusa,
541 653 733 685 salubritate
763 654 848 686 coeli
875 655 1041 697 aequalis,
1083 653 1230 685 omnium
1257 653 1394 697 frugum
1422 655 1599 698 generibus
1627 654 1814 695 foecunda,
1849 667 2003 700 gemma—

57 714 149 747 rum,
178 703 458 746 metallorumque
483 705 587 748 copiis
615 705 780 737 ditissima.

222 754 280 787 29.

57 806 172 839 ctolus.

334 755 530 788 Interlluunt
558 768 630 789 eam
658 757 793 789 llumina
808 752 848 796 ⁵³,
875 756 1008 796 Baetis,
1036 755 1189 796 Mineus,
1217 755 1333 788 Iberus
1360 760 1392 789 et
1413 756 1529 800 Tagus
1557 768 1672 790 aurum
1700 757 1850 797 trahens,
1875 763 1911 790 ut
1937 757 2005 790 Pa-

225 806 339 838 Habet
365 808 551 851 provincias
578 820 652 848 sex,
687 809 991 847 Tarraconensem,
1020 807 1338 851 Carthaginensem,
1372 808 1594 849 Lusitaniam,
1623 808 1832 841 Gallaeciam
1846 805 1887 850 ⁵⁶,
1915 809 2004 842 Bae-

56 858 174 897 ticam,
203 862 234 890 et
259 863 345 890 trans
374 859 457 891 freta
484 860 516 891 in
544 860 682 903 regione
708 859 842 893 Africae
869 859 1094 903 Tingitaniam
1107 855 1142 893 ⁵⁷.

219 908 278 942 30.
330 910 425 943 Duae
439 907 463 927 5³
489 917 562 943 sunt
589 916 698 943 autem
727 911 925 955 Hispaniae,
962 911 1112 951 citerior,
1152 921 1236 953 quae
1261 910 1292 942 in
1319 911 1553 954 septentrionis
1567 907 1591 927 ⁵⁹
1618 911 1757 955 plagam
1785 922 1804 942 a
1830 910 2003 954 Pyrenaeo

56 970 159 1002 usque
195 960 237 992 ad
274 960 514 1007 Carthaginem
548 963 747 1007 porrigitur,
790 963 945 1003 ulterior,
985 974 1071 1005 quae
1106 962 1138 994 in
1172 962 1344 994 meridiem

628 1014 770 1047 Citerior
804 1019 914 1047 autem
950 1019 982 1046 et
1018 1014 1153 1046 ulterior
1187 1013 1302 1054 dicta,
1344 1014 1438 1057 quasi
1474 1015 1555 1047 citra
1595 1019 1628 1047 et
1663 1014 1765 1055 ultra,
1820 1013 1879 1046 sed
1913 1013 2006 1052 citra,

212 1063 300 1097 circa
327 1070 447 1098 terram
460 1063 500 1106 ⁰²,
543 1071 576 1099 et
604 1066 706 1108 ultra,
740 1066 794 1100 vel
821 1066 914 1110 quod
927 1062 952 1082 ⁴³³
983 1066 1098 1098 ultima
1113 1062 1154 1107 ⁶⁴,

56 1016 167 1043 tanum
200 1011 320 1044 fretum
358 1015 551 1047 extenditur.

56 1063 147 1105 quasi
158 1059 179 1079 “¹

57 1118 105 1146 est
129 1114 193 1147 alia
219 1119 314 1148 terra.

675 1204 825 1238 CAP.
879 1204 920 1237 V.

1359 958 1384 978 bl)

1420 975 1439 995 a
1474 962 1650 996 Celtiberis
1686 973 1791 1006 usque
1818 962 1862 994 ad
1897 961 2005 994 Gadi·

1189 1066 1241 1098 vel
1269 1065 1361 1109 quod
1395 1062 1497 1098 ιιοιι65
1530 1066 1570 1098 sit
1596 1072 1673 1111 post
1698 1066 1787 1100 hanc
1816 1065 1902 1105 ulla,
1938 1064 2005 1097 hoc

1014 1204 1050 1237 D
1077 1215 1095 1237 e
1155 1203 1186 1236 L
1212 1204 1224 1236 ἰ
1251 1203 1272 1236 h
1296 1215 1322 1248 y
1348 1216 1380 1237 a.

226 1269 258 1301 l.
311 1270 419 1313 Libya
443 1271 552 1311 (licta,
585 1273 677 1314 quod
701 1273 778 1305 inde
804 1273 885 1305 Libs
912 1273 987 1315 flat,
1023 1272 1091 1305 hoc
1119 1276 1166 1304 est
1192 1272 1336 1304 Africus.

1388 1271 1457 1303 Alii
1484 1271 1573 1303 aiunt
1599 1270 1785 1314 Epaphum
1815 1269 1920 1302 filium
1948 1269 2004 1301 10-

57 1321 102 1353 vis
116 1317 158 1360 ⁶⁴⁵,
186 1320 243 1363 qui
270 1320 464 1365 Memphim
479 1320 502 1339 ⁰⁷
540 1321 606 1354 in‘ffl
637 1325 798 1367 Aegypto
836 1323 987 1356 condidit
1014 1334 1053 1355 ex
1081 1322 1240 1366 Cassiopa
1267 1333 1370 1354 uxore
1398 1333 1590 1366 procreasse
1618 1323 1721 1354 filiam
1753 1317 1920 1354 nomine⁶⁹
1943 1320 2004 1353 Li-

57 1373 180 1415 byam,
210 1383 296 1414 quae
323 1378 441 1416 postea
468 1373 501 1405 in
527 1374 642 1407 Africa
666 1386 807 1419 regnum
835 1375 991 1419 possedit.

1046 1375 1098 1407 Ex
1126 1375 1217 1407 cuius
1244 1374 1378 1406 nomine
1391 1370 1415 1389 ³⁰
1437 1374 1544 1417 Libya
1571 1379 1659 1406 terra
1670 1370 1693 1390 ⁷¹
1722 1378 1769 1405 est
1795 1372 1978 1417 appellata.

221 1423 254 1455 2.
309 1424 459 1457 Africam
476 1430 586 1458 autem
613 1426 690 1458 inde
716 1426 919 1459 nominatam
946 1426 1083 1470 quidam
1096 1422 1120 1441 ⁷²
1147 1425 1345 1465 existimant,
1373 1426 1464 1467 quasi
1483 1425 1650 1468 apricam,
1678 1424 1770 1467 quod
1794 1425 1835 1456 sit
1851 1428 1967 1467 aperta
1979 1419 2004 1440 '¹³

57 1475 171 1514 0⁰9l⁰‚
205 1475 259 1507 vel
287 1472 401 1517 SOll⁷⁴‚
439 1481 472 1509 et
498 1477 565 1510 sine
591 1476 732 1510 horrore
760 1478 894 1522 frigoris
908 1474 941 1511 ³5.

1010 1477 1077 1510 Alii
1104 1477 1218 1509 dicunt
1255 1477 1405 1510 Africam
1433 1477 1597 1520 appellari
1630 1476 1673 1508 ab
1702 1486 1768 1508 uno
1797 1486 1836 1508 ex
1862 1474 2004 1518 posteris

56 1525 213 1559 Abrahae
241 1525 283 1558 de
311 1525 479 1568 Cethura,
506 1529 561 1571 qui
589 1534 724 1562 vocatus
753 1534 799 1561 est
826 1529 927 1569 Afer,
953 1529 996 1562 de
1023 1539 1090 1572 quo
1114 1540 1214 1572 supra
1240 1528 1459 1561 meminimus.

219 1577 251 1610 3.
304 1577 427 1621 Incipit
453 1584 563 1612 autem
592 1592 612 1612 a
644 1580 764 1613 finibus
793 1581 941 1625 Aegypti
976 1591 1124 1625 pergens
1154 1581 1243 1612 iuxta
1275 1579 1448 1612 meridiem
1484 1590 1547 1622 per
1574 1576 1791 1621 Aethiopiam
1828 1587 1933 1620 usque
1960 1575 2005 1608 ad

55 1628 248 1662 Athlantem
277 1635 434 1663 montem.

488 1632 518 1663 A
546 1632 793 1676 septentrionali
806 1628 830 1648 ⁷⁵
856 1637 952 1677 parte
972 1632 1217 1665 mediterraneo
1245 1631 1327 1664 mari
1354 1631 1531 1664 coniuncta
1558 1629 1745 1672 clauditur,
1773 1634 1806 1661 et
1830 1628 1864 1660 in
1893 1627 2004 1660 Gadi-

54 1685 133 1714 tano
160 1680 247 1713 freto
274 1680 399 1722 finitur,
435 1680 563 1716 habens
595 1684 784 1728 provincias
815 1683 958 1728 Libyam
994 1684 1236 1728 Cyrenensem,
1270 1682 1502 1727 Pentapolim,
1538 1681 1724 1726 Tripolim,
1758 1675 2004 1724 Byzantium⁷⁷,

55 1757 134 1794 vulg.
147 1773 179 1777 —
204 1756 270 1783 Om.
295 1756 442 1787 Gu.1.va.
465 1758 511 1786 Al.
527 1769 583 1788 om.
601 1758 627 1799 ξ.
641 1762 690 1791 23.
708 1759 757 1792 24.
782 1759 920 1788 indicatis
938 1765 1007 1788 tan-

55 1804 118 1828 tum
139 1798 308 1826 nominibus
325 1799 453 1836 Apulia.
473 1801 578 1839 Camp.
601 1819 636 1822 —
661 1801 709 1842 32)
725 1804 799 1830 anni
821 1802 888 1832 add.
905 1803 933 1830 Z.
952 1803 1007 1830 Gu.

55 1844 84 1872 2.
108 1842 143 1869 al.
164 1852 209 1880 pr.
226 1851 270 1868 va.
290 1856 332 1862 —-
353 1843 397 1877 33)
415 1842 463 1870 Sic
481 1844 510 1871 Z.
529 1845 584 1872 Gu.
605 1847 630 1875 1.
653 1847 682 1877 2,
698 1846 745 1874 Ar.
764 1862 801 1866 —-
824 1851 910 1884 temp.
923 1851 1006 1883 grat.

55 1884 135 1921 vulg.
161 1899 198 1905 -
223 1882 271 1921 34)
296 1882 379 1910 dicta
403 1884 459 1913 Gu.
478 1889 505 1916 2.
529 1903 570 1908 —
596 1884 644 1925 35)
661 1889 738 1915 enim
762 1898 818 1916 om.
843 1888 899 1916 Gu.
920 1890 948 1918 2.
965 1904 1007 1909 —

55 1930 99 1957 36)
117 1927 252 1964 corpori-9
275 1925 331 1953 (ἆυ.
355 1928 383 1956 2.
411 1942 444 1947 -
474 1927 519 1966 37)
542 1929 589 1957 Sic
613 1930 669 1959 Gu.
692 1933 719 1960 1.
737 1949 775 1953 —
803 1931 912 1959 ocean.
935 1931 1006 1960 incl.

55 1969 137 2006 vulg,
152 1984 193 1990 —
213 1968 330 1995 Oceano
347 1968 515 1998 includitur
536 1971 591 2002 Gu.
608 1974 636 2003 2.
659 1989 700 1995 —
722 1976 766 2008 38)
784 1973 823 2001 ab
838 1983 895 2012 pro
909 1983 929 2000 a
948 1974 1005 2001 Gu.

57 2016 84 2044 1,
109 2027 145 2032 —
170 2009 215 2049 39)
236 2010 380 2047 Belgicae
397 2011 426 2039 Z.
441 2029 481 2033 -
501 2014 629 2052 Belgica
653 2016 819 2044 Germania
836 2026 882 2055 pr.
900 2025 948 2044 va.
965 2032 1003 2036 —

54 2053 241 2093 40)fi11esZ.
264 2068 304 2074 —
329 2055 378 2090 41)
401 2054 566 2083 Germania
588 2057 654 2085 add.
678 2058 733 2086 Gu.
751 2062 778 2090 2.
801 2075 842 2080 —
866 2065 908 2086 est
937 2058 1005 2086 add.

54 2097 154 2133 vulg,
180 2095 260 2133 quod
279 2105 335 2123 om·
354 2097 409 2123 Gu-
427 2099 452 2127 1.
470 2113 511 2119 —
528 2104 570 2126 est
586 2102 666 2137 regio
682 2101 712 2128 Z.
730 2101 787 2131 Gu,
806 2104 834 2132 2.
851 2117 892 2123 —
913 2099 960 2140 42)
979 2106 1005 2128 et

55 2138 98 2167 ad
119 2139 149 2166 Z.
173 2138 209 2165 al.
231 2148 274 2176 pr.
292 2148 336 2166 va.
354 2154 395 2159 —
424 2137 471 2179 43)
495 2139 613 2169 duobus
636 2153 692 2172 om.
716 2144 746 2172 Z.
769 2160 810 2165 —
835 2145 882 2178 44)
906 2154 925 2171 a
945 2154 1003 2181 quo

56 2183 149 2213 Gu.2.
173 2197 211 2201 -
234 2179 279 2217 45)
295 2186 337 2208 cst
353 2180 421 2209 add.
437 2182 535 2219 vulg„
558 2184 610 2212 sed
625 2194 682 2213 orn.
699 2186 755 2214 Gu.
776 2190 801 2216 1,
819 2202 861 2209 —-
882 2186 930 2219 46)
947 2197 1005 2213 au·-

55 2231 113 2253 tem
137 2222 204 2251 add.
221 2222 319 2259 vulg„
345 2223 396 2251 sed
421 2234 478 2252 om.
500 2226 555 2253 Gu.
573 2229 600 2256 1.
623 2242 665 2247 ——
693 2225 738 2266 47)
754 2229 890 2267 L-iguris
908 2229 938 2258 Z.
965 2247 1003 2250 —

54 2266 102 2306 48)
118 2272 159 2294 eat
176 2275 233 2293 om.
248 2275 295 2294 va.
316 2281 357 2286 -—
379 2266 427 2302 49)
443 2267 492 2294 Sic
506 2268 538 2296 Z.
557 2268 611 2296 Gu.
624 2271 648 2298 1.
666 2269 715 2296 Ar.
732 2287 769 2292 —
790 2273 820 2299 in
839 2272 906 2299 orbe
922 2272 1003 2309 vulg.

56 2326 96 2331 -
119 2307 166 2346 50)
182 2313 222 2335 est
239 2307 341 2335 addidi
357 2318 372 2336 e
391 2309 444 2337 Gu.
457 2313 483 2340 1.
497 2326 539 2330 --
562 2309 610 2349 51)
625 2312 699 2338 Post
717 2321 773 2348 pro
786 2320 892 2350 postea
911 2314 1003 2344 Gu.1,

56 2368 98 2372 —
119 2350 165 2389 52)
182 2356 222 2377 est
241 2360 298 2379 om.
314 2351 342 2378 Z.
357 2367 397 2373 —
422 2354 465 2386 53)
481 2363 544 2380 νει-ε
561 2353 609 2381 Ar.
623 2370 664 2374 —
682 2353 730 2390 54)
748 2354 797 2383 Sic
814 2357 845 2384 Z.
864 2357 920 2385 Gu.
940 2359 1003 2387 1.2.

56 2403 103 2434 pr.
120 2409 160 2414 —
177 2392 215 2421 ab
241 2392 365 2431 hespera
374 2403 419 2422 va.
434 2410 476 2416 —
492 2395 529 2423 ab
547 2395 682 2434 hesperia
697 2396 776 2435 vulg.
788 2414 827 2418 —
845 2399 883 2427 ab
898 2399 1004 2436 hespe-

1052 1770 1085 1787 ro
1108 1758 1158 1786 Ar.
1178 1775 1220 1779 —-—
1250 1758 1299 1797 55)
1316 1769 1431 1796 magna
1453 1757 1520 1788 add,
1542 1757 1638 1795 vulg,
1669 1755 1750 1794 quod
1768 1766 1824 1785 om.
1841 1756 1898 1783 Gu.
1918 1758 1942 1785 1.
1965 1771 2006 1776 -

1051 1803 1096 1839 56)
1114 1801 1163 1830 Sic
1181 1801 1230 1829 Ar.
1251 1818 1288 1822 ——
1316 1802 1486 1829 Galliciam
1508 1799 1587 1837 vulg.
1610 1814 1650 1821 —
1676 1797 1724 1838 57)
1747 1799 1946 1836 Tingitanum
1960 1807 2005 1825 va.

1051 1860 1092 1865 —
1114 1845 1162 1880 58)
1177 1849 1277 1872 autem
1291 1844 1361 1873 add.
1379 1854 1424 1873 va.
1436 1859 1477 1866 —
1494 1843 1586 1870 Duae
1601 1845 1671 1868 sunt
1686 1846 1789 1868 autem
1806 1842 1863 1870 Gu.
1876 1843 1902 1872 1.
1918 1841 2006 1871 2.Ar.

1052 1902 1091 1907 —
1112 1885 1158 1926 59)
1176 1887 1224 1915 Sic
1240 1887 1270 1916 Z.
1289 1886 1344 1916 Gu.
1366 1890 1391 1918 1.
1413 1903 1455 1908 —
1476 1884 1704 1922 septentrionali
1718 1884 1799 1921 vulg.
1818 1901 1857 1905 —
1875 1883 2007 1922 plagam

1050 1939 1106 1967 pro
1116 1930 1218 1968 plaga
1235 1930 1291 1957 Gu.
1314 1933 1339 1960 1.
1362 1946 1397 1950 —
1423 1926 1470 1966 fio)
1486 1938 1506 1954 a
1523 1925 1647 1955 meridie
1667 1926 1723 1955 Gu.
1741 1928 1770 1956 2.
1795 1942 1832 1947 -
1856 1925 1902 1965 61)
1925 1924 2009 1964 qaod

1049 1974 1091 1999 sit
1107 1974 1189 1999 circa
1205 1978 1271 1999 terr.
1287 1972 1319 1999 Z.
1344 1987 1386 1992 —
1409 1973 1456 2006 62)
1470 1976 1581 1998 terram
1597 1979 1654 2008 pro
1670 1975 1750 1997 terra
1763 1970 1819 1998 Gu.
1831 1971 1857 1998 1.
1870 1985 1906 1990 —
1927 1969 2007 1995 citra

1049 2019 1135 2042 trans
1151 2015 1181 2044 Z.
1202 2031 1243 2035 --
1261 2014 1309 2051 63)
1326 2015 1367 2040 sit
1382 2012 1451 2042 add.
1469 2013 1601 2050 vulg.--
1616 2012 1681 2039 Om.
1696 2012 1728 2041 Ζ.
1747 2012 1881 2042 Gu.1.2.
1903 2029 1940 2033 —-
1960 2008 2005 2047 64)

1049 2057 1133 2085 ultra
1151 2057 1198 2084 vel
1211 2057 1323 2084 allima
1338 2065 1386 2084 va.
1407 2073 1442 2078 -
1466 2057 1510 2091 65)
1525 2066 1583 2082 non
1600 2064 1657 2083 om.
1674 2054 1768 2084 Gu.1.
1783 2071 1817 2076 -
1832 2053 1880 2091 66)
1891 2054 1939 2081 Sic
1949 2053 2005 2081 GU.

1050 2103 1076 2130 1.
1093 2117 1126 2120 —
1148 2100 1289 2137 Iovisfil.
1306 2098 1389 2136 vulg.
1419 2114 1460 2119 —
1488 2100 1532 2131 67)
1556 2096 1711 2136 fllemplzin
1726 2097 1783 2127 Gu.
1807 2100 1830 2127 l.
1845 2112 1887 2118 —
1910 2097 1956 2133 68)
1975 2097 2007 2122 ιἰι

1049 2152 1105 2170 om.
1121 2143 1152 2173 Ζ,
1166 2158 1208 2164 -
1227 2140 1275 2182 69)
1295 2142 1416 2169 nomine
1431 2139 1534 2168 addidi
1553 2150 1568 2168 e
1586 2140 1643 2168 Gu.
1656 2144 1682 2171 1.
1707 2158 1744 2162 —
1771 2138 1816 2177 70)
1833 2138 1883 2166 Sic
1907 2138 1963 2167 Gu.
1979 2140 2005 2167 1.

1047 2200 1089 2206 —-·
1113 2185 1211 2213 Caius
1227 2195 1259 2212 ex
1280 2194 1360 2212 nom.
1375 2183 1455 2221 vulg.
1476 2200 1519 2204 —
1540 2182 1588 2221 71)
1606 2183 1655 2211 Sit:
1677 2182 1734 2211 Gu.
1752 2184 1779 2212 1.
1797 2199 1838 2202 -
1856 2186 1936 2208 terra
1951 2180 2006 2206 Li-

1049 2227 1106 2264 ἰυα
1123 2228 1205 2265 vulg.
1223 2246 1260 2250 —-
1287 2228 1334 2263 72)
1352 2226 1402 2255 Sic
1425 2226 1481 2256 Gn.
1502 2229 1529 2256 1.
1546 2242 1587 2246 —
1608 2227 1720 2254 nomin.
1741 2223 1827 2263 quid.
1842 2223 1911 2251 inde
1926 2220 2003 2255 vulg·

1048 2285 1089 2290 —
1105 2269 1173 2298 inde
1185 2281 1243 2299 om.
1257 2269 1312 2298 Gu.
1323 2272 1351 2300 2.
1367 2285 1408 2290 -
1427 2270 1475 2303 73)
1487 2273 1589 2306 aperto
1607 2269 1664 2298 Gn.
1683 2271 1709 2299 1.
1725 2267 1762 2295 al.
1773 2277 1868 2295 va.-—
1885 2265 1929 2297 74)
1943 2260 2004 2287 sole

1048 2311 1084 2339 al.
1103 2322 1148 2350 pr.
1159 2322 1207 2342 va.
1224 2329 1265 2334 —
1286 2311 1331 2350 75)
1343 2311 1451 2339 Lucan.
1465 2310 1531 2340 cod.
1547 2310 1615 2339 add.
1632 2311 1703 2338 Alii
1718 2309 1756 2337 ab
1775 2309 1866 2345 Afra,
1887 2313 1946 2331 ww
1965 2301 2001 2330 de

1048 2355 1204 2393 nepotibus
1228 2355 1336 2384 Clzam.
1356 2370 1396 2376 —
1420 2352 1466 2391 76)
1489 2355 1702 2392 septentrionis
1724 2352 1760 2379 al.
1778 2364 1819 2372 —-
1844 2356 1909 2373 *ΠΟ
1932 2344 2000 2374 add-

1048 2397 1144 2436 vulg.‚
1169 2397 1252 2436 quod
1272 2408 1329 2428 om.
1341 2396 1398 2426 Gu.
1417 2400 1443 2427 1.
1465 2412 1507 2418 —
1531 2398 1579 2433 77)
1603 2396 1769 2434 thacium
1784 2391 1871 2419 Arev.
