2264 2830
800 92 1044 127 ORIGINUM
1078 95 1222 129 LIBER
1248 98 1320 130 Xll.

1957 102 2031 136 ⁴07

326 187 419 219 Tun(-
445 187 566 219 cornia·
588 187 696 231 plena
709 182 733 202 ³³
756 187 916 231 pluviam
941 192 1041 221 vocat
1070 190 1231 234 improba
1258 202 1350 225 voce.

256 237 315 270 ⁴5.

90 290 196 333 gatini
226 291 338 322 volent
354 287 395 330 ³¹⁶,
423 301 499 322 cum
527 289 565 321 sit
593 291 802 323 manifestum
831 302 870 324 ex
894 302 979 325 voce
1007 303 1062 324 eos

91 347 121 373 et
149 342 285 375 vocilius
313 343 545 385 importuninn.

253 393 312 425 415.

367 393 466 425 l'icae
492 393 584 435 quasi
613 389 815 436 pocticae³“',
858 393 949 436 quod
978 395 1078 427 vvrba
1107 396 1137 427 in
1165 396 1351 430 discrimine
1380 397 1470 428 vocis
1497 397 1699 440 exprimant,
1736 403 1771 430 ut
1797 397 1912 431 homo.

89 455 196 476 ramos
225 446 310 476 enim
337 445 492 477 arborum
520 444 688 488 pendulae
711 445 900 488 importuna
924 447 1117 489 garrulitate
1145 453 1314 488 sonantes,
1343 452 1376 480 et
1402 449 1426 480 si
1455 454 1622 491 nequeunt
1645 450 1774 493 linguas
1794 449 1825 482 in
1844 460 1995 483 sermone

369 239 533 271 Graculus
547 235 570 254 ³¹¹
598 250 616 269 a
643 239 838 282 garrulitate
850 235 874 256 ³³³
902 246 1124 284 nuncupatus,
1148 253 1233 282 non,
1261 249 1296 276 ut
1326 243 1462 286 quidam
1496 244 1626 284 volunt,
1654 254 1717 287 pro
1745 255 1803 285 eo,
1831 244 1923 287 quod
1951 256 2030 289 gre-

1075 289 1098 308 ³¹³
1127 296 1319 339 nuncupari.
1374 296 1433 327 Est
1460 292 1606 327 ιιιιῑεηι3ἰὶ
1635 295 1900 339 loquacissimum
1924 307 2030 340 genus

1965 398 2030 430 Per

2010 446 2031 464 111

88 496 273 539 explicare,
300 506 415 528 sonum
443 500 553 528 tamen
580 496 747 528 humanae
774 497 863 529 vocis
890 498 1072 537 imitantur,
1109 499 1151 530 de
1178 511 1243 542 qua
1271 510 1421 543 congrue
1448 500 1583 542 qnidam
1612 502 1656 532 ait
1669 498 1704 530 ¹¹:

313 556 402 588 Pica
430 556 561 599 loquax
588 560 686 588 (τνΙιι
715 557 891 589 dominnm
919 561 951 590 lc
978 569 1060 591 vor-c
1087 559 1210 593 salmo.

394 608 434 640 551·
461 618 516 640 mc
542 619 608 639 mm
634 608 772 648 rideas,
807 620 879 642 csse
905 609 1056 653 negabis
1083 621 1194 644 avem.

249 666 307 700 47.

360 668 457 701 Picus
486 680 504 699 a
531 668 612 701 l'ico
641 668 773 700 Saturni
807 669 878 701 lilio
906 681 1026 702 nomen
1060 670 1222 714 sumpsit,
1271 681 1312 702 eo
1345 670 1437 713 quod
1468 680 1508 702 eo
1522 668 1546 686 ⁴²
1581 670 1611 701 in
1641 670 1792 714 auspiciis
1828 670 1982 702 utebatur
1995 666 2027 700 ⁴³.

85 717 169 749 Nam
197 718 305 750 ferunt
331 717 419 752 hanc
447 716 576 752 111υ111Η
605 720 765 763 quiddam
794 720 920 753 habere
944 721 1108 763 divinum,
1140 721 1199 753 illo
1223 721 1366 762 indicio,
1394 721 1485 765 quod
1511 721 1541 752 in
1565 732 1765 764 quacunque
1792 721 1912 754 arbore
1939 719 2027 752 nidi-

83 768 246 808 ficaverit,
274 768 441 811 clavus⁴³',
469 771 521 803 vel
549 771 708 814 quicquid
737 771 826 803 aliud
856 772 956 804 lixum
973 769 1015 811 ⁴⁶,
1043 772 1099 804 diu
1127 769 1303 806 haerere⁴⁷
1331 785 1396 806 non
1420 770 1582 818 potest⁴⁸,
1610 773 1688 816 quin
1703 769 1726 789 ⁴¹³
1754 773 1860 805 statim
1885 771 2027 811 excidat,

82 820 138 853 ubi
166 833 205 853 ea
218 817 243 837 ⁵⁰
270 821 434 854 insederit.

246 872 306 906 48,

488 822 552 854 Iste
581 828 626 854 est
654 823 746 867 picus
774 823 930 862 Martiusg
958 835 1033 855 nam
1061 824 1125 856 alia
1153 830 1200 857 est
1228 825 1315 870 pica.

360 874 451 906 Paro
479 885 600 906 nomen
628 874 670 906 de
697 885 778 906 sono
814 874 903 907 vocis
938 874 1061 915 habet,
1112 876 1203 909 cuius
1239 887 1318 909 caro
1352 881 1418 909 tam
1451 875 1534 908 dura
1563 883 1630 915 est,
1673 879 1706 907 ut
1736 873 1947 918 putredinem
1976 873 2027 904 xix

81 924 216 963 sentiat,
243 936 306 958 nec
332 925 431 957 facile
459 931 636 968 coquatur,
665 925 708 958 de
735 936 802 969 quo
830 926 968 969 quidam
996 927 1041 960 sic
1067 924 1164 960 ait⁵¹2

311 993 462 1026 Miraris
488 993 642 1037 quotiens
670 998 893 1038 gemmantes
921 995 1075 1039 explicat
1104 996 1193 1035 alas,

390 1045 430 1078 Si
454 1049 552 1089 potes
578 1045 669 1077 hunc
694 1057 800 1078 suevo
827 1046 973 1079 {rudere
1000 1044 1114 1079 dure⁵

358 1113 537 1145 Phasianus
562 1125 580 1145 a
607 1110 789 1146 Phaside5³
816 1115 921 1147 insula
949 1114 1131 1155 Graeciae,
1168 1115 1257 1148 unde
1285 1113 1428 1158 primum
1465 1117 1652 1156 asportatus
1681 1118 1745 1151 est,
1789 1110 1979 1155 appellatur
1990 1105 2023 1141 ²³⁴.

270 1112 281 1131 (

79 1164 234 1196 Testatur
244 1112 303 1196 *ill
320 1168 411 1196 vetus
439 1163 605 1198 distichon
634 1165 717 1197 illud
730 1161 770 1197 ⁵³:

1117 1044 1128 1063 ²
1155 1057 1247 1079 coeo.

306 1232 449 1277 Argiva
474 1229 627 1277 1)νὶ11105ὓ
651 1230 765 1265 sum5⁷
791 1237 1037 1277 transportata
1064 1234 1189 1266 carina
1201 1230 1234 1264 ⁵⁸.

356 1284 449 1316 Ante
475 1285 561 1317 mihi
588 1288 703 1316 nolum
729 1285 777 1317 m‘l
803 1285 869 1316 nisi
895 1284 1025 1317 Phasis
1052 1288 1139 1317 crat.

241 1351 301 1385 50.
353 1351 472 1384 Gallus=
499 1364 517 1383 a
538 1353 734 1384 castratione
760 1356 907 1386 vocatus.

959 1352 1049 1385 Inter
1071 1357 1217 1386 caeteras
1245 1351 1331 1383 enim
1359 1361 1434 1383 aves
1462 1349 1541 1383 huic
1568 1349 1630 1382 soli
1658 1347 1798 1381 testiculi
1820 1347 2017 1380 adimuntur.

77 1404 211 1436 veteres
238 1403 324 1435 enim
352 1403 494 1435 abscisos
519 1403 629 1447 gallos
656 1403 837 1436 vocabant:
864 1403 947 1436 sicut
974 1410 1083 1436 autem
1112 1415 1131 1436 a
1159 1404 1255 1436 leone
1283 1402 1416 1441 leaena,
1444 1406 1474 1433 et
1502 1413 1521 1433 a
1549 1400 1696 1434 dracone
1723 1399 1902 1440 dracaena,
1930 1398 1974 1430 ita
2002 1409 2021 1429 a

75 1455 169 1499 gallo
195 1455 330 1537 gagina.

270 1506 285 1537 1
293 1533 300 1540 .

384 1454 486 1488 Cuius
514 1455 664 1487 membra
692 1451 833 1487 fcrunt⁵⁹
859 1454 1016 1497 quidam,
1044 1467 1057 1487 s

354 1506 443 1538 Anas
455 1502 479 1521 ‘³⁴
506 1507 548 1538 ab
583 1506 772 1539 assiduitate
799 1505 932 1538 natandi
960 1511 1076 1550 aptum
1103 1517 1225 1539 nomen
1261 1503 1401 1548 accepit.

1912 1445 1959 1465 ’63

1058 1451 1103 1487 1⁶⁰
1130 1465 1212 1486 auro
1240 1449 1467 1496 liquescenti⁶¹
1497 1452 1693 1485 misceantur
1704 1446 1746 1490 ⁶²,
1774 1461 1922 1483 consumi
1961 1474 1968 1480 .

1468 1504 1520 1536 Ex
1553 1499 1658 1545 quoffl
1691 1512 1816 1546 genere
1853 1499 2019 1543 quaedam

74 1569 253 1602 germanae
280 1557 449 1596 dicuntur,
485 1556 576 1599 quod
606 1557 681 1601 plus
709 1557 846 1590 caeteris
873 1558 1024 1591 nutriant.

235 1607 295 1643 52.
350 1605 503 1640 Anseriffi
531 1619 653 1641 nomen
688 1620 765 1641 anas
793 1608 887 1640 dedit
924 1619 986 1652 per
1013 1608 1271 1647 derivationem,
1312 1605 1363 1638 vel
1392 1617 1411 1637 a
1438 1603 1671 1643 similitudine,
1714 1603 1767 1635 vel
1795 1601 1887 1645 quod
1914 1598 2019 1645 ipsam

72 1659 206 1694 natandi
231 1659 450 1702 frequentiam
487 1658 620 1692 habeat.
682 1660 746 1693 Iste
778 1659 908 1703 vigilias
936 1660 1040 1693 noctis
1068 1659 1257 1692 assiduitate
1284 1653 1486 1701 clangoris‘⁵'³
1512 1659 1657 1688 testatur.
1712 1653 1847 1686 Nullum
1858 1650 1881 1669 ¹³⁰
1909 1658 2018 1685 autem

72 1711 193 1744 animal
220 1711 263 1744 ita
291 1710 431 1744 odorem
458 1710 602 1747 hominis
628 1712 739 1754 sentit,
781 1716 816 1743 ut
843 1722 952 1744 anser:
993 1711 1084 1744 unde
1111 1716 1144 1744 et
1170 1710 1331 1754 clangore
1366 1708 1433 1740 eius
1461 1707 1639 1740 Gallorum
1668 1716 1817 1740 ascensus
1852 1705 1884 1736 in
1912 1703 2015 1748 Capi—

71 1759 187 1796 tolio⁷⁰
213 1762 441 1806 deprehensus
466 1766 524 1797 est.

71 1887 112 1894 —
134 1873 179 1909 34)
204 1872 355 1899 Graculos
379 1893 385 1899 .
408 1893 414 1899 .
436 1878 628 1911 nuncupatos
650 1872 687 1900 al.
710 1888 750 1892 —
772 1871 818 1910 35)
841 1874 925 1900 vocis
948 1871 1017 1901 add.
1062 1872 1141 1909 vulg.
1165 1888 1205 1892 —-
1236 1870 1284 1907 53)
1307 1868 1425 1897 Fasida
1448 1870 1504 1896 Gu.
1520 1871 1546 1898 l.
1573 1886 1606 1889 —
1633 1866 1679 1905 54)
1704 1866 1753 1894 Sic
1776 1866 1833 1893 Gu.
1850 1868 1876 1912 1ἶ
1901 1882 1936 1886 —-
1961 1875 2014 1902 up-

72 1915 128 1944 Gu.
152 1917 179 1946 2.
202 1930 241 1935 —
265 1912 313 1953 36)
338 1913 416 1941 volet
439 1914 474 1941 al.
496 1930 536 1935 --
568 1916 616 1953 37)
639 1915 688 1942 Sic
712 1914 770 1943 Gu.
791 1917 817 1945 1.
840 1917 868 1946 2.
885 1930 927 1936 -—
951 1924 1018 1941 eum
1055 1915 1191 1953 pellatam
1213 1913 1293 1950 vulg.
1313 1928 1356 1934 —
1382 1913 1430 1948 55)
1454 1911 1530 1938 illuc
1553 1910 1610 1937 Gu.
1628 1912 1656 1941 2.
1672 1918 1719 1937 va.
1734 1925 1774 1929 —
1791 1907 1907 1936 Martial
1932 1906 2015 1942 XIII,

70 1958 150 1994 vulg.
173 1973 212 1977 —
236 1954 284 1996 38)
308 1957 386 1983 enim
409 1956 464 1984 Gu.
483 1959 511 1987 2.
532 1957 580 1986 Ar.
603 1973 644 1979 —-
667 1954 713 1996 39)
731 1958 884 1995 poetricae
908 1955 956 1986 Ar.
977 1971 1018 1977 —·
1060 1959 1109 1988 72.
1131 1972 1172 1978 -
1195 1954 1242 1995 56)
1266 1955 1314 1983 Sic
1337 1955 1395 1983 Gu.
1419 1957 1444 1985 1.
1467 1955 1495 1983 2.
1518 1953 1546 1984 4.
1564 1962 1610 1991 pr.
1635 1952 1685 1980 Ar.
1707 1967 1748 1972 —
1772 1952 1908 1989 primum
1933 1949 2013 1986 vulg.

1061 1999 1125 2028 Om.
1148 2009 1196 2028 va.
1222 2016 1260 2020 —-
1292 1998 1339 2032 57)
1362 2001 1434 2024 sant
1458 1996 1514 2023 Gu.
1538 1998 1564 2025 1.
1594 2010 1634 2016 —-
1664 1995 1709 2029 58)
1737 1995 1845 2021 carina
1874 2003 1929 2022 om.
1956 1991 2012 2019 Gu.

69 2000 117 2038 40)
139 1999 188 2027 Sic
212 1999 267 2027 Gu.
290 2000 315 2028 1.
340 2015 374 2019 —
401 1999 526 2037 linguas
549 2001 580 2027 in
601 2011 685 2028 serm.
709 2010 773 2038 neq.
797 2000 877 2037 vulg.
899 2014 941 2021 -
964 2009 1016 2025 ne-

70 2047 181 2081 queant
213 2041 269 2071 GU.
288 2042 317 2071 2.
345 2056 385 2061 --
417 2040 465 2078 41)
493 2041 617 2071 Martial.
640 2042 729 2078 XIV,
753 2044 801 2073 76.
828 2059 870 2063 —
904 2041 952 2077 49.)
984 2051 1015 2068 eo
1062 2045 1087 2073 1.
1119 2058 1160 2063 —
1190 2040 1237 2076 59)
1268 2046 1302 2067 ut
1322 2041 1435 2076 ferunt
1464 2039 1520 2066 Gu.
1549 2040 1577 2068 2.
1607 2054 1648 2058 —
1686 2038 1730 2073 60)
1755 2037 1810 2064 etsi
1834 2035 1890 2064 Gu.
1918 2037 1944 2064 1-
1974 2049 2010 2054 —

68 2095 125 2126 pro
148 2095 181 2111 ea
206 2084 260 2112 Gu.
282 2086 306 2112 1.
332 2098 372 2103 —
394 2081 440 2119 43)
464 2083 511 2111 Sic
535 2084 591 2112 Gu.
609 2087 634 2115 1.
651 2087 677 2115 2.
696 2094 742 2124 pr.
759 2094 806 2115 va,
822 2084 873 2115 Ar.
891 2100 931 2104 —
951 2088 1015 2111 ute·
1058 2082 1104 2124 61)
1128 2083 1257 2122 liquenti
1279 2082 1335 2112 Gu.
1358 2085 1385 2113 1.
1407 2097 1447 2102 —
1471 2082 1515 2116 69)
1541 2081 1705 2107 misceatur
1727 2089 1774 2107 va.
1797 2094 1838 2101 --
1868 2078 1915 2113 63)
1939 2086 2011 2103 cun-

68 2128 181 2156 bantur
202 2126 283 2163 vulg.
310 2141 350 2145 —-
378 2123 429 2163 44)
452 2136 537 2153 avem
559 2126 660 2155 addidi
683 2137 698 2155 e
722 2127 780 2156 Gu.
806 2130 832 2158 1.
853 2130 881 2158 2.
907 2137 952 2155 va.
975 2141 1016 2147 —
1059 2128 1141 2154 sumi
1162 2128 1249 2154 aiunt
1272 2125 1328 2154 Gu.
1347 2127 1374 2155 1.
1396 2139 1432 2146 —-
1459 2124 1504 2157 64)
1528 2122 1638 2150 Anam·
1658 2121 1715 2149 Gu.
1737 2124 1767 2155 2.
1792 2138 1829 2142 -
1853 2123 1898 2153 65)
1923 2128 2009 2166 ε’φιῑ)

68 2168 114 2210 45)
138 2170 262 2198 clavum
285 2168 341 2197 Gu.
364 2170 391 2197 1.
415 2167 452 2195 al.
480 2178 526 2196 va.
555 2185 597 2190 —
626 2166 672 2208 46)
696 2170 794 2205 fuerit
826 2169 893 2198 add.
924 2168 1015 2205 vulg„
1060 2179 1104 2197 va.
1129 2185 1165 2189 —
1192 2168 1240 2205 66)
1263 2168 1392 2195 Anseris
1416 2166 1472 2195 Gu.
1494 2168 1520 2196 1.
1536 2167 1564 2196 2.
1589 2165 1626 2194 al.
1650 2181 1691 2186 —
1714 2163 1759 2202 67)
1776 2163 1862 2201 Vulg.
1885 2167 1912 2189 et
1929 2169 2008 2205 ιΡσιξ,

69 2212 119 2240 sed
151 2222 208 2240 om.
237 2212 294 2238 Gu.
318 2213 344 2241 1.
361 2212 389 2240 2.
416 2209 452 2238 al.
484 2226 519 2232 —
555 2209 601 2251 47)
628 2211 734 2239 habere
755 2212 790 2241 al.
815 2228 857 2233 —
894 2212 942 2246 48)
967 2211 1016 2238 Sic
1059 2211 1110 2240 sed
1143 2217 1169 2239 et
1193 2221 1250 2239 om.
1276 2211 1333 2238 Gu.
1352 2212 1378 2239 1.
1401 2219 1449 2237 va.
1480 2223 1521 2228 —
1560 2209 1623 2246 ipse
1645 2208 1695 2235 Ar.
1724 2222 1766 2228 --
1797 2205 1842 2244 68)
1866 2204 2006 2231 clamores

69 2255 124 2283 Gu.
147 2259 173 2285 1.
196 2257 222 2285 2.
244 2253 278 2280 al.
305 2269 346 2274 —
371 2253 471 2290 possit
498 2253 578 2291 vulg.
599 2269 640 2275 ——
669 2254 714 2289 49)
742 2255 796 2291 qui
819 2265 879 2282 non
903 2254 959 2283 Gu,
984 2257 1012 2284 Q.
1059 2254 1114 2283 Gu.
1141 2256 1168 2285 2.
1189 2269 1231 2275 —
1258 2255 1303 2286 69)
1328 2253 1437 2280 Fertur
1467 2256 1570 2278 autem
1599 2250 1676 2278 null.
1707 2259 1756 2276 an.
1787 2250 1832 2275 ita
1861 2244 1904 2273 ocl-
1927 2243 2004 2269 lwm·

68 2313 109 2319 —
136 2295 182 2335 50)
206 2295 254 2327 Sic
278 2294 332 2323 Gu.
351 2297 377 2325 1.
397 2297 428 2326 2.
453 2294 501 2324 Ar.
523 2312 565 2317 —
595 2296 652 2323 illa
680 2295 760 2333 vulg.
787 2312 827 2318 —
860 2297 909 2334 51)
934 2296 1012 2324 Mar-

70 2339 128 2367 tial.
152 2338 232 2374 XIII,
252 2339 302 2368 70.
325 2354 365 2357 -
390 2339 434 2374 52)
459 2338 506 2365 Sic
523 2340 570 2368 Ar.
597 2354 635 2359 —·
660 2337 738 2365 αἰινα
762 2338 860 2369 Gu.1.
885 2357 921 2361 -—
947 2340 1011 2366 iure

1056 2298 1162 2324 sentire
1185 2296 1241 2326 Gu.
1262 2298 1290 2326 2.
1316 2312 1353 2317 -
1375 2292 1423 2333 ¹70)
1448 2294 1565 2321 Romae
1588 2291 1654 2320 add.
1677 2291 1734 2319 Gu.
1753 2293 1780 2321 2.
1806 2299 1851 2318 va·
