2264 2830
847 108 1092 143 ORIGJNUM
1128 110 1272 144 LlBER
1300 112 1339 146 V.

1998 113 2072 146 163

288 206 346 239 22.
399 206 573 239 Peculatus
586 200 610 220 ³³
637 204 796 237 iudicium
824 204 857 236 in
884 215 941 237 eos
969 204 1083 245 (latur,
1109 206 1164 248 qni
1192 205 1345 238 fraudem
1375 205 1502 237 aerario
1530 203 1665 243 faciunt,
1692 204 1936 247 pecuniamque
1964 207 2072 250 publi-

123 270 197 292 cam
225 258 438 291 intervertunt
450 254 484 291 ³¹.

122 310 247 343 furtum
283 311 329 342 rei
368 309 527 353 publicae
540 305 580 349 ³⁷,
619 308 701 341 sicut
735 309 781 340 rei
816 308 975 352 privatae.

122 373 302 396 sacrorum.

288 412 346 444 23.
400 410 676 455 Repetundarum
705 416 896 451 accusatur,
934 411 990 454 qui
1019 412 1177 455 pecunias
1205 424 1223 444 a
1251 411 1346 444 sociis
1375 411 1474 455 cepit.

125 465 304 505 moriatur,
331 463 363 495 in
390 463 479 494 bona
508 462 575 494 eius
601 462 760 495 iudicium
790 462 949 495 redditur.

290 514 348 549 2⁴.

539 257 623 289 Nam
652 253 705 288 21³⁵
733 256 874 300 pecunia
902 258 1077 300 peculatus
1106 264 1153 289 est
1180 258 1304 290 (lictum
1332 257 1491 289 iudicium

1036 310 1123 342 Nam
1160 309 1216 343 ille
1249 311 1296 344 sic
1330 309 1494 342 iudIcatur
1531 314 1566 342 ut
1599 308 1796 352 sacrilegus,
1830 309 1907 351 quia
1941 309 1993 341 sur
2028 316 2077 343 est

1503 254 1537 291 aas·
1592 256 1667 288 Non
1695 262 1805 288 autem
1833 256 1878 289 sic
1911 258 2075 292 iudicatur

1529 411 1564 442 ln
1593 410 1661 444 hoc
1688 410 1811 445 iudicio
1840 422 1914 445 reus
1947 412 1973 445 si
2000 417 2076 447 ante

401 514 520 547 luces-ti
553 513 712 547 iudicium
748 515 779 546 in
814 515 957 559 virgines
999 518 1161 555 sacratas,
1204 510 1293 547 “21³⁸
1334 513 1541 558 propinquas
1574 513 1734 558 sanguiue
1772 515 1984 548 constitutum
2018 520 2075 551 est,

125 566 193 608 Qui
220 567 305 599 enim
333 566 452 599 talibus
481 562 790 606 commiscenturffl,
820 566 953 606 incesti,
981 564 1014 597 id
1044 570 1092 598 est
1119 566 1233 598 incaati
1260 565 1436 600 habentur.

289 624 346 659 25.

403 626 585 659 Maiestatis
613 632 705 659 reatu
732 631 883 659 tenentur
911 626 948 666 ii,
977 627 1034 668 qui
1062 627 1190 670 regiam
1214 625 1418 658 maiestatem
1446 620 1659 666 laeseruntffl,
1695 624 1748 656 vel
1774 624 1998 667 violaverunt,
2025 627 2077 660 vel

124 679 181 722 qui
208 679 454 722 rempublicam
482 677 718 721 prodiderunt,
743 679 793 711 vel
823 689 898 712 cum
926 677 1077 710 hostibus
1105 682 1348 711 consenserunt.

123 791 261 825 quoquo
289 730 405 816 ‹illline
431 781 606 826 expianda.

469 884 496 918 C
524 884 555 918 A
582 884 620 917 P.
672 883 812 919 xxvll.

402 730 575 762 Piaculum
600 730 744 772 (lictum,
776 741 839 774 pro
867 741 907 763 eo
935 730 1029 773 quod
1042 726 1063 745 ³¹
1095 729 1221 774 expiari
1256 733 1385 773 potest3
1420 727 1597 760 commissa
1623 731 1696 759 sunt
1724 727 1830 768 enim,
1867 740 1953 772 quae
1987 733 2078 761 erant

887 883 951 917 De
978 883 1143 929 poenis
1176 883 1217 916 in
1250 882 1430 928 legibus
1464 880 1741 915 constitutis.

293 961 324 995 l..
377 961 564 1005 Dupliciter
591 961 716 993 malum
745 960 955 1005 appellatum
984 957 1082 1000 θείη,
1110 971 1230 1001 unum,
1259 959 1351 1003 quod
1377 959 1481 991 homo
1510 957 1609 997 facit,
1636 957 1796 999 alterum,
1824 957 1917 1000 quod
1946 958 2077 1001 patitur.

127 1011 230 1052 Quod
254 1012 349 1052 facit,
377 1017 553 1057 peccatum
579 1018 641 1049 esu
669 1013 761 1056 quod
790 1012 924 1056 patitur,
951 1023 1071 1056 poena.
1112 1011 1245 1045 Malum
1272 1017 1381 1044 autem
1411 1016 1488 1044 tunc
1515 1009 1654 1054 plenum
1683 1019 1746 1050 est,
1782 1020 1858 1042 cum
1887 1014 1920 1041 et
1945 1014 2079 1054 praete-

126 1064 224 1096 ritum
252 1070 319 1107 est,
347 1070 379 1097 et
406 1064 578 1108 impendet
589 1060 630 1105 ⁴³,
658 1069 693 1097 ut
714 1064 754 1097 sit
781 1064 881 1097 dolor
895 1060 918 1080 ⁴⁴
947 1069 979 1096 et
1006 1068 1120 1097 metus.

966 1125 1026 1157 Est
1053 1129 1163 1156 autem
1194 1122 1380 1167 epithetum
1413 1120 1632 1154 necessarium
1644 1116 1686 1160 ⁴⁵,
1723 1123 1755 1151 et
1789 1119 1856 1151 >ine
1892 1118 2080 1152 adiectione

291 1123 323 1158 2.
378 1125 491 1157 Poena
515 1124 618 1163 dicta,
660 1124 753 1166 quod
787 1124 913 1168 puniat.

126 1185 191 1208 non
214 1173 317 1208 habet
339 1176 477 1220 plenum
499 1187 645 1209 sensum:
673 1175 787 1209 atliicis
803 1173 823 1192 ¹¹⁵
844 1172 989 1220 ΡοοιιῑιΗ
1012 1175 1165 1214 carceris,
1189 1186 1299 1219 poena
1320 1174 1418 1215 exilii,
1439 1183 1549 1217 poena
1572 1171 1699 1212 mortis,
1721 1176 1753 1203 et
1777 1170 1898 1214 imples
1922 1181 2032 1203 sensus
2044 1166 2078 1203 ⁴⁸.

290 1235 325 1271 3.
380 1236 593 1280 Supplicium
621 1235 759 1279 proprie
787 1235 914 1268 dictum
926 1232 950 1252 ⁴⁹
976 1247 1042 1267 non
1067 1235 1122 1277 qui
1152 1245 1290 1277 quoquo
1318 1233 1421 1265 modo
1436 1229 1461 1249 ⁵⁰
1487 1232 1638 1276 punitur,
1667 1229 1724 1262 sed
1754 1230 1796 1262 ita
1824 1229 2015 1271 damnatur,
2044 1234 2080 1262 ut

126 1288 215 1320 bona
249 1287 317 1319 eius
352 1283 620 1321 consecrentur³¹

649 1292 681 1318 et
714 1287 746 1318 in
780 1282 955 1330 publico⁵²
988 1286 1193 1330 redigantur.

1254 1286 1340 1318 Nam
1376 1283 1540 1327 supplicia
1573 1282 1770 1316 dicebantur
1801 1281 2078 1325 supplicamenta.

128 1339 172 1371 Et
199 1339 402 1382 supplicium
432 1338 569 1377 (licitur,
594 1337 638 1369 (le
665 1338 756 1369 cuius
784 1337 998 1369 danmatione
1026 1337 1192 1369 delibatur
1218 1335 1344 1379 aliquid
1367 1331 1494 1377 l)e0⁵³³‚
1523 1334 1611 1367 unde
1640 1338 1673 1366 et
1685 1328 1709 1348 5⁴
1734 1333 1934 1376 supplicare.

292 1389 326 1421 4.
381 1390 471 1423 Octo
497 1401 624 1435 genera
650 1399 836 1432 poenarum
863 1389 896 1422 in
922 1388 1055 1434 legibus
1078 1388 1239 1423 contineri
1265 1388 1398 1421 Tullius
1426 1387 1556 1431 scripsit
1568 1382 1609 1426 5³,
1637 1384 1673 1418 id
1700 1380 1781 1416 est⁵¹³
1808 1383 1979 1426 damnum,
2006 1384 2079 1416 vin-

129 1499 187 1526 Gu.
206 1501 231 1530 1.
250 1500 279 1529 2.
296 1498 333 1527 al.
358 1508 403 1536 pr.
418 1507 464 1526 va.
480 1515 519 1519 -
539 1497 718 1535 peculatum
742 1501 784 1524 est
802 1495 918 1524 <lictum
935 1496 1086 1525 iudicium

128 1541 245 1575 Gu.1.,
269 1550 304 1568 ex
330 1550 389 1578 quo
414 1539 516 1568 addidi
540 1538 694 1566 iudicium
717 1543 745 1567 et
768 1537 884 1567 dictum
908 1539 1023 1578 scripsi.
1045 1556 1084 1560 —

127 1581 174 1622 37)
198 1583 245 1610 Sic
262 1582 318 1611 Gu.
336 1587 361 1613 1.
379 1585 407 1614 2.
431 1592 477 1621 pr.
500 1591 547 1610 va.
569 1598 606 1603 -—
629 1581 773 1620 publicae
794 1583 838 1609 rei
860 1582 940 1619 vulg.
963 1598 1005 1602 —
1037 1580 1084 1621 33)

127 1625 176 1653 Sic
198 1625 255 1654 Gu.
271 1629 298 1656 1.
315 1627 343 1655 2.
368 1635 415 1653 va.
433 1626 483 1653 Ar.
502 1640 535 1645 —
561 1625 624 1652 σιίἐ
646 1626 677 1652 in
695 1635 784 1663 prop.
808 1624 890 1662 vulg.
917 1640 950 1646 —
977 1626 1025 1662 39)
1035 1625 1084 1652 Sic

127 1668 184 1696 Gu.
203 1670 228 1698 1.
242 1685 284 1689 —
306 1667 393 1705 Vulg.
411 1668 573 1696 miscentur
594 1683 629 1689 —
658 1669 832 1694 miscmztur
855 1668 909 1695 Gu.
926 1670 954 1699 2.
973 1676 1018 1706 pr.
1043 1683 1080 1689 —

126 1709 177 1749 40)
201 1710 250 1738 Sic
280 1711 338 1740 Gu.
359 1714 385 1741 1.
410 1721 459 1739 va.
484 1710 533 1739 Ar.
565 1727 603 1732 -—·
635 1708 829 1738 deseruerunt
853 1710 934 1747 vulg.
961 1727 999 1732 -—
1031 1708 1082 1748 41)

128 1753 177 1781 Sic
193 1753 249 1781 Gu.
271 1758 296 1784 ι.
319 1755 346 1783 2.
372 1763 416 1791 pr.
431 1763 476 1782 va.
491 1752 527 1780 al.
551 1769 588 1773 —
617 1751 700 1791 qaod
724 1753 785 1781 sine
804 1763 861 1791 pro
885 1763 916 1779 eo
941 1752 1024 1789 vulg.
1042 1768 1083 1773 —

127 1811 169 1818 —
191 1795 238 1834 42)
262 1795 310 1823 Sic
328 1796 384 1823 Gu.
403 1798 430 1826 1.
448 1795 485 1824 al.
507 1811 550 1817 —-
571 1796 748 1833 appellatur
769 1796 850 1833 vulg.
874 1810 912 1816 ·—
936 1795 982 1832 43)
997 1794 1082 1832 vulg.

129 1843 155 1865 et
179 1839 293 1876 impetit
308 1838 483 1877 praeponit,
509 1847 569 1876 seq.
592 1838 639 1865 vel
665 1837 829 1876 zmpendet5
854 1837 940 1876 prius
954 1838 1081 1867 om.Gu.

131 1883 158 1912 1.
175 1883 204 1912 2.
221 1890 265 1920 pr.
287 1890 332 1909 va.
354 1881 403 1911 Ar.
425 1897 467 1903 —
491 1879 638 1919 impendit
662 1882 720 1910 Gu.
739 1884 764 1912 1.
790 1884 818 1912 2.
843 1890 888 1919 pr.
911 1890 957 1908 va.
981 1880 1019 1909 al.
1042 1898 1081 1904 —-

129 1928 155 1951 et
178 1923 293 1961 impetit
317 1928 342 1950 et
365 1921 511 1961 impendit
533 1923 572 1951 al.
609 1939 643 1944 —
676 1925 725 1961 44)
748 1929 773 1951 ec
797 1922 886 1950 dolor
909 1923 966 1951 Gu.
985 1925 1014 1953 2.
1037 1933 1084 1961 pr.

129 1976 177 1994 va.
196 1966 247 1994 Ar.
270 1983 306 1988 -—-
333 1965 382 2005 45)
399 1966 447 1994 Sic
470 1967 556 1994 Arev.
580 1976 635 2004 pro
652 1967 732 2004 vulg.
756 1976 877 2002 nomen,
903 1964 984 2003 quod
999 1970 1083 1994 recte

130 2008 224 2037 Grial.
253 2012 351 2036 ortum
375 2008 449 2036 dicit
470 2018 486 2036 e
510 2008 689 2046 compendio
713 2019 797 2046 nem,
828 2007 909 2047 quod
933 2008 971 2036 sit
997 2008 1026 2035 iu
1049 2008 1083 2036 li-

129 2051 184 2080 bro
208 2051 347 2080 Salmant.
391 2050 436 2078 Al.
462 2052 665 2079 necessarium
690 2062 805 2081 nomen.
834 2066 875 2073 —
912 2048 958 2090 46)
982 2049 1083 2078 adicis

132 2094 229 2125 Gu‚1,
247 2095 276 2125 2.
296 2109 329 2114 —
355 2094 405 2130 47)
424 2103 556 2130 poenam
575 2098 619 2122 ter
643 2095 697 2122 Gu.
715 2096 741 2125 1.
765 2094 801 2122 al.
823 2109 865 2115 —
890 2091 937 2132 48)
954 2093 1003 2121 Sic
1025 2094 1082 2122 Gu-

133 2139 214 2167 1.—-
237 2146 358 2164 sensum
379 2136 461 2172 vulg.
483 2151 526 2157 -—
554 2136 599 2175 49)
623 2136 670 2164 Sic
695 2136 752 2165 Gu.
781 2136 865 2168 1.,al.
893 2153 930 2157 —
966 2134 1082 2164 dicitur

132 2178 212 2216 vulg.
235 2195 273 2200 —
301 2179 350 2215 50)
374 2178 423 2205 Sic
447 2177 514 2206 edit.
537 2187 584 2205 va.
607 2179 719 2218 optime
743 2179 886 2215 omnium,
901 2182 934 2206 ut
950 2178 1081 2215 videtur,

131 2220 275 2249 librorum
300 2220 456 2258 genuinam
486 2221 640 2258 scriptoris
668 2231 787 2250 manum
811 2221 951 2250 servavit.
1006 2221 1081 2250 Nam

132 2263 223 2293 codd.
244 2263 383 2299 turbant,
407 2272 533 2301 quorum
558 2263 614 2291 Gu.
634 2265 660 2293 1.
684 2263 823 2293 exhibet:
847 2274 907 2292 non
931 2263 1082 2302 quomodo

128 2307 267 2345 punitur.
299 2306 354 2333 Gu.
382 2308 410 2336 2.
436 2315 479 2344 pr.
499 2315 560 2332 non
589 2306 644 2344 qui
666 2305 815 2344 quomodo
835 2318 909 2345 pun.
955 2306 999 2336 Al.
1024 2317 1083 2334 non

133 2359 192 2388 quo
213 2358 289 2388 pun·
323 2348 413 2376 Arevn
445 2359 502 2375 '1071
538 2358 597 2386 quo
628 2349 698 2386 quid*
727 2360 848 2387 quoquo
875 2347 964 2377 WOdO
987 2350 1082 2387 Falli-

133 2396 194 2422 tur.
239 2390 326 2430 Vulg.
349 2401 409 2419 non
431 2401 489 2429 quo
512 2391 582 2429 quis
610 2401 685 2429 pan.
729 2391 813 2427 Quae
844 2396 1010 2430 sequuntur
1031 2390 1086 2420 sed

1129 1498 1173 1525 ita
1197 1495 1364 1524 damnatur
1387 1494 1457 1523 dedi
1481 1504 1495 1522 e
1519 1494 1575 1521 Cu.
1594 1495 1622 1524 1.
1637 1495 1666 1524 2.
1691 1492 1728 1519 al.
1748 1501 1812 1527 va.‚
1847 1502 1938 1529 quum
1961 1492 2080 1529 vulgata

1129 1539 1184 1568 sit:
1208 1537 1262 1566 sed
1282 1540 1335 1576 qui
1358 1539 1403 1565 ila
1421 1536 1595 1564 damnatur.
1620 1535 1706 1563 Arev.
1723 1533 1778 1561 secl
1800 1544 1893 1572 quum
1917 1536 1961 1562 ι’ία
1980 1534 2081 1563 damn.

1129 1597 1170 1604 -—
1194 1583 1238 1619 51)
1269 1585 1481 1608 conserventur
1504 1589 1551 1607 va.
1586 1594 1627 1600 —
1665 1579 1709 1612 52)
1732 1578 1765 1604 in
1790 1576 1950 1614 publicum
1974 1577 2010 1605 al.
2039 1593 2081 1599 —

1129 1624 1177 1661 53)
1200 1635 1219 1652 a
1242 1623 1295 1651 (leo
1318 1633 1364 1662 pr.
1389 1641 1427 1645 —-
1450 1621 1572 1650 domino
1597 1620 1634 1650 al.
1658 1635 1700 1641 —
1731 1618 1767 1646 de
1789 1630 1821 1646 eo
1842 1620 1879 1648 al.
1913 1636 1951 1641 —-
1983 1617 2031 1658 54)
2054 1626 2080 1648 et

1125 1665 1206 1694 mule
1226 1667 1283 1694 Gu.
1308 1669 1333 1697 1,
1357 1682 1400 1688 --
1430 1664 1475 1704 55)
1499 1665 1548 1692 Sic
1571 1663 1626 1693 Gu.
1644 1666 1670 1694 1.
1686 1661 1723 1690 al.
1746 1679 1786 1684 -—
1810 1662 1913 1690 scribit
1936 1662 2016 1700 vulg.
2039 1678 2081 1684 —

1124 1709 1175 1747 56)
1199 1710 1248 1738 Sic
1273 1709 1329 1739 Gn.
1358 1711 1385 1739 1.
1412 1711 1441 1739 2.
1464 1718 1510 1746 pr.
1530 1717 1576 1736 va.
1600 1722 1642 1728 --
1672 1705 1786 1732 scilicet
1810 1704 1891 1743 vulg.
1936 1705 2080 1733 ⁴Neutrum

1124 1751 1233 1781 horum
1259 1751 1380 1780 exhibet
1406 1751 1494 1780 Arev.
1540 1748 1598 1778 Sed
1628 1747 1709 1786 quod
1742 1747 1832 1776 Orell.
1857 1747 1895 1775 ad
1919 1747 1979 1775 cic.
2003 1747 2080 1786 Opp.

1126 1795 1190 1823 Vol.
1210 1795 1260 1823 IV.
1283 1795 1314 1823 P.
1339 1794 1361 1822 Ι.
1384 1805 1413 1832 p.
1437 1794 1509 1825 572.
1530 1792 1560 1820 in
1582 1791 1697 1828 Fragm.
1721 1790 1757 1819 ad
1781 1789 1873 1818 libros
1899 1789 1935 1818 de
1957 1790 2081 1828 Legibus

1125 1842 1209 1866 notat
1230 1848 1259 1866 n.
1279 1839 1325 1873 8.‚
1348 1836 1517 1874 ambiguum
1540 1844 1619 1869 esse,
1644 1837 1744 1862 utrum
1765 1832 1824 1861 hoe
1844 1831 2006 1870 significet:
2029 1833 2080 1868 „in

1125 1881 1239 1918 legibus
1255 1879 1433 1915 Romanis‚“
1457 1879 1497 1907 ila
1513 1883 1545 1906 ut
1560 1878 1644 1906 locus
1666 1876 1780 1915 petitus
1799 1885 1861 1904 esse
1881 1875 1975 1914 possit
1992 1875 2079 1905 etiam

1125 1933 1141 1952 e
1164 1923 1248 1952 libris
1271 1922 1307 1951 de
1331 1922 1510 1960 Republica,
1541 1924 1624 1949 tanto
1653 1929 1744 1958 opere
1772 1917 1807 1947 ab
1833 1918 1997 1956 Augustino
2021 1918 2079 1946 tri-

1126 1966 1180 2002 tis3
1205 1966 1292 2001 (Nam
1316 1965 1396 2003 apud
1420 1963 1546 1992 eundem
1577 1967 1679 1991 extant
1703 1972 1754 1998 ea,
1794 1970 1869 1999 quae
1892 1963 1965 1990 citat
1984 1960 2079 1989 Isido-

1125 2018 1192 2045 ruS,
1217 2008 1267 2037 lib.
1289 2007 1326 2036 de
1349 2007 1411 2036 Civ.
1439 2006 1490 2035 Dei
1511 2005 1599 2041 XXI,
1623 2002 1687 2044 11.)
1710 2015 1764 2041 an,
1786 2003 1839 2040 „in
1858 2002 1945 2032 libris
1970 2004 2079 2039 Legum

1126 2062 1149 2080 s.
1175 2051 1212 2080 de
1233 2050 1389 2087 Legibus.“
1434 2049 1516 2085 Hoc,
1539 2049 1678 2086 inquam.
1702 2057 1763 2076 non
1788 2045 1911 2074 dubium
1937 2055 1998 2075 esse
2018 2056 2077 2083 po-

1124 2098 1197 2131 test,
1222 2094 1292 2132 quin
1315 2092 1352 2121 ad
1375 2097 1515 2121 neutrum
1542 2090 1649 2120 horum
1673 2089 1818 2127 librorum
1847 2088 2018 2117 referendus
2040 2087 2077 2115 sit

1124 2136 1174 2165 hic
1197 2135 1350 2164 Ciceronis
1373 2136 1465 2163 locus.
1509 2133 1638 2173 Impedit
1660 2133 1736 2162 enim
1759 2131 1921 2161 verborum
1945 2130 2075 2159 colloca-

1124 2180 1167 2208 tio
1191 2184 1219 2207 et
1243 2178 1321 2217 apud
1346 2178 1454 2207 isidor.
1479 2181 1509 2206 et
1532 2176 1614 2215 apud
1637 2176 1779 2213 August„
1808 2175 1880 2213 quin
1906 2173 2075 2202 alterutram

1123 2222 1297 2250 sententiam
1320 2221 1546 2259 amplectamur.
1591 2219 1665 2248 Nam
1688 2218 1847 2247 verborum
1863 2216 1939 2246 ordo
1961 2218 2074 2260 est-ta-

1123 2264 1177 2301 lis,
1201 2270 1233 2293 ut
1257 2264 1345 2303 plane
1369 2274 1427 2292 non
1450 2262 1616 2300 intelligere
1640 2261 1724 2290 nobis
1747 2260 1852 2295 liceat,
1876 2269 1891 2288 e
1915 2267 1972 2295 quo
1987 2256 2073 2303 Cice-

1124 2307 1207 2336 renis
1230 2306 1307 2335 libro
1339 2307 1422 2335 locus
1453 2306 1492 2334 sit
1517 2305 1701 2342 desumptus.
1753 2302 1860 2332 Similis
1891 2304 1986 2328 autem
2010 2307 2072 2327 elus

1125 2350 1276 2389 reperitur
1299 2359 1346 2388 ap.
1370 2348 1495 2377 eundem
1522 2347 1544 2376 I.
1567 2347 1603 2375 de
1627 2347 1709 2376 Orat.
1729 2355 1754 2375 c.
1781 2345 1832 2378 43,
1857 2342 1923 2374 194.
1942 2341 2071 2370 sitia...

1123 2392 1283 2421 hominum
1305 2398 1396 2431 atque
1407 2389 1540 2430 fraudes
1562 2389 1693 2423 damnis,
1713 2385 1904 2426 ignominiis,
1926 2383 2070 2420 vinculis,

1582 2431 1660 2465 Χ*
