2255 2819
176 126 251 163 598

178 221 313 256 Cretam
340 214 420 249 abiit
445 213 559 255 ibique
585 205 789 250 aliquamdiu
816 206 895 248 fuit,
930 211 965 238 ut
999 205 1134 239 fabulae
1169 205 1288 237 ferunt.

179 274 263 307 ciam
290 267 387 302 venit.

344 317 403 351 10,
457 312 607 345 Circinus
635 308 753 348 dictus,
781 308 872 350 qnod
899 307 1072 352 vergendo
1096 303 1221 340 efficit3
1248 303 1427 339 circulos&

868 112 1045 149 ISIDORI
1081 111 1261 147 HISPAL.
1298 110 1440 145 EPISC.

1341 201 1420 237 Ex¹
1452 204 1552 238 Creta
1581 204 1697 249 pennis
1731 204 1853 236 volavit
1890 210 1922 237 et
1956 202 2012 237 in²
2037 204 2119 238 Cili-

1481 307 1588 339 Huius
1616 306 1735 339 modus
1762 306 1934 350 duplicata
1961 307 2046 339 linea
2071 306 2120 348 fit,

180 385 266 419 quae
292 368 431 412 simplex
455 374 516 408 per
541 359 748 393 latitudinem
772 366 901 392 extensa
930 360 1038 392 fuerat
1049 356 1068 390 ⁵.
1123 358 1267 391 Punctus
1295 363 1402 390 autem
1426 358 1458 390 in
1485 359 1596 391 medio
1625 358 1737 392 circini
1775 364 1922 391 centrum
1964 370 1983 390 a
2011 357 2120 390 Grae-

180 427 225 461 cis
253 423 382 456 dicitur,
410 418 442 448 in
470 415 561 447 cuius
588 409 727 444 medi0⁰
754 418 870 445 cuncta
898 414 1115 455 convergunt.

180 525 271 569 quasi
294 518 469 554 semicuris.

180 628 304 661 habeat
331 628 463 657 acutam
502 620 628 659 aciem,
666 618 758 660 quasi
792 618 873 650 duas
906 629 1041 661 pennas,

181 680 289 713 avium
316 685 445 721 pennae
458 669 492 714 ¹⁰,
520 671 597 714 quia
624 675 750 705 acutae.

182 731 337 764 dicebant
353 723 374 743 ¹¹
403 737 467 758 non
493 724 617 766 pinnas.

283 777 447 814 Dextralis
475 775 631 807 dexterae
647 769 669 790 ¹³
695 772 826 806 habilis.

346 828 405 861 12.
458 826 557 860 Ascia
580 825 622 858 ab
649 825 759 856 astulis
786 824 887 863 dicta,
914 835 994 866 quas
1021 834 1040 854 a
1066 817 1198 866 ligno¹⁴
1225 821 1347 859 eximit,
1376 820 1466 853 cuius
1493 820 1726 853 diminutivum
1754 820 1875 854 asciola
1892 816 1925 854 ¹⁵.

459 464 592 502 Securis
623 468 778 505 vocatur,
814 475 854 496 eo
888 464 982 506 quod
1017 474 1054 495 ea
1090 461 1225 495 arbores
1259 459 1488 500 succidantur,
1532 461 1625 503 quasi
1657 461 1811 494 succuris.

523 516 575 548 Ex
602 526 666 548 una
694 515 778 546 enim
807 520 902 558 parte
931 519 1027 548 acuta
1048 518 1106 554 est,
1138 523 1176 544 ex
1213 512 1315 543 altera
1351 511 1497 544 fossoria.

180 575 370 614 vocabatur,
400 563 592 611 utrimque⁰
619 571 729 601 autem
756 566 883 601 habens
911 567 1028 606 aciem,
1055 564 1214 608 bipennis.

1093 617 1243 649 Pennum
1270 620 1379 647 autem
1415 614 1538 657 antiqui
1572 620 1702 648 acutum
1736 615 1900 648 dicebant.

803 670 848 702 Et
875 681 954 702 ecce
978 680 1119 707 nomen,
1148 666 1239 711 quod
1264 667 1442 699 reservavit
1468 666 1718 709 antiquitatem,
1746 668 1823 710 quia
1846 672 1973 700 veteres
1999 677 2124 711 pennas

671 721 767 753 Haec
796 726 827 753 et
854 721 1005 761 dolabra,
1032 720 1122 763 quod
1139 716 1162 735 ¹²
1190 719 1314 751 habeat
1341 718 1409 750 duo
1437 718 1543 758 labra,
1571 729 1647 751 uam
1674 717 1795 752 securis
1822 719 1963 762 simplex
1989 724 2046 751 est.

1865 460 1950 494 Item
1988 461 2121 501 securis,

1550 509 1673 545 Haec⁷
1708 513 1798 556 apud
1836 517 1961 545 veteres
1987 508 2124 556 penna⁸

1268 563 1354 595 Nam
1382 563 1532 606 bipennis
1550 563 1681 605 dicitur,
1704 564 1796 607 quod
1813 575 1852 596 ex
1874 569 2013 606 utraque
2027 568 2123 607 parte

1955 615 2056 649 Unde
2091 619 2125 647 et

1978 819 2039 853 Est
2065 830 2126 851 au-

181 892 249 918 tem
277 879 449 915 manubrio
471 877 563 912 brevi
600 888 640 909 ex
673 876 811 908 adversa
830 873 852 892 ¹⁰
878 880 974 919 parte
1001 874 1146 906 referens
1173 873 1225 905 vel
1259 872 1444 916 simplicem
1482 872 1661 913 malleum,
1694 876 1750 904 aut
1783 876 1951 913 cavatum,
1985 870 2038 903 vel
2071 871 2126 904 bi-

183 946 284 970 corne
311 937 459 965 rastrum.

350 982 408 1016 13.
460 980 619 1023 Scalprus

186 1038 286 1072 Cuius
314 1033 542 1066 diminutivum
573 1029 759 1072 scalpellus,

351 1084 406 1117 l-l.

629 974 651 994 17

186 1145 269 1172 cant.

351 1187 409 1219 15.
462 1186 650 1223 Taratrum,
678 1182 768 1225 quasi
789 1187 955 1214 teratrum.

186 1243 266 1274 rium
283 1238 311 1272 *.
367 1238 475 1271 Guvia
488 1236 508 1260 *
523 1232 557 1268 ²⁵¹.

589 1310 617 1344 C
644 1312 673 1342 A
700 1310 736 1343 P.
790 1309 861 1341 XX.
943 1308 1014 1340 Dc

353 1389 385 1422 l.
439 1389 624 1421 Minervam
652 1385 819 1429 quandam
848 1385 987 1429 gentiles
1011 1384 1119 1418 multis
1145 1382 1284 1427 ingeniis
1311 1381 1515 1425 praedicant.

189 1455 282 1477 unum
312 1446 517 1479 monstrasse,
540 1439 629 1471 hanc
656 1439 753 1470 etiam
770 1434 793 1453 ²⁰
820 1438 919 1469 teiam
948 1437 1074 1468 ordisse
1087 1432 1111 1451 ²²

685 977 805 1011 dicitur
818 974 849 1017 ¹³,
885 976 977 1020 quod
1011 971 1205 1020 scalpturis¹

1068 1306 1400 1340 inventione

1208 970 1219 991 ⁹
1266 979 1298 1006 et
1334 973 1550 1006 foraminibus
1593 975 1632 1007 sit
1670 980 1788 1019 aptus,
1828 973 1920 1017 quasi
1953 972 2126 1007 scalforus,

461 1082 612 1115 Terebra
639 1086 757 1112 vocata
784 1091 802 1111 a
830 1090 942 1111 verme
971 1079 1061 1122 ligni,
1090 1077 1145 1120 qui
1174 1081 1311 1109 vocatur
1324 1074 1347 1092 ²⁰
1374 1077 1520 1117 terebra,
1555 1087 1655 1119 quern
1671 1072 1692 1092 ²¹
1718 1075 1842 1108 Graeci
1869 1073 2039 1122 τερεδόνα
2067 1084 2130 1106 vo·-

322 1137 412 1169 Hinc
438 1135 527 1167 dicta
552 1133 682 1165 terebra
698 1128 733 1171 ²²,
760 1130 852 1173 quod
879 1136 914 1163 ut
941 1130 1059 1162 vermis
1085 1128 1223 1160 terendo
1253 1128 1349 1167 forat,
1378 1128 1471 1169 quasi
1497 1128 1652 1167 terefora,
1679 1127 1733 1159 vel
1761 1123 1893 1170 quasi²³
1920 1126 2128 1159 transforans.

1008 1180 1155 1214 Scobina
1169 1176 1194 1196 Ἠ
1221 1179 1322 1217 dicta,
1349 1178 1442 1221 quod
1470 1178 1641 1212 haerendo
1669 1179 1792 1212 scoben
1817 1178 1924 1212 faciat.

1978 1177 2128 1210 Canthe-

1453 1304 1729 1349 lanificii.

1566 1382 1665 1415 Hanc
1702 1382 1787 1415 enim
1823 1381 1965 1426 primam
1999 1379 2132 1413 lanificii

1140 1440 1173 1467 et
1200 1434 1365 1467 colorasse
1392 1433 1483 1465 lanas
1509 1433 1698 1477 perhibent.

353 1492 385 1526 2.
441 1491 559 1524 Olivae
587 1501 722 1533 quoque
749 1488 836 1521 hanc
863 1488 976 1521 dicunt
1003 1488 1216 1520 inventricem
1245 1492 1276 1519 et
1304 1485 1467 1523 fabricae,
1491 1486 1738 1528 multarumque
1765 1484 1883 1517 artium
1908 1482 2132 1526 repertricem.

189 1545 339 1587 Ideoque
360 1543 407 1575 illi
435 1543 538 1587 vulgo
565 1542 702 1585 opifices
730 1541 929 1584 supplicant.

983 1540 1053 1573 Sed
1064 1537 1089 1555 ²⁸
1117 1538 1186 1571 hoc
1212 1537 1343 1581 poetice
1371 1536 1515 1580 tingitur.

1568 1537 1645 1569 lx‘on
1672 1537 1758 1569 enim
1785 1535 1938 1567 Minerva
1964 1530 2134 1566 istarumffl'

190 1596 310 1629 artium
351 1595 507 1639 princeps
543 1599 606 1633 est,
646 1592 705 1624 sed
743 1593 820 1634 qnia
855 1592 1015 1636 supientia
1051 1591 1085 1622 in
1118 1590 1229 1633 capite
1266 1600 1335 1621 esse
1369 1587 1487 1621 dicitur
1522 1587 1683 1630 hominis,
1721 1592 1754 1619 et
1774 1586 1926 1618 Minerva
1953 1585 1996 1617 de
2023 1585 2134 1628 capite

190 1647 276 1680 lovis
302 1651 379 1678 nata
405 1646 552 1690 lingitur,
579 1644 648 1676 hoc
674 1648 721 1676 est
746 1644 928 1687 ingenium,
955 1642 1100 1685 ideoque
1127 1652 1238 1674 sensus
1264 1639 1436 1683 sapientis,
1470 1638 1527 1682 qui
1553 1639 1675 1672 invenit.
1704 1638 1830 1678 omnia,
1866 1637 1900 1669 in
1932 1636 2043 1679 capite
2077 1642 2133 1668 est.

192 1699 274 1731 ldeo
301 1703 333 1730 et
354 1697 418 1730 dea
441 1697 558 1730 artium
580 1695 733 1728 Minerva
744 1691 768 1711 ³⁰
786 1695 915 1736 dicitur,
943 1694 1020 1737 quia
1047 1693 1129 1726 nihil
1154 1698 1203 1726 est
1229 1687 1472 1725 excellentius³¹
1497 1690 1645 1735 ingenio,
1671 1701 1739 1734 quo
1767 1693 1927 1734 reguntur
1943 1683 2133 1721 universa³².

278 1797 307 1833 1)
327 1803 352 1824 ει
382 1808 413 1825 ex
439 1797 486 1825 Cr.
512 1797 568 1825 Gu.
594 1799 620 1827 1.
648 1798 676 1826 2.
710 1812 744 1816 -—
790 1796 818 1830 2)
844 1796 877 1822 in
908 1804 965 1833 pro
995 1794 1065 1823 inde
1088 1794 1144 1822 Gu.
1189 1794 1238 1822 Ar.
1262 1808 1303 1813 --
1324 1791 1373 1831 01)
1395 1801 1489 1830 quam
1512 1791 1570 1821 Gu.
1594 1794 1621 1823 1.
1642 1806 1683 1814 -—
1714 1788 1761 1830 232)
1785 1789 1833 1817 Sic
1857 1789 1912 1817 Gu.
1934 1791 1960 1820 1.
1982 1790 2010 1820 2.
2033 1803 2074 1808 -
2089 1793 2135 1815 te-

197 1843 226 1871 1.
249 1840 278 1870 2·
307 1849 353 1877 pr.
383 1849 430 1868 va.
454 1840 502 1869 Ar.
534 1855 572 1860 —
613 1836 643 1879 3)
667 1837 714 1865 Sic
738 1838 792 1865 Gu.
819 1840 897 1867 1.-
920 1837 1035 1874 efficiat
1065 1837 1145 1874 vulg.
1188 1836 1274 1864 relat-a
1304 1834 1389 1862 dicta
1412 1834 1491 1871 vulg.
1522 1850 1559 1855 —
1597 1832 1644 1873 23)
1673 1835 1764 1871 quaa-d
1797 1842 1854 1861 om.
1880 1841 1925 1859 va.
1948 1847 1987 1852 —
2018 1830 2063 1863 24)
2086 1829 2135 1857 Sic

195 1898 238 1904 -—-
263 1879 290 1919 4)
315 1881 363 1908 Sic
387 1881 442 1909 Gu.
472 1885 498 1912 1.
520 1884 550 1911 2.
571 1897 613 1902 —
638 1880 788 1908 circulum
811 1880 890 1917 vulg.
920 1896 962 1900 —
998 1879 1027 1918 5)
1042 1880 1145 1916 fuerit
1190 1879 1240 1907 Ar.
1265 1894 1305 1899 —
1340 1877 1462 1914 Scofimc
1490 1876 1570 1914 vulg.
1603 1881 1632 1904 et
1663 1876 1705 1904 sic
1735 1885 1806 1903 mox
1834 1874 1912 1902 idem
1946 1872 2050 1900 scobem
2079 1882 2135 1911 pro

197 1924 254 1952 Gu.
273 1926 300 1953 1.
322 1938 362 1943 -
399 1925 427 1959 6)
455 1923 502 1951 Sic
527 1925 585 1953 Gu.
617 1925 644 1955 1.
667 1925 696 1953 2.
724 1922 763 1951 al.
783 1938 826 1944 —-
848 1921 981 1949 medium
1005 1923 1083 1960 vulg.
1106 1938 1146 1943 —
1190 1921 1271 1958 vulg.
1304 1919 1448 1958 scophen,
1481 1919 1543 1955 vel,
1574 1924 1608 1947 ut
1637 1919 1693 1947 Gu,
1721 1922 1748 1949 1.
1777 1921 1805 1949 2.
1835 1915 1988 1954 scoplmm,
2018 1931 2056 1935 -
2088 1917 2136 1948 25)

196 1982 238 1988 --
271 1965 301 2001 7)
325 1969 351 1992 et
373 1964 439 1992 add.
461 1965 542 2003 vulg.
574 1983 611 1988 —
646 1966 710 1994 Om.
735 1966 789 1993 Gu.
818 1967 844 1996 1.
867 1967 895 1995 2.
918 1981 960 1986 —
995 1967 1022 2001 8)
1047 1966 1148 2003 pinna
1190 1964 1276 2000 Vulg.
1315 1962 1527 1995 Cantherium,
1566 1961 1674 1989 Gallia
1703 1960 1817 1999 (Galla
1844 1958 1920 1995 An),
1952 1958 2064 1986 Guvia.
2096 1973 2134 1979 ——

199 2008 256 2036 Gu.
277 2009 307 2037 2·
332 2022 373 2028 -—
409 2009 439 2043 9)
462 2007 510 2034 Sic
532 2008 636 2045 scripsi
661 2018 675 2036 e
701 2009 890 2043 coniectura,
916 2007 946 2034 in
970 2007 1026 2034 Gn.
1053 2011 1077 2037 1.
1105 2011 1148 2035 est
1194 2006 1288 2034 Galla
1311 2015 1369 2032 om.
1399 2006 1455 2032 Gn.
1476 2006 1500 2033 1.
1522 2006 1549 2034 2.
1572 2020 1613 2025 -
1639 2003 1742 2031 Gabia
1759 2004 1813 2031 Gu.
1837 2004 1863 2032 1·
1886 2016 1927 2021 -
1952 2000 2068 2028 Glblt'l'a
2097 1998 2135 2026 31-

199 2056 377 2087 utrumque,
399 2048 429 2075 in
459 2049 514 2076 Gu.
537 2052 566 2080 2.
598 2056 765 2088 utramque.
790 2068 827 2072 —
853 2055 982 2086 utruque
1005 2050 1084 2087 vulg.
1110 2066 1147 2070 —-
1191 2065 1232 2070 -
1257 2047 1372 2075 Gallam
1396 2046 1431 2075 al.
1456 2061 1493 2067 -—
1530 2044 1576 2086 26)
1600 2052 1626 2073 et
1651 2047 1682 2074 Z.
1704 2061 1746 2068 —
1780 2043 1826 2082 27)
1849 2041 2005 2071 ordinasse
2027 2041 2082 2069 Gu.
2109 2043 2136 2072 1.

200 2093 246 2130 10)
271 2090 349 2119 unde
366 2101 484 2128 pennae
506 2096 531 2117 et
557 2103 604 2120 av.
629 2092 684 2119 Gu.
707 2095 735 2124 2.
768 2108 804 2113 —-
846 2090 892 2131 11)
915 2092 964 2119 Sic
988 2092 1043 2121 Gu.
1071 2096 1096 2123 1.
1118 2095 1148 2123 2.
1192 2094 1219 2122 2.
1242 2106 1283 2112 —
1317 2089 1363 2127 23)
1389 2088 1473 2125 ang.
1497 2087 1551 2115 ssd
1572 2094 1608 2125 et,
1626 2088 1679 2117 sed
1701 2094 1727 2116 ει
1749 2097 1806 2115 om.
1831 2086 1885 2114 Gu.
1906 2089 1930 2116 1.
1950 2088 1978 2116 2.
2007 2100 2048 2106 -—-
2080 2081 2140 2111 Sed

200 2150 242 2155 ——
265 2133 326 2161 dic.
349 2144 439 2171 penu..
469 2133 549 2169 vulg.
578 2149 619 2154 ——
652 2134 699 2170 12)
723 2145 754 2161 eo
779 2132 862 2172 quod
890 2135 945 2162 Gu.
968 2137 996 2164 2.
1027 2150 1067 2155 ——-
1105 2133 1149 2172 13)
1192 2133 1248 2160 lzoc
1273 2130 1361 2169 apud
1382 2131 1509 2168 gentiles
1538 2131 1567 2161 Z.
1596 2147 1638 2154 -ι
1666 2134 1713 2169 29)
1736 2132 1837 2157 instar
1858 2129 1890 2157 Z.
1913 2144 1955 2150 -
1977 2127 2025 2164 30)
2050 2125 2137 2154 Ideo—

204 2175 325 2203 dextrae
345 2185 391 2203 va.
414 2191 456 2197 —
480 2175 526 2211 14)
550 2173 585 2201 de
607 2175 690 2212 ligno
715 2176 769 2203 Gu.
786 2179 813 2207 2,
839 2193 875 2196 -
907 2176 952 2213 15)
976 2176 1025 2204 Sic
1043 2177 1098 2204 Gu.
1122 2179 1148 2205 1.
1194 2186 1249 2213 que
1272 2175 1409 2201 Mine-rm
1432 2173 1488 2200 deu
1511 2179 1570 2201 art.
1594 2173 1624 2201 Z.
1653 2190 1688 2194 —·
1717 2170 1766 2211 31)
1789 2171 1837 2198 Sic
1861 2171 1917 2199 Gu.
1937 2173 1961 2200 1.
1984 2186 2019 2191 —-
2039 2168 2135 2196 excell.

202 2235 243 2238 —
268 2217 343 2246 dim.
365 2223 407 2244 est
433 2228 494 2246 aso.
522 2216 578 2244 Gu-
603 2219 631 2246 2.
653 2233 695 2237 —
717 2217 789 2245 dim.
806 2229 909 2246 momen
927 2224 969 2245 cst
988 2229 1049 2248 cmc.
1065 2219 1148 2255 vulg.
1192 2223 1232 2245 est
1256 2216 1334 2252 vulg.
1358 2231 1399 2237 —-
1420 2219 1466 2251 32)
1493 2217 1596 2243 omnia
1619 2216 1649 2243 Z.
1671 2231 1714 2237 —
1741 2217 1788 2251 33)
1813 2213 1861 2241 Sic
1885 2213 1941 2242 Gu.
1969 2214 1995 2243 1.
2020 2226 2053 2232 -·-·
2068 2219 2136 2248 gen.

203 2276 244 2282 -—
269 2259 312 2299 16)
336 2265 363 2286 et
385 2270 491 2287 aversa
512 2259 569 2286 Gn.
594 2260 619 2289 1.
645 2273 682 2279 —
706 2270 738 2286 ex
761 2270 816 2287 om.
841 2270 885 2288 va.
913 2277 955 2283 —
990 2260 1037 2300 17)
1061 2261 1151 2288 Scal-
1191 2270 1255 2289 arae.
1280 2259 1361 2295 vulg.
1382 2277 1419 2280 —
1451 2261 1500 2294 3-1)
1524 2257 1654 2286 Podar-is
1677 2258 1731 2286 Gu.
1749 2260 1778 2288 2.
1801 2272 1842 2279 ·-
1871 2257 1917 2291 35)
1942 2254 2045 2281 tunica
2067 2251 2136 2280 add.

201 2313 279 2340 Pru-v
307 2301 469 2330 masculino
505 2310 609 2339 genere
640 2310 695 2338 pro
732 2302 811 2337 vulg.
849 2303 1010 2340 nsknzlprzzm
1039 2304 1095 2331 Gu.
1124 2306 1151 2333 1.
1193 2303 1281 2339 vulg,
1299 2300 1379 2338 quod
1395 2311 1451 2329 om.
1469 2302 1525 2328 Gu.
1545 2305 1571 2332 1.
1589 2303 1617 2331 2.
1632 2301 1681 2330 Ar.
1703 2310 1746 2327 va.
1761 2298 1815 2337 (est
1831 2298 1917 2326 etiam
1934 2294 2015 2333 om.).
2029 2309 2067 2316 -—
2090 2292 2137 2332 36)

205 2347 235 2375 2.
260 2344 308 2372 Ar.
330 2355 377 2374 va.
400 2361 441 2365 -
473 2342 516 2381 18)
533 2343 648 2371 dicitnr
670 2352 725 2381 pro
749 2342 863 2370 dcc-tum
888 2345 967 2382 vulg.
991 2345 1047 2373 Gu.
1073 2348 1099 2376 1.
1122 2347 1150 2375 2.
1193 2351 1217 2373 et
1233 2343 1334 2373 addidi
1350 2353 1364 2370 e
1379 2344 1409 2371 Z.
1425 2344 1558 2375 Gu.1.2.
1575 2353 1618 2372 va,
1635 2358 1677 2364 -
1700 2345 1745 2376 37)
1767 2342 1813 2368 Sic
1829 2341 1884 2368 Gn.
1908 2341 1934 2369 1.
1957 2354 1993 2360 -
2009 2335 2089 2364 unde
2111 2342 2137 2363 et

210 2405 245 2408 -
271 2388 314 2422 19)
339 2387 506 2425 SClllle'ffl
535 2396 581 2414 va·
614 2402 651 2406 -
687 2388 732 2418 20)
756 2391 951 2422 nuncupatur
973 2387 1029 2414 Gu-
1051 2389 1078 2417 2.
1104 2397 1151 2416 va.
1192 2391 1391 2424 nuncupatur
1412 2386 1490 2423 vulg.
1517 2403 1554 2408 --
1584 2383 1662 2412 unde
1687 2389 1713 2410 et
1735 2386 1912 2419 nuncupata
1931 2380 1961 2407 Z.
1986 2395 2023 2400 —-
2047 2378 2135 2416 Vulg-
