2264 2830
766 111 1011 147 ORIGINUM
1040 114 1185 148 LIBER
1212 116 1302 151 XIII.

227 210 287 245 22.

62 263 185 307 pluvia.

342 209 494 242 Procella
510 209 618 248 aben,
646 207 738 251 quod
767 208 937 251 percellat,
967 208 1000 240 id
1020 214 1066 241 est
1094 211 1257 253 percutiat
1284 216 1316 244 et
1344 211 1473 245 evellat.

239 262 413 295 Procellae
441 262 526 293 eninr
554 265 609 292 aut
637 260 680 292 de
719 260 910 292 fulminibus
928 256 962 301 ³¹,
998 266 1051 292 aut
1080 262 1122 293 de
1155 264 1254 295 ventis
1289 264 1379 296 liunt.

1931 120 2002 154 421

1526 211 1586 244 Est
1614 211 1699 245 enim
1723 212 1770 245 vis
1788 214 1875 246 venti
1889 210 1912 230 ³³⁵
1930 226 2006 248 cum

1434 263 1525 296 Nihil
1564 269 1674 297 autem
1708 264 1856 298 velocius
1893 267 2006 306 ventis,

62 315 151 348 unde
180 319 212 347 et
238 319 378 358 propter
405 312 606 345 celeritatem
634 317 699 344 tam
729 318 853 349 xentos,
881 323 981 354 quam
1010 313 1150 346 fulmina
1177 315 1264 347 alata
1293 316 1423 359 lingunt
1451 320 1582 359 poetae,
1611 321 1659 348 ut:

295 365 397 397 ,Hills
425 364 550 396 „lustri
563 360 596 394 ³⁵.

705 447 733 480 C
760 449 791 481 A
819 449 855 481 P.
910 449 983 481 XII.

1062 449 1132 482 Dc
1185 451 1351 495 aquis.

232 518 260 551 1.
317 517 413 560 Aqua
445 515 544 556 dicta,
573 515 663 559 quod
692 517 885 561 superficies
907 518 975 549 cius
1003 518 1149 561 aequalis
1179 519 1226 551 sit.

164 569 252 602 Hinc
279 574 311 601 et
338 578 463 611 aequor
491 569 683 612 appellatur
696 566 730 609 ⁵¹¹¹,
753 570 829 612 quia
859 570 1040 613 aequaliter
1067 567 1209 602 ΓιμιιιῐιἨ
1238 574 1294 601 efft.

225 619 258 655 2,
312 620 388 652 Duo
416 624 526 652 autem
551 625 623 651 sunt
635 616 660 635 ³⁹
686 621 885 653 validissima
912 622 1074 654 elementa
1102 622 1187 653 vitae
1214 620 1381 653 humanae
1397 617 1431 661 ³⁹,
1459 621 1544 665 ignis
1573 625 1605 653 et
1627 632 1724 664 aqua,
1752 621 1840 654 unde
1861 621 2006 666 graviter

62 672 267 710 damnantur,
295 673 413 714 quibus
446 672 529 715 ignis
558 676 589 703 et
610 683 695 714 aqua
723 673 934 706 interdicitur.

223 722 256 755 3.
310 724 480 766 Aquarum
509 723 708 755 clementum
737 726 875 756 caeteris
903 724 1056 756 omnibffi
1078 723 1229 767 imperat.

1284 723 1402 766 Aquae
1430 723 1516 755 enim
1538 724 1670 756 coelum
1698 728 1902 768 temperant,
1939 728 2006 754 ter-

60 785 129 806 ram
159 773 348 814 fecundant,
377 786 486 807 aerem
515 774 778 807 exhalationibus
804 776 867 807 suis
894 776 1118 818 incorporant,
1139 774 1300 808 scandunt
1327 776 1360 807 in
1387 775 1546 816 sublime,
1581 780 1614 808 et
1640 775 1773 808 coelum
1802 775 1862 807 sibi
1890 774 2006 806 vendi-

59 831 149 858 cant:
177 826 258 868 quid
288 827 374 858 enim
404 826 583 858 mirabilius
612 827 702 868 aquis
726 827 758 858 in
786 828 882 860 coelo
910 825 1089 858 stantibus?

223 878 256 910 4.
312 878 432 909 Parum
466 878 505 909 sit
546 878 578 909 in
612 882 735 909 tantam
773 878 960 922 pervenisse
994 877 1221 909 altitudinem:
1248 877 1381 921 rapiunt
1416 883 1448 909 et
1464 874 1488 894 ⁴⁰
1523 888 1636 911 secum
1665 877 1806 921 piscium
1841 876 2007 908 examina:

59 926 185 960 effusae
212 930 359 961 omnium
388 930 418 960 in
442 934 526 961 terra
549 929 749 961 nascentium
778 941 875 961 causa
903 930 992 961 liunt.

1048 929 1177 973 Fruges
1201 928 1354 973 gignunt,
1382 929 1517 961 arbores
1545 930 1679 963 frutices
1707 928 1897 971 herbasque
1925 938 2007 971 pro-

59 978 193 1019 ducunt,
214 980 327 1012 ¹sordes
355 980 543 1025 detergunt,
570 985 711 1024 peccata
739 981 888 1022 abluunt,
916 986 1035 1025 potum
1064 981 1188 1014 cunctis
1210 981 1430 1013 animantibus
1458 982 1614 1015 tribuunt.

447 1075 476 1108 C
503 1075 533 1108 A
560 1075 597 1107 P.
652 1075 742 1107 XIII.

224 1152 255 1183 l.
308 1152 479 1194 Aquarum
507 1157 642 1184 naturae
669 1151 838 1184 diversitas
865 1152 968 1184 multa
1004 1149 1098 1185 estu.

57 1202 141 1234 aliae
156 1202 335 1246 sulphuris,
363 1204 448 1236 aliae
475 1203 659 1243 bituminis,
687 1204 771 1235 aliae
800 1204 994 1236 morborum
1020 1200 1172 1237 curam³²
1198 1203 1404 1237 adhibentes,

57 1264 162 1296 aquae
188 1254 379 1287 vulneribus
407 1255 591 1287 medentur.

219 1313 252 1345 2.
305 1314 343 1345 In
370 1315 466 1346 Italia
494 1315 566 1346 fons
594 1309 796 1346 Ciceronisffl

823 1075 893 1108 De
946 1075 1294 1108 diversitate
1347 1086 1625 1120 aquarum.

1153 1152 1250 1184 Aliae
1277 1152 1363 1184 enim
1391 1153 1476 1193 salis,
1505 1153 1590 1185 aliae
1610 1152 1695 1191 nitri,
1723 1150 1806 1182 aliae
1840 1147 2002 1185 aluminis,

1459 1205 1542 1236 Nam
1572 1205 1659 1236 iuxta
1687 1203 1831 1234 Romam
1861 1198 2004 1231 Albulae

823 1314 998 1346 oculorum
1027 1314 1162 1346 vulnera
1189 1318 1291 1346 curat.

158 1365 195 1396 ln
223 1364 405 1408 Aethiopia
432 1366 522 1397 lacus
543 1370 601 1407 est,
623 1375 690 1406 quo
716 1364 849 1408 perfusa
879 1376 1022 1409 corpora
1053 1366 1144 1397 velut
1169 1364 1245 1397 oleo
1267 1364 1437 1398 nitescunt.

158 1416 282 1448 Zamae
309 1417 383 1448 fons
409 1417 442 1448 in
469 1417 585 1449 Africa
611 1427 748 1449 canoras
776 1426 875 1448 voces
901 1417 990 1449 facit.

159 1467 211 1499 Ex
238 1466 375 1500 Clitorio
396 1468 472 1501 lacu
498 1468 613 1501 ltaliae
634 1467 690 1508 qui
717 1467 871 1506 biberint,
898 1468 965 1499 vini
987 1466 1133 1499 taedium
1162 1465 1297 1498 habent.

221 1526 255 1560 3.
307 1528 345 1559 In
366 1527 453 1560 Chio
480 1528 584 1560 insula
610 1527 737 1559 fontem
759 1522 871 1567 esse⁴³,
906 1537 973 1569 quo
1006 1526 1143 1558 hebetes
1170 1522 1295 1557 fiunt⁴⁵.

157 1578 195 1609 In
221 1578 364 1611 Boeotia
390 1579 457 1612 duo
486 1579 593 1612 fontes
616 1578 700 1610 alter
726 1577 932 1618 memoriam,
961 1577 1044 1610 alter
1071 1576 1273 1609 oblivionem
1298 1575 1406 1608 affert.

157 1628 262 1662 Cizici
287 1630 362 1662 fons
389 1642 538 1663 amorem
566 1629 701 1663 Veneris
722 1629 818 1664 tollit,

218 1689 253 1722 4.
307 1690 469 1723 Boeotiae
492 1691 581 1724 lacus
606 1689 731 1721 furialis
758 1693 815 1728 est,
842 1688 886 1720 de
912 1698 979 1730 quo
1007 1688 1065 1730 qui
1091 1687 1213 1719 biberit
1235 1686 1356 1719 ardore
1382 1684 1528 1718 libidinis
1553 1684 1748 1717 exardescit.

154 1741 193 1772 ln
219 1740 403 1785 Campania
430 1747 504 1774 sunt
530 1753 646 1785 aquae,
674 1752 761 1783 quae
788 1740 991 1772 sterilitatem
1013 1739 1210 1771 feminarum
1246 1743 1279 1771 et
1313 1739 1458 1771 virorum
1486 1735 1643 1768 insaniam
1672 1734 1809 1767 abolere
1838 1733 2000 1766 dicuntur.

157 1792 195 1824 ln
216 1790 454 1837 Aethiopiae⁴6
476 1794 570 1826 fonte
596 1793 698 1826 rubro
726 1791 782 1834 qui
809 1791 947 1830 biberit,
981 1790 1205 1834 lymphaticus
1231 1791 1279 1823 fit.

218 1850 252 1885 5.
305 1852 462 1886 Lechnus
476 1848 501 1869 ⁴⁷
523 1852 594 1886 fons
621 1851 785 1886 Arcadiae
805 1846 1008 1884 abortivosffl
1034 1850 1106 1883 fieri
1132 1861 1198 1883 non
1223 1849 1353 1894 patitur.

56 1993 97 1999 ——
117 1975 297 2018 ffficiuntur
318 1977 398 2015 vulg.
426 1994 462 1999 —
494 1979 539 2013 31)
564 1989 584 2006 a
606 1989 663 2008 om.
687 1979 744 2007 Gu.
763 1981 791 2009 1.
816 1993 857 1998 -—
886 1975 932 2016 32)
956 1976 1004 2004 Sic

57 2021 112 2050 Gu.
129 2024 155 2051 1.
173 2021 201 2050 2.
232 2029 280 2048 va.
300 2035 339 2040 —
364 2021 491 2058 frangit
504 2021 608 2057 facile
637 2021 719 2058 vulg.
741 2037 782 2042 —
806 2030 893 2058 quem
922 2020 1005 2046 sicca

39 2073 192 2101 >quaeque
222 2068 247 2089 et
271 2060 380 2097 arida,
406 2073 501 2100 quum
522 2064 734 2102 franguntur,
757 2064 888 2101 faciunt
914 2062 1002 2090 Arev.

56 2122 96 2127 --
118 2107 163 2139 33)
188 2110 343 2133 ventorum
366 2105 454 2133 Arev.
487 2122 524 2126 —
556 2105 601 2145 34)
624 2107 672 2135 Sic
691 2107 739 2135 Ar.
763 2104 1004 2144 -fluminibns

55 2148 135 2185 vulg.
158 2162 198 2168 —
224 2145 272 2186 35)
295 2147 342 2175 Sic
367 2147 453 2176 Arev.
485 2148 540 2176 Gu.
562 2151 590 2180 3.
614 2165 654 2169 —
677 2150 766 2177 alites
789 2149 889 2176 anus-i
912 2146 1003 2177 Gu.4.

57 2208 94 2211 —
118 2190 268 2228 aspiratio
291 2190 377 2217 alitis
400 2191 502 2217 alt-stri
525 2190 580 2219 Gu.
601 2193 626 2221 1.
643 2209 680 2213 ——
697 2192 792 2220 alati-3
815 2192 931 2219 austris
946 2190 1002 2218 Gu-

56 2236 84 2265 2,
109 2249 145 2254 -
185 2231 271 2269 vulg.
302 2233 408 2260 Alalis
444 2232 561 2260 viribus
583 2232 703 2262 Austri.
727 2251 767 2256 —
795 2234 891 2263 Locus
919 2237 961 2261 est
987 2242 1002 2260 e

56 2276 136 2313 Virg.
161 2274 232 2302 Aen.
256 2274 333 2312 VIII,
351 2275 421 2306 430.
444 2291 485 2296 —
507 2274 553 2314 36)
569 2275 616 2303 Sic
641 2276 695 2303 Gu.
717 2279 784 2308 1.2.
805 2287 851 2305 va.
878 2293 912 2297 —
940 2286 1003 2313 ap-

53 2319 202 2356 pellatum
223 2316 304 2355 vulg.
337 2326 373 2338 -'
412 2316 458 2356 37)
483 2318 531 2345 Sic
565 2317 618 2346 Gu.
644 2320 670 2348 1.
703 2333 739 2338 —
768 2329 889 2347 sursum
921 2318 1003 2355 vulg.

59 2378 98 2382 —
127 2361 176 2399 38)
199 2365 271 2387 sunt
286 2371 343 2389 om.
367 2360 423 2389 Gu.
449 2362 477 2390 2.
493 2377 535 2381 —
553 2360 676 2388 inclusit
705 2360 793 2390 Arev.
819 2378 853 2382 —-
884 2359 930 2399 39)
955 2361 1003 2388 Sic

1048 1976 1103 2004 Gu.
1121 1978 1148 2007 1.
1177 1992 1210 1995 —
1237 1977 1318 2003 vitae
1341 1975 1426 2002 llum.
1451 1973 1531 2002 clem.
1561 1972 1642 2009 vulg.
1676 1987 1709 1991 —
1750 1971 1794 2004 40)
1819 1969 1943 2007 rapiunt
1968 1980 1998 1996 w

1047 2028 1148 2046 secum
1171 2017 1259 2046 Arev.
1284 2033 1321 2039 —·
1352 2018 1400 2053 41)
1421 2017 1469 2044 Sic
1493 2016 1549 2043 Gu.
1570 2017 1595 2045 1.
1613 2017 1641 2046 2.
1671 2029 1712 2034 —-
1734 2012 1835 2040 multa
1864 2016 1906 2038 est
1937 2009 1998 2039 dir.

1047 2061 1126 2099 vulg.
1149 2077 1190 2081 —
1213 2058 1260 2100 42)
1284 2060 1333 2088 Sic
1353 2060 1408 2088 Gu.
1428 2061 1455 2090 1.
1478 2074 1518 2080 -—
1542 2067 1649 2085 curum
1671 2055 1763 2084 morl).
1786 2054 1866 2091 vulg.
1885 2069 1925 2074 -
1951 2052 1997 2090 43)

1047 2104 1096 2132 Sic
1130 2103 1186 2131 Gu.
1211 2105 1237 2133 1.
1262 2105 1290 2132 2.
1321 2112 1368 2141 pr.
1399 2111 1447 2129 va.
1471 2100 1520 2129 Ar.
1544 2116 1584 2122 —
1609 2099 1702 2128 Cicer.
1727 2097 1806 2135 vulg.
1834 2106 1890 2135 per
1921 2105 1998 2124 eom-

1047 2146 1134 2184 pend.
1165 2161 1206 2167 —-
1247 2146 1293 2179 44)
1320 2144 1427 2172 dicant
1457 2143 1527 2172 add.
1557 2142 1654 2180 vulg,
1684 2141 1736 2170 sed
1766 2150 1823 2168 om.
1847 2139 1905 2168 Gu.
1925 2142 1950 2169 1-
1968 2140 1995 2183 2·

1044 2188 1169 2217 Inclusit
1191 2187 1278 2216 Arev.
1301 2203 1342 2209 —
1373 2186 1419 2225 45)
1435 2186 1520 2223 fiant
1544 2185 1600 2214 Gu.
1620 2187 1649 2215 2.
1672 2200 1714 2207 —
1743 2184 1792 2217 46)
1815 2187 1842 2210 et
1869 2181 1919 2208 hic
1941 2189 1994 2217 pm

1046 2232 1101 2259 Gu.
1118 2235 1144 2262 1.
1159 2247 1201 2252 —
1222 2229 1388 2268 Aethiopia
1409 2230 1465 2258 Gu.
1483 2231 1511 2259 2.
1535 2238 1580 2267 pr.
1603 2243 1643 2249 —
1666 2227 1712 2263 47)
1735 2225 1873 2254 Letlznus
1895 2222 1930 2249 al.
1947 2229 1991 2267 va.

1045 2289 1087 2294 -
1109 2274 1210 2301 Linus
1233 2273 1321 2302 Arev.
1349 2283 1364 2301 e
1386 2271 1463 2302 Piin.
1487 2271 1522 2300 Η.
1545 2271 1581 2300 N.
1603 2269 1716 2304 xxxt,
1739 2272 1809 2297 sect.
1831 2268 1858 2296 7.
1881 2277 1920 2284 -
1943 2260 1990 2296 ⁴8)

1046 2316 1094 2344 Sic
1123 2316 1180 2344 Gu.
1199 2319 1225 2347 1.
1247 2316 1373 2344 abortus
1394 2315 1475 2352 vulg.
1503 2330 1543 2337 —
1568 2313 1696 2341 aborsus
1720 2311 1755 2339 al.
