2264 2830
790 133 1036 168 ORlGlNUM
1080 132 1224 166 LIBER
1253 133 1275 167 Ι.

67 230 267 266 Coniunctio
301 240 379 262 vero
408 224 474 261 et³³
508 228 713 271 praepositio
748 228 803 261 vel
836 228 1019 263 interiectio
1054 229 1087 260 in
1114 227 1328 271 complexum
1343 224 1367 244 ³¹
1402 228 1535 262 istarum
1571 228 1703 262 cadunt.

1961 134 2005 167 21

1757 228 1838 261 Ideo
1867 234 1898 261 et
1925 240 2008 261 non-

64 284 147 318 nulli
176 283 321 326 quinque
348 285 460 324 partes
487 279 641 312 orationis
652 275 677 295 ³¹³
704 280 902 314 definierunt
912 277 953 322 ³⁴⁵,
982 279 1059 324 quia
1086 280 1166 313 istae
1193 279 1381 324 superfluae
1408 285 1489 313 sunt.

828 382 912 416 De

227 467 261 501 3.
316 465 450 499 Nomen
486 466 611 500 dictum
639 469 730 510 quasi
762 473 936 511 notamen,
968 480 1049 512 quo(

1044 519 1185 564 Propria
1225 520 1357 552 nomina
1391 516 1534 559 ‹licta³⁹‚
1585 520 1662 562 quia
1695 520 1853 564 specialia
1870 515 1891 534 ¹⁰
1925 524 2008 552 sunt.

61 521 147 554 enim
182 519 291 553 scieris
322 515 498 561 nomen³⁸‚
547 520 696 563 cognitio
732 532 842 553 rerum
878 519 975 565 perit.

60 572 169 606 Unius
197 571 283 605 enim
312 574 436 603 tantum
449 566 472 586 ⁴¹
500 582 676 614 personum
706 572 899 616 significant.

60 635 201 664 nomen,
230 634 372 663 nomen,
407 634 614 667 cognomen,
643 635 820 668 agnomen.

59 675 200 716 Lucius,
229 674 383 715 Quintus.

223 725 259 757 4.
314 725 450 758 Nomen
487 722 695 767 vocatum⁴³,
733 726 809 770 quia

60 789 184 823 genere
211 774 415 810 vocantur⁴⁷.
471 776 694 821 Cognomen,
722 779 800 820 quia

60 824 207 863 cidensffl

60 882 101 914 ab
129 881 240 923 aliqua
267 880 403 914 ratione.

60 931 336 977 superadiiciatur
349 928 391 973 5²,
419 931 486 964 sive
509 933 600 975 quod
630 944 704 966 cum
733 934 866 966 nomine
894 939 950 967 est.

823 723 846 743 tu

814 775 839 795 ⁴8

954 571 1093 616 Species
1126 572 1342 616 propriorum
1372 572 1539 604 nominum
1577 577 1718 613 quatuor
1746 583 1804 604 sun

882 624 1104 657 Pracnomen
1133 620 1291 656 ιΓιοῑῐιιτ*3
1328 634 1384 665 co,
1413 623 1503 667 quod
1540 623 1662 655 nomini
1689 619 1950 668 pr‹·ponatur'⁴,
1974 626 2009 654 ut

881 731 973 759 notat
1000 738 1123 772 genus,
1160 730 1196 759 nt
1231 726 1416 760 Cornelius.

864 779 988 811 nomini
1015 778 1243 823 coniungitur,
1272 783 1308 811 ut
1335 778 1460 822 Scipio.

235 839 373 870 nomen,
410 833 444 860 ut
471 828 629 862 Meteum
659 829 824 870 Creticus,
861 831 938 873 quia
949 827 974 847 ⁵⁰
1000 830 1134 864 Cretam
1162 830 1304 874 subegit.

457 879 728 925 Cognomentum
763 887 873 914 autem
900 882 1004 927 vulgo
1032 882 1160 915 dictum
1190 887 1237 914 est
1249 879 1271 899 ⁵¹
1308 892 1366 922 eo,
1405 881 1497 925 quod
1526 881 1649 914 nomini
1678 880 1875 925 cognitionis
1912 890 2009 912 eausa

972 383 1241 415 nomine.

1051 464 1098 500 1³²
1133 468 1229 501 nobis
1256 468 1424 500 vocabulo
1452 479 1510 500 suo
1542 479 1591 500 res
1622 472 1715 501 notas
1748 468 1880 501 efficiat.
1942 467 2008 499 Niai

1807 576 1818 603 t
1830 567 1854 587 ⁴²
1865 582 1872 603 :
1909 582 2008 614 prae-

1478 725 1625 759 Cornelii
1653 726 1739 758 enim
1767 736 1881 757 omnes
1909 724 1940 756 in
1968 736 2008 756 eo

1511 779 1699 823 Agnomen
1727 788 1805 809 vero
1833 775 1924 819 quasi
1953 787 2009 808 uc-

1358 830 1569 863 Extrinsecus
1598 830 1684 861 enim
1719 829 1806 861 venit
1843 838 2009 872 agnomen

223 981 257 1014 5.
316 983 542 1028 Appellatio«
570 985 702 1017 nomina
731 985 808 1017 inde
836 991 1012 1027 vocantur,
1046 985 1124 1027 quia
1152 984 1340 1017 communia
1369 988 1441 1016 sunt
1468 989 1499 1017 et
1526 984 1558 1016 in
1569 981 1594 1000 ⁵³
1628 984 1806 1016 inultorum
1841 982 2009 1026 significa—

59 1035 150 1067 tione
177 1034 364 1068 consistunt.

59 1086 111 1120 vel
139 1086 291 1119 videntur
318 1087 370 1118 vel
398 1091 598 1131 tanguntur.)
626 1094 661 1120 ut
689 1089 839 1129 coelum,
867 1096 953 1121 terra
966 1085 1000 1121 ⁵¹³.

419 1035 515 1068 Haec
543 1037 575 1068 in
600 1036 715 1080 viginti
743 1043 820 1069 octo
849 1038 976 1081 species
1004 1036 1205 1075 dividuntur,
1234 1047 1274 1069 ex
1295 1036 1412 1079 quibus
1428 1037 1630 1081 corporalia
1647 1035 1734 1068 (licta
1752 1030 1869 1073 suntffl,
1891 1029 2009 1076 qua&M

221 1136 255 1170 6.
309 1137 575 1183 Incorporalia,
603 1151 689 1183 quae
717 1146 829 1173 carent
855 1151 1018 1185 corpore,
1053 1139 1142 1173 unde
1170 1150 1232 1172 nec
1259 1138 1384 1179 videri,
1420 1134 1517 1172 nec⁵⁷
1544 1138 1636 1183 tangi
1671 1142 1826 1182 possunt,
1862 1141 1895 1169 ut
1924 1136 2007 1168 veri-

59 1193 106 1220 tas
114 1214 123 1230 ‚
157 1188 274 1221 iustitia
286 1185 320 1221 ⁵⁸.

225 1240 258 1273 Ἰ.
318 1238 565 1282 Θοηοναῖί(ι5”,
602 1253 690 1285 quae
718 1243 893 1276 multarum
923 1254 1033 1275 rerum
1061 1247 1153 1283 sunt,
1190 1247 1224 1274 ut
1252 1241 1383 1274 animal.

59 1287 197 1324 asinusffl
223 1292 378 1325 animalia
388 1288 413 1308 ‘⁵²
438 1297 519 1324 sunt.

224 1342 259 1376 S.
315 1343 499 1388 Spccialia
537 1339 664 1383 suntffl,
700 1354 786 1385 quae
821 1347 950 1386 partem
982 1342 1229 1382 demonstrant,
1274 1346 1308 1373 ut
1341 1340 1454 1375 honw.

60 1393 164 1425 homo
175 1389 211 1425 ⁶⁴.

1438 1241 1523 1272 Nam
1552 1245 1584 1272 et
1596 1236 1620 1255 ⁰⁰
1654 1239 1759 1271 homo
1788 1243 1821 1271 et
1847 1249 1948 1280 equus
1977 1242 2006 1268 et

1522 1340 1661 1384 Species
1696 1339 1780 1372 enim
1817 1339 2005 1371 animalium

225 1443 259 1477 9.
312 1443 547 1488 Principale'a,
575 1455 661 1486 quae
687 1443 829 1487 primam
858 1444 1058 1487 positionem
1085 1442 1228 1482 habent,
1256 1452 1318 1474 nec
1345 1440 1480 1473 aliunde
1506 1446 1699 1481 nascuntur,
1727 1446 1762 1472 ut
1789 1452 1900 1481 mons,
1924 1440 2005 1472 sons.

226 1494 284 1527 10.
338 1493 553 1526 Dcrivaliva
581 1506 639 1534 e0‚
667 1495 758 1537 quod
787 1506 827 1527 ex
842 1492 867 1511 ⁶⁵
894 1495 959 1526 alio
988 1494 1122 1526 nomine
1150 1493 1360 1526 deducantur
1375 1489 1417 1531 ⁰¹⁵,
1442 1497 1477 1523 ut
1504 1503 1523 1523 a
1551 1496 1663 1523 monte
1690 1496 1872 1524 montanus

224 1544 280 1577 ll.

225 1595 282 1628 12.

58 1651 94 1679 ut
116 1646 230 1679 tabula
240 1670 249 1688 ,
275 1643 429 1681 fabulam.

59 1764 140 1802 vulg.
172 1781 212 1786 —
240 1765 286 1806 33)
316 1777 381 1795 vero
405 1773 430 1795 et
455 1778 512 1797 orn.
535 1768 602 1797 cod.
622 1768 745 1797 Semleri
770 1768 803 1797 A.
833 1785 873 1790 —
903 1767 950 1809 34)
978 1772 1010 1797 in

59 1808 214 1845 complexu.
237 1809 268 1839 Ζ,
292 1810 347 1838 Gu.
365 1812 390 1840 1.
408 1813 436 1841 2.
459 1810 571 1848 gothici
588 1816 614 1840 et
631 1812 668 1840 al.
683 1822 730 1850 ap.
746 1811 832 1840 Arev.
849 1822 893 1851 pr.
910 1822 956 1841 va.
969 1829 1010 1834 —

58 1847 105 1888 35)
127 1852 275 1878 orationis
296 1852 397 1880 addidi
421 1863 435 1881 e
459 1854 517 1882 Gu.
542 1856 568 1884 1.
600 1872 638 1876 —
679 1854 727 1892 36)
754 1855 802 1883 Sic
826 1854 882 1882 Gu.
905 1857 933 1886 2.
963 1865 1008 1894 pr.

59 1891 111 1920 Ar.
136 1909 175 1912 —
199 1892 393 1931 diffinierunt
418 1896 474 1924 Gu-
493 1899 520 1926 1.
540 1906 586 1925 va.
611 1913 653 1919 —
678 1896 891 1935 dzj‘finiverunt
914 1898 944 1925 Z.
967 1913 1009 1919 —

60 1932 209 1972 definiunt
230 1936 311 1975 vulg.
338 1955 373 1960 —
404 1940 452 1976 37)
475 1949 505 1966 eo
530 1938 614 1977 quod
635 1940 673 1969 al.
701 1957 737 1960 —
762 1943 806 1975 38)
830 1940 879 1967 Sic
903 1941 961 1969 Gu.
982 1943 1008 1971 1.

58 1993 99 1997 -—
124 1987 231 2005 nomen
253 1981 356 2007 scieris
377 1981 457 2019 vulg.
480 1997 523 2002 —
551 1983 598 2020 39)
620 1982 700 2020 vulg.
724 1982 792 2011 add.
816 1988 900 2016 sant,
925 1982 1005 2020 quod

59 2028 115 2047 om·
131 2020 162 2048 Ζ.
187 2021 243 2049 Gu.
270 2024 296 2052 1.
319 2025 349 2053 2.
372 2023 421 2052 Ar.
444 2041 486 2045 —
508 2024 554 2064 4¹³)
577 2024 661 2052 dicta
685 2025 753 2054 add.
776 2026 807 2053 Z.
831 2041 871 2046 —
894 2025 940 2063 41)
960 2031 1005 2053 ta-

60 2071 124 2108 men
146 2071 184 2090 ex
207 2073 323 2101 errore,
345 2069 379 2093 ut
395 2065 528 2100 videtur,
553 2068 671 2105 vulgata
695 2067 820 2096 exhibet.
868 2067 959 2098 codd.
977 2073 1006 2096 et

59 2102 143 2132 editt.
165 2115 211 2143 pr.
226 2115 273 2133 va.
297 2112 424 2136 tantum.
445 2125 486 2131 -—
509 2109 555 2148 42)
578 2116 649 2138 sunt
667 2116 802 2148 quattuor
819 2111 851 2141 Ζ,
872 2127 913 2132 -
935 2116 1004 2138 sunt

60 2146 97 2174 al.
113 2156 169 2176 om.
184 2164 226 2169 —
253 2147 301 2187 43)
317 2149 366 2177 Sic
389 2151 444 2178 Gu.
464 2154 489 2181 1.
508 2168 548 2172 -
572 2152 687 2180 dictum
704 2154 783 2190 vulg.
803 2169 839 2174 —
862 2154 1004 2190 imprae-

56 2189 184 2226 ponitur
206 2200 252 2220 va.
276 2207 317 2213 —-
344 2192 392 2230 45)
416 2200 501 2221 vocat
525 2193 564 2233 (i.
587 2206 611 2224 e.
632 2194 801 2236 rocam-52)
825 2195 856 2224 Ζ.
886 2212 927 2216 -
957 2197 1004 2232 46)

60 2230 145 2269 quod
159 2232 190 2260 Z.
212 2249 255 2254 —
276 2232 326 2275 47)
346 2241 493 2264 vocantur
515 2247 570 2265 om.
588 2248 634 2268 va,
659 2254 700 2260 —
732 2237 780 2277 43)
802 2237 886 2277 quod
908 2239 938 2266 Z.
961 2248 1002 2265 va.

59 2289 100 2294 —
123 2274 168 2309 49)
185 2275 235 2304 Sic
252 2275 306 2304 (ιύ.
330 2280 355 2308 1.
373 2278 425 2307 Ar.
451 2294 488 2300 -
513 2280 653 2308 accedens
676 2281 755 2318 vulg.
780 2297 820 2302 —
852 2280 897 2320 50)
924 2279 1007 2319 quod

60 2315 90 2342 Ζ.
114 2331 151 2338 —
177 2316 224 2357 51)
249 2318 297 2347 Sic
322 2320 377 2348 Gu.
399 2324 427 2351 1.
453 2323 482 2352 2.
506 2323 561 2358 (est
582 2334 639 2352 om.
664 2324 719 2351 Gu.
743 2326 771 2354 2.
797 2333 842 2361 pr.
859 2324 923 2363 Ar.)
953 2325 1001 2351 Ar.

60 2372 99 2405 —-
121 2357 238 2388 dictum
260 2362 352 2400 vulgo
372 2363 402 2390 Z.
426 2379 467 2384 —
498 2363 614 2393 dictum
645 2377 701 2395 om.
734 2365 814 2403 vulg.
839 2383 877 2387 —
909 2366 1002 2404 vulgo

60 2398 175 2429 dzctum
196 2413 242 2432 va.
265 2420 307 2426 —
329 2403 377 2444 52)
394 2405 441 2434 Sic
459 2407 489 2435 Z.
510 2406 565 2435 Gu.
586 2412 610 2439 1.
624 2411 652 2439 2.
681 2408 820 2448 (uterque
845 2408 912 2437 cod.
933 2408 1003 2436 ada*-

333 1544 572 1586 Dimimztiva,
600 1557 686 1588 quae
717 1545 865 1578 minuunt
892 1557 1021 1579 sensum
1035 1541 1078 1586 Μ,
1106 1549 1142 1578 ut
1169 1544 1372 1583 Graeculus,
1399 1540 1696 1576 scholasticulusffl.

337 1595 434 1629 Sono
461 1597 687 1641 diminutiva,
714 1608 801 1641 quae
828 1597 875 1632 sic
896 1602 1013 1630 sonant
1026 1593 1050 1613 ⁸⁹
1076 1596 1160 1631 sicut
1183 1596 1397 1636 diminutiva,
1423 1595 1482 1628 sed
1510 1595 1680 1629 intellectu
1705 1594 1902 1639 principalia
1922 1600 2004 1633 sunt,

1054 1765 1179 1807 ciatur)
1210 1778 1254 1796 va.
1285 1767 1333 1796 Ar.
1357 1783 1398 1788 —
1427 1765 1646 1804 superadditur
1670 1765 1752 1803 vulg.
1780 1762 2001 1803 supradicant

1052 1823 1100 1851 pr.
1127 1827 1165 1833 —
1191 1810 1238 1848 53)
1260 1810 1308 1838 Sic
1332 1810 1389 1838 Gu.
1415 1812 1440 1840 1.
1465 1811 1494 1840 2.
1516 1810 1565 1838 Ar.
1593 1827 1627 1831 -
1654 1811 1686 1836 in
1709 1819 1768 1837 om.
1792 1807 1869 1843 vulg.
1892 1822 1933 1827 —
1955 1805 2001 1842 54)

1052 1860 1123 1883 sunt
1147 1853 1249 1882 addidi
1274 1863 1289 1882 e
1314 1853 1370 1881 Gu.
1394 1856 1420 1883 1.
1446 1868 1486 1873 —
1513 1856 1557 1887 55)
1571 1851 1619 1880 Sic
1644 1850 1694 1879 hic
1710 1856 1737 1879 et
1759 1851 1787 1879 in
1811 1848 2001 1888 sequentibus

1054 1898 1109 1925 Gn.
1130 1899 1155 1927 1.
1178 1897 1216 1924 al.
1236 1906 1290 1934 pro
1316 1896 1396 1933 vulg.
1423 1896 1513 1933 quia,
1543 1905 1599 1933 pro
1621 1905 1678 1932 quo
1702 1895 1732 1924 Z.
1759 1892 1879 1922 exhibet
1909 1890 2000 1930 quod.

1051 1957 1093 1961 —
1115 1938 1162 1980 56)
1187 1945 1213 1967 et
1236 1945 1316 1966 terra
1336 1939 1366 1966 Z.
1397 1954 1437 1959 -—
1465 1936 1510 1976 57)
1533 1938 1581 1966 Sic
1602 1938 1632 1965 Z.
1655 1937 1710 1965 Gu.
1734 1939 1760 1967 1.
1783 1939 1810 1966 2.
1838 1951 1878 1957 —
1908 1946 2000 1973 neque

1050 1983 1130 2020 vulg.
1153 1998 1195 2003 —-
1218 1980 1264 2020 58)
1289 1987 1341 2008 etc.
1366 1980 1432 2009 add.
1457 1980 1554 2018 vulg,
1577 1980 1628 2009 sed
1652 1990 1709 2009 om.
1727 1979 1758 2007 Z.
1784 1979 1838 2006 Gu.
1861 1981 1887 2008 1.
1906 1980 1934 2008 2.
1955 1987 1997 2005 va.

1049 2043 1089 2046 —
1112 2026 1160 2062 59)
1181 2035 1301 2062 quoque
1319 2023 1385 2052 add.
1404 2024 1460 2051 (ἆυ.
1479 2026 1507 2054 2.
1525 2033 1570 2062 pr.
1588 2033 1632 2051 va.
1658 2039 1694 2044 -
1719 2022 1766 2059 60)
1782 2027 1807 2048 et
1826 2031 1882 2048 om.
1905 2020 1998 2050 Gu.2.

1050 2078 1094 2096 va.
1118 2084 1158 2088 ——
1189 2070 1233 2099 61)
1255 2067 1303 2094 Sic
1321 2067 1376 2094 Gu.
1396 2069 1420 2096 1.
1446 2081 1488 2086 —
1513 2067 1580 2093 aris
1596 2065 1675 2102 vulg.
1701 2080 1742 2085 —
1771 2062 1816 2101 02)
1833 2062 1954 2090 animal
1968 2063 1997 2090 Ζ.

1050 2128 1088 2133 -—
1113 2109 1158 2148 63)
1182 2115 1252 2137 sunt
1275 2109 1377 2138 addidi
1405 2118 1419 2136 e
1444 2108 1499 2136 Gu.
1523 2111 1550 2139 1.
1581 2125 1621 2130 -—
1659 2107 1708 2146 64)
1734 2116 1788 2145 pro
1813 2106 1996 2134 animalium

1048 2154 1135 2180 homo
1153 2153 1183 2182 Z.
1209 2151 1329 2181 exhibet
1352 2157 1385 2179 ul
1408 2151 1504 2178 Ιιυηιυ.
1530 2167 1566 2171 -
1588 2150 1632 2189 65)
1651 2161 1683 2177 ex
1698 2159 1754 2179 om.
1773 2150 1803 2177 Z.
1823 2165 1864 2170 —-
1887 2147 1932 2185 66)
1949 2147 1995 2174 sic

1048 2196 1079 2223 Z.
1101 2196 1157 2225 Gu.
1176 2199 1199 2226 1.
1215 2198 1244 2226 2.
1260 2205 1306 2222 va.
1331 2210 1367 2215 —
1399 2193 1594 2221 declamantur
1614 2193 1693 2230 vulg.
1717 2208 1754 2213 —
1780 2190 1827 2231 67)
1842 2191 1890 2219 Sic
1904 2191 1957 2218 Gu.
1972 2192 1994 2218 1.

1047 2238 1097 2268 Ar.
1128 2255 1169 2259 —
1201 2237 1379 2265 diminuunt
1414 2247 1536 2264 Sensum
1560 2237 1592 2265 Z.
1624 2252 1664 2256 —
1696 2236 1879 2262 minuuntur
1907 2242 1994 2260 σιηαα

1046 2281 1124 2317 vulg.
1147 2296 1187 2302 —
1211 2283 1259 2316 68)
1271 2292 1291 2307 α
1307 2279 1488 2308 scholastico
1504 2279 1541 2307 al.
1557 2278 1624 2307 add.
1643 2289 1689 2317 pr.
1721 2277 1779 2305 Cfr.
1796 2277 1898 2305 Donat.
1917 2278 1992 2313 pall·

1046 2333 1166 2360 gramm·
1182 2333 1210 2361 p·
1229 2325 1318 2354 1744.
1343 2339 1384 2344 —
1408 2322 1454 2361 69)
1480 2322 1529 2350 Sic
1552 2322 1608 2350 Gu.
1622 2324 1647 2353 1.
1664 2324 1692 2352 2.
1707 2330 1752 2349 va.
1774 2321 1822 2347 Ar.
1844 2335 1886 2340 —
1912 2313 1995 2354 qlwtl

1045 2367 1090 2393 sic
1109 2371 1218 2393 sonant
1232 2366 1263 2394 Z.
1287 2368 1331 2392 stc
1354 2376 1413 2395 om.
1439 2365 1519 2403 vulg.
1552 2381 1582 2386 —
1608 2362 1654 2403 70)
1677 2363 1725 2392 Sic
1751 2363 1807 2390 Gu-
1828 2363 1854 2392 1.
1877 2358 1991 2394 -s‘l-

1045 2408 1135 2445 bula,
1159 2408 1269 2436 tabula
1292 2408 1375 2447 vulg.
