2203 2829
144 95 219 130 206

847 89 1026 125 ISlDORI
1053 88 1235 127 HISPAL.
1263 93 1407 129 EPISC.

311 187 347 220 4.
400 184 637 229 Pentecoste¹,
672 186 755 220 sicut
781 189 815 218 et
839 183 987 230 pascha,
1021 185 1114 230 apud
1141 186 1319 221 Hebraeos
1343 187 1483 221 celebris
1510 187 1581 220 dies
1608 184 1721 230 erat2,
1755 185 1873 231 quod³
1899 193 1977 234 post
2003 191 2101 234 quin—

147 256 213 288 que
239 237 411 276 decadas⁴
438 239 586 285 paschae
613 234 889 278 celebrabatur⁵,
917 237 1007 269 unde
1035 243 1067 270 et
1094 239 1298 273 vocabulum
1329 239 1484 283 sumpsit,
1521 240 1627 274 πέντε
1664 239 1752 272 enim
1780 240 1930 283 Graece,
1957 242 2102 287 quinque

149 292 308 336 Latine⁰,
334 293 368 325 in
395 304 464 336 quo
491 292 546 324 die
572 290 755 324 secundum
779 290 892 333 legem
920 300 1023 333 panes
1055 291 1294 334 propositionis
1320 291 1363 324 ‹le
1390 292 1483 323 novis
1510 291 1662 336 frugibus
1690 291 1929 326 offerebantur.

312 342 346 377 5.
400 343 502 377 Cuius
529 343 674 387 figuram
702 352 806 374 annus
830 340 971 374 iubileus
995 341 1028 372 in
1050 346 1246 376 testamento
1267 343 1370 377 veteri
1396 343 1508 388 gessit,
1535 339 1644 387 quae⁷
1666 342 1758 376 hunc
1784 344 1903 377 iterum
1929 355 1993 389 per
2013 345 2103 391 figu-

150 396 246 432 ram⁸
271 394 536 440 repromissionis
563 399 731 427 aeternam
754 392 902 436 requiem
926 392 1134 437 praefigurat
1148 390 1169 426 ⁹.

316 447 349 480 6.
403 445 597 491 Epiphania
618 446 762 486 Graece,
789 445 907 477 Latine
931 445 1110 489 apparitio,
1137 445 1204 478 sive
1225 445 1445 478 manifestatio
1456 442 1480 462 ¹⁰
1502 450 1650 480 vocatur.
1687 442 1777 478 Εοιι
1803 447 1891 479 enim
1923 446 1979 480 die
2002 446 2104 480 Chri-

152 508 219 535 stus
243 499 357 533 sideris
383 498 506 530 indicio
534 497 647 543 Magis
674 496 831 541 apparuit
843 493 865 512 ¹²
892 496 1091 530 adorandus.

1145 497 1249 538 Quod
1276 497 1338 530 suit
1364 497 1528 542 primitiae
1540 494 1563 513 ¹³
1591 496 1797 530 credentium
1822 498 1982 543 gentium.

320 550 353 582 7.
408 549 488 591 Quo
518 549 573 582 die
600 555 632 583 et
643 545 666 565 ¹⁴
694 548 861 582 Dominici
888 548 1094 593 baptismatis
1117 554 1372 591 sacramentum,
1394 554 1428 582 et
1453 554 1662 594 permutatae
1690 561 1797 594 aquae
1824 550 1857 583 in
1885 546 2033 584 vinum¹⁵
2053 549 2105 583 fa—

152 610 283 639 ctorum
310 612 373 646 per
399 601 573 634 dominum
600 602 773 646 signorum
793 600 958 645 principia
985 601 1170 634 extiterunt.

316 652 351 686 8.
404 653 500 687 Duae
526 657 601 686 sunt
623 658 735 686 autem
763 652 982 696 epiphaniae,
1016 654 1142 696 prima,
1170 652 1202 684 in
1231 663 1298 695 qua
1325 656 1418 684 natus
1445 650 1596 684 Christus
1622 652 1807 696 pastoribus
1818 648 1842 669 ¹⁸
1869 653 2107 685 Hebraeorum

154 706 277 751 angeio
305 705 480 738 nunciante
508 705 682 750 apparuit,
717 703 882 747 secunda,
916 704 949 736 in
976 716 1042 748 qua
1077 716 1116 737 ex
1149 704 1298 749 gentium
1325 704 1462 748 populis
1475 700 1497 720 ¹³
1525 704 1620 736 stella
1654 703 1764 737 indice
1797 705 1968 749 praesepis
2003 715 2107 738 cuna-

153 760 235 794 bula
260 758 385 802 Magos
411 757 608 790 adoraturos
623 753 646 774 ’Β
669 755 828 789 exhibuit.

319 809 354 842 9.
407 809 623 854 Scenopegia
649 808 824 840 solennitas
850 807 1103 848 Hebraeorum,
1143 806 1186 839 de
1214 807 1349 840 Graeco
1377 807 1409 838 in
1437 806 1592 838 Latinum
1619 806 1911 844 tabernaculorum
1940 805 2109 839 dedicatio

155 865 411 906 interpretatur,
454 871 541 904 quae
568 860 803 894 celebrabatur
831 870 849 890 a
877 859 1008 891 ludaeis
1035 859 1066 890 in
1095 860 1291 891 memoriam
1328 858 1564 903 expeditionis,
1605 869 1680 891 cum
1707 858 1750 890 ab
1774 860 1934 902 Aegypto
1962 858 2110 902 promoti

156 915 189 948 in
216 913 438 947 tabernaculis
469 912 616 957 agebant
628 908 671 952 ¹⁹,
706 916 738 943 et
772 922 812 943 ex
846 921 888 942 eo
923 907 1173 954 scenopegiam,

1226 906 1347 957 Σκήνη
1375 910 1463 942 enim
1491 911 1625 943 Graece
1663 910 1917 943 tabernaculum
1928 906 1949 927 ²¹
1980 909 2108 942 dicitur.

156 966 256 1008 Quae
284 964 462 997 solennitas
489 964 582 1008 apud
609 963 786 996 Hebraeos
813 962 1008 1006 Septembri
1035 973 1146 994 mense
1170 958 1449 995 celebrabaturfl.

324 1015 382 1048 10.
437 1016 624 1049 Neomenia
648 1015 739 1058 apud
764 1010 936 1046 Latinos²³
963 1013 1129 1046 kalendae
1143 1010 1185 1054 ²¹,
1213 1013 1305 1058 apud
1334 1013 1512 1046 Hebraeos
1536 1018 1666 1055 autem,
1701 1012 1777 1055 quia
1805 1012 1988 1047 secundum
2016 1012 2111 1044 luna-

155 1081 227 1103 rem
271 1078 403 1102 cursum
437 1079 566 1100 menses
608 1071 844 1111 supputantur,
893 1070 925 1098 et
959 1066 1090 1100 Graece
1123 1061 1216 1113 μήνη
1258 1066 1337 1098 luna
1380 1065 1589 1109 appellatur,
1634 1063 1712 1097 inde
1750 1065 1943 1105 neomenia,
1991 1063 2025 1096 id
2066 1070 2113 1097 est

156 1132 242 1154 nova
271 1120 359 1153 luna.

158 1224 202 1256 de
229 1223 349 1266 quibus
382 1221 415 1253 in
446 1221 607 1253 Psalterio
640 1216 812 1253 ‹licitur²⁸:

158 1275 202 1308 tis
223 1277 372 1307 vestrae.

160 1424 339 1463 Octobri35
366 1438 482 1460 mense
508 1427 680 1461 celebrant
691 1422 725 1458 ³⁸.

438 1170 542 1203 Erant
577 1166 700 1202 enim²⁵
727 1168 819 1213 apud
854 1168 1028 1200 Hebraeos
1063 1167 1125 1211 ipsi
1161 1165 1266 1201 dies2ss
1298 1167 1519 1199 kalendarum
1555 1166 1754 1199 institutione
1788 1163 1924 1210 legali²³
1951 1168 2113 1207 solennes,

868 1219 971 1252 Canit
984 1216 1008 1235 ²⁹
1039 1219 1073 1251 in
1101 1217 1233 1251 ἰηὶἱὶο30
1260 1219 1386 1252 mensis
1418 1218 1522 1260 tuba,
1561 1219 1596 1251 in
1630 1218 1689 1250 die
1723 1218 1854 1262 insigni
1867 1214 1892 1234 ³¹

1924 1219 2114 1251 solennita-

440 1323 608 1357 Encaenia
619 1318 644 1339 ³²
671 1327 719 1354 est
738 1332 825 1354 nova
845 1321 962 1365 templi
983 1320 1153 1354 dedicatio
1165 1317 1199 1353 ³³.
1236 1320 1369 1353 Graece
1395 1320 1480 1353 euim
1503 1316 1627 1355 καινόν
1655 1319 1775 1353 (licitur
1802 1330 1933 1352 novum.
1970 1321 2115 1361 Quando

161 1377 248 1411 enim
276 1375 404 1419 aliquid
431 1386 554 1408 novum
583 1373 775 1416 dedicatur,
812 1373 969 1407 encaenia
996 1373 1127 1408 (licitur.

1182 1372 1281 1406 lianc
1308 1372 1527 1406 dedicationis
1539 1369 1563 1389 ³³
1592 1372 1708 1416 templi
1743 1371 1973 1405 solennitatem
1999 1372 2113 1405 ludaei

329 1478 388 1511 13.
441 1479 521 1511 Dies
548 1478 738 1522 palmarum
766 1476 844 1509 ideo
866 1476 996 1517 dicitur,
1020 1476 1097 1518 quia
1123 1475 1155 1506 in
1184 1486 1224 1507 eo
1245 1475 1407 1507 Dominus
1436 1478 1468 1506 et
1495 1474 1638 1507 salvator
1664 1480 1785 1515 noster,
1809 1474 1891 1508 sicut
1912 1471 2117 1519 P1·0pheta³'¹

163 1530 299 1569 cecinit,
327 1530 538 1562 Hierusalem
549 1526 574 1546 ³⁸
600 1528 739 1562 tendens
765 1528 904 1561 asellum
917 1525 941 1545 ³¹³
967 1527 1088 1559 sedisse
1115 1526 1322 1570 perhibetur.

1375 1526 1474 1558 Tunc
1507 1525 1663 1569 gradiens
1695 1537 1772 1559 cum
1806 1527 1903 1558 ramis
1931 1528 2117 1570 palmarum

163 1580 343 1616 multitudo
372 1581 523 1625 plebium
551 1580 685 1613 obviam
712 1579 742 1612 ei
770 1580 1015 1613 clamaverunt:
1044 1578 1202 1618 Osanna,
1230 1577 1442 1619 benedictus,
1469 1577 1528 1621 qai
1550 1577 1641 1610 venit
1671 1577 1706 1610 ἱη
1732 1578 1869 1611 nomine
1883 1578 2029 1611 Domini
2053 1588 2118 1611 rex

171 1634 314 1667 Israelis
328 1629 360 1665 ¹⁰.

334 1683 393 1718 14.
449 1683 579 1728 Vulgus
612 1687 723 1715 autem
757 1680 835 1715 ideo
864 1680 955 1714 hunc
983 1681 1073 1714 diem
1086 1677 1109 1697 ⁴¹
1139 1674 1414 1725 Capitilavium⁴²

255 1783 280 1822 1)
307 1785 499 1812 Pentecosten
529 1784 585 1813 Gu.
612 1785 638 1815 1.
660 1786 690 1815 2.
719 1799 757 1804 -—
789 1784 975 1811 pentecostes
1005 1791 1051 1821 pr.
1077 1791 1122 1810 va.

167 1843 200 1849 —
224 1825 257 1865 Ξ)
280 1826 328 1854 Sic
352 1828 409 1856 Gu.
427 1829 454 1859 1.
471 1830 501 1859 2.
517 1837 562 1866 pr.
578 1836 623 1855 va.
642 1825 692 1855 Ar.
706 1842 746 1846 —
762 1831 804 1854 est
825 1825 906 1863 vulg.
932 1841 974 1846 —
996 1826 1026 1861 3)
1044 1835 1124 1863 quae

168 1870 220 1899 Ar.
242 1885 283 1890 —-
316 1868 345 1907 4)
368 1869 418 1898 Sic
442 1869 499 1899 Gu.
514 1873 541 1900 1.
565 1871 593 1900 2.
616 1879 661 1908 pr.
682 1879 727 1897 va.
750 1885 788 1890 —-
813 1867 900 1905 Vulg.
924 1866 1059 1894 decades.
1083 1884 1120 1890 .—

169 1913 200 1950 5)
223 1912 271 1940 Sic
285 1911 341 1940 Gu.
358 1915 388 1944 1,
403 1929 441 1935 —
457 1912 624 1940 celebratur
638 1912 720 1950 vulg.
735 1927 778 1934 -—-
798 1910 951 1938 colebatur
969 1910 1006 1938 al.
1025 1925 1067 1931 —
1089 1910 1121 1945 (J)

171 1955 285 1984 Latine
306 1953 410 1983 addidi
433 1964 449 1982 e
471 1954 528 1982 Gu.
552 1958 578 1986 1.
602 1970 642 1976 --
667 1954 696 1993 7)
721 1955 776 1993 qui
797 1953 836 1982 al.
858 1970 897 1976 —
922 1952 950 1991 8)
968 1953 1122 1991 profutu-

172 2007 239 2026 ram
261 1996 308 2036 (ut
330 1996 383 2034 al.)
407 1998 593 2025 remissionis
618 1998 675 2028 Gu.
689 2000 715 2029 1.
729 2013 767 2018 —
786 2007 843 2035 per
855 1997 1006 2033 futuram
1030 1994 1068 2024 al.
1086 2010 1122 2015 —-

171 2039 200 2078 9)
211 2039 447 2078 praefiguratur
469 2039 506 2068 al.
530 2050 576 2078 pr.
591 2049 636 2067 va.
652 2056 693 2062 —-
719 2041 762 2076 10)
777 2041 839 2067 sive
861 2038 1072 2075 mamsestatio
1086 2037 1123 2065 al.

173 2092 232 2111 orn.
259 2098 298 2102 —
322 2080 369 2121 11)
386 2081 501 2110 Eodem
525 2083 581 2110 Gu.
597 2085 626 2114 2.
651 2098 689 2103 —-
710 2080 755 2121 12)
779 2082 827 2109 Sic
843 2082 900 2110 Gu.
916 2084 942 2112 1.
959 2083 987 2112 2.
1011 2090 1057 2108 va.
1074 2080 1123 2108 Ar.

173 2141 216 2148 -—
239 2126 385 2162 apparuit
407 2126 509 2163 magis
529 2125 608 2162 vulg.
631 2139 672 2146 —
706 2127 748 2161 13)
770 2124 858 2162 Vulg.
873 2125 984 2162 figura
1009 2124 1125 2161 primil-

175 2169 256 2203 tiae,
280 2166 332 2195 sed
354 2167 482 2205 figura,
513 2177 588 2206 quae
618 2171 662 2195 est
689 2167 815 2204 genitivi
845 2165 1008 2205 possessivi
1037 2165 1127 2193 inter-

176 2208 324 2250 pretatio,
346 2219 403 2238 orn.
427 2210 485 2240 Gu.
505 2213 532 2240 1.
550 2228 587 2233 .-
616 2210 660 2245 14)
686 2215 710 2236 et
734 2220 790 2238 om.
812 2210 868 2239 Gu.
892 2212 921 2241 2.
947 2227 985 2231 -
1021 2210 1062 2243 15)
1078 2208 1126 2236 Sic

178 2254 236 2282 Gu.
254 2254 284 2283 1.
304 2267 347 2273 --
369 2251 457 2290 Vulg.
481 2253 514 2281 in
536 2253 595 2280 ι’ἱη.
612 2262 719 2290 aquae.
738 2268 780 2274 —
804 2251 850 2290 16)
864 2257 959 2279 natus
981 2255 1023 2278 est
1041 2250 1128 2278 Chri-

178 2301 245 2324 stus
267 2299 295 2322 et
311 2299 394 2333 past.
413 2294 450 2323 al.
472 2310 515 2318 —-
538 2296 582 2330 17)
594 2295 709 2332 populo
732 2294 769 2323 al.
793 2309 831 2315 --
858 2297 901 2328 18)
924 2294 1026 2331 magis
1047 2292 1128 2320 ado-

180 2343 309 2366 raturus
337 2337 377 2367 al.
408 2354 447 2359 ——
478 2338 580 2376 magis
602 2336 781 2365 adoraturis
804 2336 856 2365 Ar.
880 2353 920 2358 —-
943 2341 1019 2374 aput
1049 2338 1128 2374 sepis

182 2391 237 2419 pro
255 2381 411 2419 praesepis
428 2390 473 2409 va.
494 2396 535 2402 --
558 2378 603 2419 19)
627 2380 798 2419 agebantur
817 2379 875 2407 Gu.
898 2382 923 2411 1.
950 2389 994 2417 pr.
1016 2388 1063 2407 va.
1087 2395 1128 2401 --

1442 1675 1591 1721 vocat⁴³,
1627 1678 1706 1722 quia
1739 1685 1817 1712 tunc
1850 1691 1922 1712 mos
1934 1676 1958 1696 ⁴⁴
1986 1685 2034 1712 est
2068 1680 2118 1712 la-

1165 1781 1213 1818 20)
1226 1781 1311 1818 Vulg.
1327 1779 1393 1808 add.
1410 1778 1534 1816 dicitur,
1558 1778 1639 1817 quod
1656 1789 1712 1808 om.
1730 1780 1785 1808 Gu.
1801 1782 1825 1810 1.
1837 1781 1865 1810 2.
1883 1789 1928 1818 pr.
1947 1789 1991 1808 va.
2006 1795 2048 1801 —
2071 1779 2117 1817 21)

1165 1823 1253 1862 Vulg.
1284 1825 1397 1851 Latine
1424 1822 1555 1858 tabern.‚
1584 1822 1636 1849 sed
1664 1823 1776 1849 Latine
1799 1832 1856 1850 om.
1890 1823 1945 1850 Gu.
1972 1825 1998 1853 1.
2016 1825 2046 1854 2.
2068 1832 2116 1850 va.

1166 1866 1217 1897 Ar,
1234 1883 1270 1889 —-
1296 1869 1341 1900 22)
1366 1865 1531 1893 celebratur
1555 1865 1612 1892 Gu.
1634 1866 1662 1894 2.
1686 1865 1724 1894 al.
1749 1874 1794 1902 pr.
1812 1882 1850 1887 —-
1877 1867 1923 1901 ΞΒ)
1948 1865 1997 1893 Sic
2021 1866 2116 1896 Gu.1.

1165 1919 1222 1949 pro
1239 1909 1320 1946 vulg.
1345 1919 1408 1936 nos.
1427 1923 1468 1930 --
1489 1908 1537 1944 24)
1551 1906 1689 1934 kalendis
1712 1906 1779 1935 dies
1799 1907 1858 1937 Gu.
1878 1910 1903 1938 1.
1918 1923 1960 1930 —-
1980 1907 2030 1947 2⁵)
2041 1909 2118 1936 enim

1166 1962 1225 1980 om.
1247 1961 1294 1980 va.
1319 1967 1360 1972 —
1382 1954 1430 1986 26)
1451 1949 1517 1978 dies
1540 1960 1597 1979 om.
1621 1950 1676 1977 Gu.
1702 1953 1728 1981 1.
1752 1967 1794 1971 —-
1818 1950 1866 1986 27)
1887 1949 1936 1978 Sic
1962 1949 2016 1978 Gu.
2036 1953 2062 1980 1.
2077 1965 2117 1971 —

1166 1994 1255 2032 Vulg.
1279 2004 1312 2022 ex
1336 1994 1430 2031 legali
1452 1994 1548 2021 instit.
1564 2008 1603 2012 —
1620 1993 1718 2030 regali
1742 1994 1812 2021 inst.
1837 1992 1894 2022 Gu.
1912 1995 1941 2023 2.
1957 2007 2000 2014 --
2013 1992 2059 2031 28)
2069 1992 2117 2020 Sic

1168 2038 1226 2067 Gu.
1243 2041 1269 2068 1.
1285 2039 1313 2067 2.
1337 2047 1383 2075 pr.
1402 2045 1449 2065 va.
1470 2035 1506 2064 al.
1530 2052 1568 2056 -—-
1600 2035 1686 2072 vulg.
1703 2034 1820 2063 dicitur
1845 2036 1876 2062 in
1898 2034 2034 2062 Psalmo.
2059 2035 2118 2063 Lo-

1168 2090 1221 2108 cus
1244 2083 1288 2108 est
1311 2081 1368 2116 81,
1393 2078 1421 2108 4.
1446 2096 1483 2100 ——
1507 2078 1555 2115 29)
1582 2078 1709 2106 ammte
1731 2078 1768 2107 al.
1791 2093 1834 2099 —-
1860 2074 1908 2115 30)
1925 2077 1957 2103 ιή
1980 2076 2083 2105 addidi
2102 2087 2118 2106 e

1170 2123 1227 2151 Gu.
1247 2125 1273 2153 1.
1297 2121 1335 2150 al.
1360 2137 1397 2143 —
1420 2121 1610 2158 31)insignis
1627 2121 1665 2149 al.
1692 2137 1726 2142 ——
1752 2121 1802 2157 32)
1825 2118 1911 2155 Vulg.
1927 2124 2027 2147 autem
2040 2119 2118 2155 add„

1169 2165 1250 2203 quod
1274 2174 1331 2193 om.
1361 2165 1418 2192 Gu.
1444 2165 1469 2194 1.
1492 2179 1533 2184 —
1563 2165 1640 2190 enlm
1668 2163 1778 2191 omisso
1799 2167 1841 2190 est
1873 2162 1929 2191 Gu.
1954 2164 1984 2193 2.
2005 2177 2044 2183 —
2070 2164 2116 2196 ³³)

1168 2207 1342 2245 aedificatio
1365 2206 1402 2234 al.
1426 2209 1455 2233 et
1477 2205 1597 2243 gothici,
1624 2221 1659 2226 —
1691 2204 1738 2245 34)
1761 2203 1981 2232 dedicationem
2012 2204 2067 2232 Gu.
2087 2206 2117 2235 2.

1169 2267 1211 2272 —
1231 2248 1280 2289 35)
1300 2249 1438 2278 Octobris
1460 2258 1505 2286 pr.
1529 2264 1566 2269 -
1591 2247 1638 2287 36)
1662 2248 1711 2276 Sic
1728 2249 1784 2276 Gu.
1807 2250 1832 2278 1.
1859 2263 1896 2268 —
1929 2246 2118 2274 celebrabant

1169 2292 1205 2321 al.
1231 2307 1272 2314 --
1295 2291 1428 2319 colebant
1451 2291 1531 2329 vulg.
1555 2308 1598 2312 -
1619 2289 1667 2330 37)
1682 2289 1804 2319 Zachar.
1822 2291 1851 2325 9,
1865 2291 1893 2321 9.
1919 2305 1954 2311 —
1979 2290 2027 2327 38)
2050 2290 2118 2317 Hie-

1170 2335 1355 2375 rosofismam
1376 2334 1412 2362 al.
1435 2349 1472 2355 —-
1501 2333 1550 2372 39)
1575 2334 1623 2362 Sic
1643 2334 1700 2362 Gu.
1724 2335 1750 2364 1.
1774 2335 1802 2363 2,
1831 2341 1873 2370 pr.
1892 2331 1940 2360 Ar.
1964 2347 2002 2353 —
2024 2332 2118 2359 asello

1169 2378 1251 2416 vulg.
1290 2376 1365 2406 Vide
1387 2377 1521 2406 Munker.
1544 2376 1610 2407 1nd.
1633 2376 1671 2405 ad
1693 2375 1799 2414 Hygia.
1822 2384 1849 2402 v.
1873 2373 1985 2403 Sedere.
2010 2392 2047 2397 --
2070 2375 2118 2409 40)

1712 2436 1723 2452 t
