2203 2829
164 83 240 118 210

329 173 388 208 25.
442 175 578 210 Oblatio
607 180 766 217 vocatur,
792 172 893 220 quial
915 175 1067 209 offertur.

862 79 1040 115 ISIDORI
1065 81 1247 116 HISPAL.
1274 83 1419 119 EPISC.

328 227 386 262 26.
441 228 538 261 Dona
559 228 672 261 divina
696 225 861 272 proprie²
888 227 1061 270 dicuntur,
1087 239 1224 262 munera
1252 226 1441 262 hominum.

328 279 386 312 27.

163 328 304 373 ltaque⁴
332 343 447 364 munus
474 331 602 363 homini
630 331 742 372 (latur,
771 332 896 364 donum
924 332 1008 366 Deo.

441 281 529 314 Nam
551 292 689 313 munera
716 280 871 313 (licuntur
901 280 1081 323 obsequia,
1123 292 1210 324 quae
1241 292 1407 325 pauperes
1443 281 1599 314 divitibus
1632 281 1712 314 loco
1742 278 1941 315 munerum‘*
1977 284 2119 320 solvunt.

1062 332 1162 365 Unde
1190 333 1288 365 etiam
1316 333 1348 365 in
1364 333 1499 378 templis
1525 333 1665 366 donaria
1687 332 1836 367 dicimus.

1896 334 2039 369 Munera
2061 349 2119 370 au-

162 388 228 415 tem
256 389 434 422 vocantur,
462 383 541 425 quia
567 383 721 416 manibus
747 384 800 416 vel
827 384 1053 428 accipiuntur,
1084 384 1138 416 vel
1166 384 1296 418 dantur.

327 434 388 467 28.
440 434 516 467 Duo
543 439 616 466 sunt
639 432 789 476 autem5,
823 447 909 479 quae
933 435 1140 475 offeruntur,
1168 435 1293 469 donum
1322 440 1355 468 et.
1382 435 1592 469 sacrificium.

326 485 385 517 23».

439 485 571 518 Donum
601 486 738 527 (licitur,
766 487 926 531 quicquid
954 499 1053 527 auro,
1078 493 1134 520 aut
1159 484 1339 532 argento¹⁵‚
1367 487 1422 520 vel
1449 488 1513 520 alia
1541 487 1691 530 qualibet
1718 484 1857 531 specie⁷
1879 487 2034 521 eflicitur.

325 536 384 569 30.
436 537 645 571 Sacrificium
679 544 789 572 autem
828 544 876 572 est
909 539 1043 572 victima
1079 545 1111 572 et
1146 550 1364 582 quaecunque
1396 539 1429 571 in
1464 551 1521 572 ara
1555 536 1785 579 crenmnturfl,
1836 550 1893 572 seu
1929 545 2109 584 ponuntur.

160 586 272 620 Omne
298 594 408 621 autem
430 590 522 631 quod
553 590 650 623 datur
677 587 782 629 De09,
811 597 866 623 aut
893 591 1086 631 dedicatur,
1121 597 1177 623 aut
1207 596 1428 625 consecratur.

592 641 695 675 Unde
709 639 731 659 ¹⁰
759 647 884 683 errant,
912 643 968 686 qni
996 643 1243 676 dedicationem
1259 640 1281 660 ¹¹
1309 643 1593 676 consecrationem
1620 647 1739 686 putant
1764 643 1952 687 siguificare
1990 668 1997 676 .

437 701 628 734 immolatio
663 703 706 735 ab
735 704 874 746 antiquis
902 703 1010 743 (licta,
1049 714 1089 735 eo
1118 703 1211 745 quod
1247 703 1279 734 in
1306 703 1397 735 mola
1411 698 1434 718 ¹³
1462 702 1573 734 altaris
1606 703 1717 746 posita
1744 702 1876 736 victima
1904 703 2114 738 caederetur.

1036 756 1134 787 Nunc
1161 759 1271 787 autem
1299 754 1485 787 immolatio
1513 753 1591 798 pani
1609 751 1631 771 ¹¹
1666 759 1699 787 et
1725 755 1820 788 calici
1847 756 2024 795 convenit,
2071 755 2114 788 li-

160 639 248 671 unde
275 645 308 673 et
335 641 536 684 appellatur.

324 699 383 732 31.

161 750 259 783 Unde
285 757 317 784 et
350 754 507 785 mactatio
535 759 610 797 post
638 755 902 787 immolationem
925 759 982 787 est.

158 802 249 835 batio
279 808 389 836 autem
416 805 651 838 tantummodo
675 807 787 839 calicis
814 806 940 839 oblatio
967 811 1024 839 est.

323 863 384 898 32.

156 919 280 947 tarum:
308 914 422 955 Nune,
451 916 566 959 inquit,
588 922 742 962 pateras
769 918 877 952 libate
904 918 979 951 Iovi
993 914 1025 950 ¹⁷.

439 864 528 898 Hinc
550 871 596 897 est
623 866 727 899 illud:
754 867 802 899 Et
815 864 837 884 ¹⁵
865 866 987 900 libavit
1015 865 1061 898 de
1087 866 1264 910 sanguine
1290 877 1390 899 uvae.

1078 918 1200 950 Libare
1228 918 1314 950 enim
1328 914 1350 934 ¹⁵³
1377 918 1514 962 proprie
1538 917 1680 951 fundere
1701 923 1766 958 est,
1796 922 2032 962 sumptumque
2052 927 2112 948 no-

1480 590 1584 631 Quod
1611 590 1802 630 dedicatur,
1833 590 1977 624 dicendo
2002 592 2112 633 datur,

1966 640 1988 660 12

1526 862 1574 898 tlss

1444 865 1523 899 Sicu
1602 871 1634 898 et
1657 865 1855 899 secularium
1873 864 2008 909 quidam
2026 875 2111 909 poe-

158 977 233 997 men
261 962 342 998 est¹⁹
369 978 408 999 ex
420 965 445 985 ²⁰
472 968 596 1001 Libero
619 970 785 1012 quodam,
813 971 870 1014 qui
898 971 929 1003 in
957 970 1101 1002 Graecia
1129 981 1223 1002 usum
1251 970 1376 1013 reperit
1402 970 1485 1004 vitis.

323 1025 381 1059 33.

157 1082 345 1121 pergerent.

321 1136 379 1169 34.
435 1138 600 1172 victimae
629 1152 708 1173 vero
737 1141 916 1183 sacrificia,

156 1191 247 1219 erant
270 1188 421 1221 victimae
449 1191 576 1223 maiora
604 1193 781 1233 sacrificia,
809 1204 908 1235 quam
937 1192 1077 1224 hostiae.

320 1297 379 1331 35.

435 1300 680 1335 Holocaustum
711 1303 795 1336 illud
825 1308 890 1345 est,
931 1303 986 1335 ubi
1020 1308 1125 1334 totum
1165 1302 1243 1347 igne
1258 1298 1283 1317 ²³
1319 1303 1537 1343 consumitur,

436 1027 576 1062 Hostiae
612 1030 704 1074 apud
740 1034 866 1063 veteres
900 1030 1096 1063 dicebantur
1131 1030 1308 1071 sacrificia,
1355 1041 1441 1073 quae
1468 1029 1610 1070 fiebant,
1653 1033 1831 1073 antequam
1866 1028 1909 1061 ad
1944 1023 2110 1060 hostem²¹

948 1152 1034 1184 quae
1062 1144 1138 1185 post
1165 1140 1338 1174 victoriam
1367 1139 1505 1174 devictis
1531 1139 1683 1172 hostibus
1710 1134 2014 1173 immolabanturfl.
2067 1137 2111 1171 Et

1133 1192 1200 1224 Alii
1225 1192 1390 1225 victimam
1418 1193 1542 1225 dictam
1575 1197 1791 1237 putaverunt,
1830 1192 1908 1234 quia
1936 1191 2002 1224 ictu
2030 1200 2111 1232 per-

156 1249 248 1271 cussa
272 1239 433 1281 cadebat,
462 1241 514 1273 vel
537 1242 614 1284 quia
644 1243 751 1276 vincta
781 1244 823 1275 ad
852 1255 923 1275 aras
951 1243 1145 1276 ducebatur.

1598 1303 1690 1346 quod
1725 1303 1865 1335 offertur
1873 1300 1908 1335 Ἠ.
1973 1300 2109 1343 Antiqui

156 1350 241 1382 enim
271 1360 347 1383 cum
377 1352 518 1384 maxima
541 1354 701 1387 sacrificia
726 1355 991 1387 administrarent
1001 1351 1036 1396 ²5,
1055 1354 1208 1386 solebant
1235 1358 1319 1386 totas
1346 1353 1471 1386 hostias
1499 1355 1531 1387 in
1553 1366 1722 1388 sacrorum
1744 1366 1940 1387 consumere
1962 1353 2108 1390 flamma,

155 1407 186 1433 et
213 1402 284 1444 ipsa
313 1408 404 1435 erant
433 1403 734 1440 holocaustomata.

154 1457 238 1485 stum
267 1459 371 1486 totum
398 1455 577 1488 incensum.

804 1404 917 1442 ‘'Ollov
945 1406 1031 1438 enim
1061 1406 1193 1438 Graece
1220 1411 1327 1438 totum
1356 1405 1494 1447 dicitur,
1531 1406 1653 1445 καῦσις
1679 1407 1844 1446 incensio,
1881 1410 1915 1438 et
1942 1404 2108 1436 holocau-

320 1513 378 1549 36.
432 1514 643 1549 Cerimoniae
670 1517 761 1562 apr-nl
791 1517 927 1549 Latinos
962 1517 1116 1549 dicuntur
1144 1527 1237 1549 sacra
1265 1517 1393 1556 omnia,
1430 1528 1516 1560 quae
1544 1517 1636 1562 apud
1665 1517 1814 1550 Graecos
1843 1515 1951 1562 Orgia
1986 1524 2107 1547 vocan-

155 1568 215 1596 tul·-

156 1666 188 1698 in
212 1678 270 1700 usu
298 1674 345 1700 est
373 1670 541 1702 literarum
569 1676 766 1704 sanctarum.

320 1719 377 1753 37.
431 1722 497 1754 Alii
511 1719 538 1739 ²³
563 1723 758 1756 cerimonias
785 1723 925 1768 proprie
951 1724 984 1756 in
1013 1722 1297 1756 observationibus
1324 1722 1526 1756 Iudaeorum
1556 1721 1713 1762 credunt,
1743 1721 1973 1754 abstinentiam

244 1830 270 1863 1)
288 1830 362 1865 qnia
388 1829 445 1859 Gu.
463 1833 488 1861 1.
506 1848 543 1852 —
568 1829 596 1869 2)
613 1831 661 1860 Sic
678 1832 734 1860 Gn.
754 1835 777 1862 1.
797 1850 833 1854 -—
853 1833 976 1870 proprie
999 1831 1108 1860 divina

158 1868 206 1896 Ar.
222 1885 263 1889 —
280 1870 365 1907 Vulg.
378 1874 500 1910 proprie
524 1875 584 1900 Dei
597 1890 639 1896 ——
658 1875 752 1905 Gu.2.
779 1884 870 1913 snpra
895 1884 972 1903 vere.
997 1874 1045 1901 dei
1062 1874 1107 1901 di-

155 1912 229 1938 vina
248 1928 286 1933 —
312 1912 360 1939 dri
378 1917 498 1952 proprie
520 1926 565 1943 va.
596 1933 637 1937 —
666 1917 694 1955 3)
718 1918 851 1944 muneris
871 1917 906 1944 al.
934 1933 973 1941 —
1000 1919 1031 1954 4)
1059 1917 1107 1944 Sic

157 1954 213 1982 Gu.
233 1957 258 1984 1.
287 1973 323 1977 —
354 1956 402 1983 lta
425 1957 504 1994 vulg.
534 1975 571 1978 —
612 1958 640 1997 5)
665 1961 712 1987 Sic
736 1961 793 1989 Gu.
820 1963 845 1991 1.
870 1970 916 1987 va.
942 1977 979 1982 -—
1006 1965 1107 1987 aulem

156 2002 227 2023 sun!
251 1998 329 2035 vulg.
355 2015 395 2019 —
427 2000 456 2035 6)
476 2000 524 2027 sic
551 2001 608 2030 Gu.
633 2005 658 2031 1.
682 2018 724 2024 —
742 2013 819 2030 auro
843 2008 1027 2040 argentoque
1051 2003 1107 2029 Gu-

157 2041 185 2071 2.
209 2048 252 2077 pr.
276 2049 322 2068 va.
348 2041 394 2069 Ar.
421 2058 463 2062 -—
499 2041 582 2080 Vulg,
610 2050 733 2081 argento
764 2055 906 2082 auroque.
934 2062 975 2066 —
1006 2044 1034 2082 7)
1058 2045 1106 2072 Sic

159 2081 258 2112 Gu.1,.
282 2099 321 2103 --
346 2083 431 2120 Vulg.
461 2090 515 2111 (ml
545 2086 677 2123 ‹snalt'bel
708 2087 774 2114 aliu
804 2089 909 2125 specie.
932 2104 973 2108 ——
1004 2086 1031 2126 S)
1057 2087 1105 2114 Sic

157 2124 214 2151 Gu.
236 2128 260 2155 1.
277 2127 304 2156 2.
328 2135 373 2163 pr.
394 2136 437 2152 va.
454 2143 491 2147 —
514 2126 598 2165 Vulg.
620 2135 790 2156 cremantur
812 2131 844 2157 in.
867 2140 932 2158 ara.
956 2147 990 2150 —
1013 2132 1040 2165 9)
1058 2130 1105 2157 Sic

158 2167 215 2195 Gn.
244 2169 269 2197 1.
289 2184 327 2188 ——
353 2169 418 2195 Dm
443 2167 537 2196 datar
561 2170 639 2206 vulg.
661 2187 701 2191 —
725 2179 779 2199 uu!
803 2183 931 2199 con-secr.
960 2177 1015 2199 aul
1039 2171 1105 2201 dal.

159 2209 215 2236 Gu.
231 2211 258 2240 2.
278 2210 316 2238 al.
336 2226 376 2231 -—
410 2209 452 2249 lli)
474 2211 558 2248 Vulg.
583 2211 662 2240 unde
685 2219 727 2250 et,
749 2214 802 2243 sed
826 2220 851 2242 et
875 2225 930 2243 0111.
956 2215 1011 2242 Gu.
1032 2218 1055 2245 1.
1074 2218 1103 2246 2.

160 2251 207 2279 ΑΓ.
228 2268 269 2273 -
296 2254 342 2288 11)
366 2252 583 2281 dedicationem
607 2265 664 2283 om.
688 2256 725 2284 al.
745 2272 786 2277 —
817 2258 1050 2295 1⁶2)sc2g11zyicr1ri
1070 2258 1105 2285 al.

158 2303 202 2332 pr.
226 2304 274 2323 va.
301 2313 338 2317 —
366 2294 409 2335 13)
433 2296 481 2324 Sic
497 2297 552 2325 Gu.
574 2300 597 2328 1.
615 2316 650 2319 —
671 2299 745 2325 mole
768 2299 844 2336 vulg.
869 2314 903 2318 —
932 2304 974 2331 14)
991 2301 1038 2327 Sic
1058 2301 1105 2329 Ar.

161 2352 194 2357 -
209 2336 292 2375 Vulg.
304 2348 398 2375 pam-r
421 2345 445 2365 et
470 2340 627 2366 calicis—
639 2340 693 2368 Gu.
705 2343 731 2371 1.
744 2344 771 2372 2.
784 2341 821 2369 al.
839 2341 949 2378 gothici
971 2347 997 2370 et
1013 2353 1059 2382 pr.
1076 2348 1105 2372 et

270 1564 410 1610 Proprie
438 1572 549 1600 autem
572 1568 676 1600 visum
706 1573 754 1601 est
781 1568 974 1601 doctoribus
1002 1581 1021 1601 a
1049 1567 1196 1602 carendo
1232 1567 1400 1612 appellari
1427 1569 1641 1609 cerimonias,
1682 1569 1775 1613 quasi
1811 1568 2028 1607 carimonias,
2065 1577 2106 1598 eo

155 1615 247 1657 quod
272 1629 328 1657 ea,
356 1629 441 1660 quae
463 1620 495 1650 in
519 1619 617 1652 sacris
639 1619 753 1651 (livinis
779 1620 983 1661 offeruntur,
1012 1621 1043 1652 in
1070 1631 1130 1652 suo
1154 1631 1212 1652 usu
1239 1619 1292 1651 his

1304 1615 1329 1635 ²⁶
1352 1625 1502 1652 carerent
1518 1619 1688 1661 homines,
1715 1619 1808 1663 quod
1832 1630 1954 1651 nomen
1971 1613 2107 1650 etiam⁷¹

1986 1715 2011 1736 ²⁹
2038 1720 2103 1754 sci-

1151 1832 1220 1861 edit.
1237 1831 1325 1862 Goth,
1345 1833 1440 1870 panis
1462 1837 1488 1858 et
1511 1832 1610 1859 calici.
1658 1830 1734 1859 Edit.
1765 1841 1810 1859 va.
1835 1833 1931 1869 panis
1953 1834 1980 1857 ct
2002 1829 2103 1858 calici.

1152 1893 1190 1896 -
1217 1875 1260 1913 15)
1285 1880 1309 1901 ft
1335 1884 1391 1902 om.
1417 1875 1473 1902 Gu.
1488 1876 1518 1904 2,
1564 1873 1661 1900 Locus
1684 1878 1727 1901 est
1745 1873 1912 1902 Ecclesiast.
1925 1873 1976 1908 50,
1997 1875 2045 1904 17-
2062 1888 2103 1894 -·

1154 1919 1199 1953 16)
1223 1918 1271 1945 Sic
1296 1918 1352 1944 (J'u.
1382 1920 1406 1947 1.
1431 1919 1458 1947 2.
1482 1933 1523 1937 —
1549 1915 1633 1953 Vulg.
1657 1918 1710 1944 sic.
1738 1934 1773 1937 —
1804 1918 1848 1951 17)
1871 1917 1966 1945 Locus
1990 1920 2034 1944 est
2056 1925 2101 1952 ap.

1152 1960 1232 1997 Virg.
1257 1960 1327 1988 Aen.
1345 1959 1409 1993 VH,
1434 1961 1501 1991 133.
1532 1975 1569 1979 —
1601 1960 1644 1992 13)
1666 1965 1765 1986 autem
1791 1960 1847 1987 Gu.
1873 1963 1901 1991 2.
1924 1975 1964 1981 ·-—
1999 1960 2040 1995 19)
2059 1963 2103 1985 esc

1152 2002 1253 2030 addidi
1280 2011 1295 2030 e
1319 2002 1375 2030 Gu.
1396 2004 1422 2031 1.
1445 2018 1487 2023 —
1506 2007 1546 2028 est
1570 2012 1675 2028 nomen
1699 2002 1757 2030 Gu.
1779 2004 1807 2032 2.
1829 2018 1871 2023 -
1900 2001 1948 2039 20)
1970 2000 2018 2027 Sic
2044 2000 2100 2028 Gn.

1151 2048 1177 2076 1.
1193 2047 1220 2075 2.
1243 2062 1283 2065 —
1303 2044 1388 2081 Vulg.
1410 2043 1453 2073 de,
1475 2061 1516 2065 —-
1546 2047 1594 2080 21)
1618 2044 1717 2072 hostes
1740 2045 1839 2076 GU.2.
1866 2060 1903 2066 -——
1927 2043 1975 2080 22)
1991 2044 2100 2070 immo-

1149 2088 1257 2115 labant
1283 2086 1338 2114 Gu.
1357 2090 1384 2117 2.
1402 2087 1439 2116 al.
1462 2103 1502 2107 —
1528 2088 1575 2120 23)
1592 2088 1658 2123 igrnc'
1681 2088 1737 2115 Gu.
1750 2089 1780 2117 2.
1795 2102 1836 2109 —
1858 2086 1903 2120 24)
1914 2088 2016 2122 fertur
2029 2085 2100 2114 edit.

1150 2129 1239 2158 Goth.
1263 2146 1304 2150 —
1331 2127 1379 2169 25)
1402 2130 1586 2158 amnum'str.
1606 2124 1667 2157 Cu.
1689 2133 1718 2162 2.
1753 2146 1788 2150 -—-
1821 2127 1868 2168 2³6)
1886 2129 1934 2156 llis
1958 2128 2060 2156 addidi
2084 2138 2100 2157 a

1150 2174 1204 2201 Gu.
1229 2175 1256 2203 1.
1271 2172 1308 2201 al.
1334 2187 1370 2192 ——·
1393 2172 1429 2199 id
1450 2178 1583 2199 carerent
1607 2174 1665 2200 Gn.
1682 2175 1711 2204 2.
1733 2188 1775 2193 —-
1797 2170 1842 2210 27)
1859 2172 1907 2200 Sic
1931 2174 1987 2200 Gu.
2011 2173 2037 2201 1.
2058 2186 2099 2193 —

1149 2217 1241 2243 etiam
1268 2225 1372 2241 nornen
1404 2214 1482 2251 vulg.
1500 2233 1537 2236 ——
1554 2214 1608 2242 Vv.
1637 2214 1721 2252 quod
1751 2215 1862 2244 etiam,
1878 2236 1884 2243 .
1904 2237 1909 2242 .
1926 2237 1932 2243 .
1959 2218 2097 2242 sanctor.

1150 2269 1205 2286 0111.
1233 2257 1288 2286 Gu.
1306 2258 1333 2286 2.
1357 2272 1400 2278 —
1422 2259 1469 2295 2²3)
1485 2263 1585 2284 aulem
1609 2257 1678 2286 add.
1704 2258 1760 2286 Gu.
1782 2259 1810 2287 2.
1831 2268 1876 2286 va.
1904 2273 1943 2278 —
1974 2254 2022 2295 29)
2045 2255 2097 2283 ab·

1149 2301 1293 2327 amentia
1335 2299 1391 2328 Gn.
1414 2302 1442 2330 2.
1464 2316 1500 2320 ——-
1534 2298 1581 2339 30)
1606 2305 1727 2327 veterem
1749 2309 1807 2329 om.
1836 2311 1883 2329 va.
1906 2315 1947 2321 —
1975 2300 2021 2334 31)
2049 2298 2096 2326 Sic

1149 2342 1242 2373 Gu.1.
1260 2343 1289 2373 2.
1304 2357 1344 2362 —
1360 2342 1395 2370 al.
1419 2343 1620 2370 abstinuerint
1644 2343 1725 2381 vulg.
1751 2359 1793 2365 —
1814 2341 1861 2383 32)
1874 2341 1949 2370 dum
1970 2352 2004 2369 ex
2018 2341 2097 2377 fru-
