2264 2830
787 81 1035 115 ORIGINUM
1070 83 1214 116 LIBER
1244 84 1333 117 xvi.
1959 91 2035 125 519

253 176 312 210 21.
366 172 494 208 Mina¹¹⁰
522 177 554 209 in
581 175 787 221 ponderibus
816 181 947 208 contum
976 176 1144 209 drachmis
1173 178 1396 222 appenditur,
1425 183 1457 210 et
1486 185 1532 210 est
1562 190 1683 212 nomen
1711 180 1922 216 Graecum'fl.

253 228 312 264 22,
367 228 545 260 Talentum
588 233 699 260 autem
741 239 904 259 summum
944 229 1077 272 pondus
1115 228 1220 261 esse⁴2
1254 230 1450 274 perhibetur
1478 231 1508 262 in
1537 230 1684 264 Graecis.
1757 234 1842 266 Nam
1879 235 1960 268 nihil
1987 243 2036 269 est

88 280 210 315 chalco
239 281 363 319 minus,
391 280 473 312 nihil
502 280 625 312 talento
656 279 767 311 maius.
823 279 924 311 Cuius
953 281 1077 312 varium
1108 282 1238 325 pondus
1263 282 1355 325 apud
1383 281 1525 315 diversas
1553 280 1704 325 gentes⁴³
1730 284 1884 320 habetur.
1932 289 2035 331 Apud

88 333 258 366 Romanos
286 333 372 365 enim
400 333 557 364 talentum
584 336 631 363 est
659 331 785 363 Lxxu
815 331 990 373 librarum,
1026 333 1109 365 sicut
1143 330 1311 365 Plautus⁴¹
1345 333 1506 373 ostendit,
1545 335 1600 377 qui
1640 336 1684 368 ait
1717 337 1787 370 duo
1813 338 1938 370 talenta
1966 351 2035 372 esse

88 381 274 418 thlv.⁴·'¹
304 385 410 419 libras.
463 383 522 416 Est
549 388 659 415 autem
686 383 830 426 triplex,
858 383 890 415 id
920 388 967 416 est
994 382 1144 425 minorffi,
1178 385 1316 426 medius,
1344 396 1498 417 summus.
1552 386 1665 420 Minor
1685 389 1935 434 quinquaginta,
1963 402 2035 424 me-

88 437 160 470 dius
186 436 313 470 Lxxil
343 436 521 475 librarum,
548 446 692 467 summus
719 434 812 468 CXX
839 441 976 471 constat.

251 487 309 522 23.
364 487 596 520 Centenarium
634 487 761 519 numeri
789 498 909 519 nomen
945 493 1008 526 est,
1052 499 1092 519 eo
1120 487 1212 530 quod
1241 492 1373 521 centum
1402 485 1595 521 librarum¹⁷
1629 490 1787 533 ponderis
1814 492 1863 524 sit.
1931 493 2034 534 Quod

87 539 220 584 pondus
247 545 387 584 propter
412 538 654 583 perfectionem
678 539 855 571 centenarii
876 539 1003 571 numeri
1030 539 1235 572 instituerunt
1265 539 1409 571 Romani
1424 536 1454 571 ¹⁸.

599 624 750 657 CAP.
804 624 928 659 xxvi.
1015 624 1098 657 De
1166 625 1525 658 mensuris.

254 693 286 729 l,
341 691 498 725 Mensura
527 698 575 725 cst
601 705 653 725 res
681 693 793 736 aliqua
820 693 924 725 modo
953 704 1029 735 suo,
1057 693 1110 725 vel
1138 697 1290 736 tempore
1320 691 1614 738 circumscriptam.
1668 695 1764 729 Ilaec
1792 693 1884 729 aut⁵⁰
1910 708 2035 742 corpo-

86 741 174 786 ris⁵¹‚
202 750 258 777 aut
280 745 450 788 temporis.
505 744 666 789 Corporis
689 750 754 785 est,
781 749 817 777 ut
842 745 1035 784 homiuum,
1062 745 1230 788 lignorum
1258 741 1327 777 et⁵²
1360 745 1591 778 columnarum
1619 746 1796 790 longitudo
1830 753 1862 781 et
1873 744 1898 765 ⁵³
1924 749 2035 781 brevi-

85 803 142 830 tas.
195 796 265 829 Sed
294 802 327 829 et
353 797 457 828 solem
485 796 582 828 istum
611 797 783 841 propriam
811 796 858 828 sui
886 797 976 828 orbis
1009 796 1135 829 hahere
1167 808 1371 837 mensuram,
1406 797 1498 840 quod
1510 794 1533 814 ’Π
1561 797 1766 831 Geometrici
1799 801 1999 842 perscrutari
2010 797 2035 817 ⁵³

84 849 219 882 audent.
271 848 463 892 Tempoi·i5‚
491 853 527 880 ut
554 860 704 881 mensura
716 844 740 864 ⁵⁶
774 847 932 880 horarum
960 852 1017 880 aut
1028 844 1052 864 ⁵⁷
1080 848 1228 889 dierum,
1270 853 1302 881 et
1328 860 1499 882 annorum.
1568 849 1670 882 Unde
1697 855 1730 882 et
1760 851 1867 883 metiri
1895 852 1999 895 pedes
2012 848 2036 867 ’ἢ

84 900 246 934 horarum
274 900 431 939 dicimus,
462 899 531 933 hoc
558 905 606 933 est
633 910 821 933 mensurare
832 895 866 931 ⁵⁹.

250 952 283 986 2.
336 951 478 996 Proprie
505 956 615 985 autem
643 962 795 984 mensura
822 947 903 983 est⁶⁰
931 954 1066 989 vocata,
1107 950 1201 993 quod
1229 962 1268 984 ea
1304 951 1419 997 fruges
1448 953 1626 985 metiuntur
1654 957 1754 995 atque
1782 953 1983 987 frumentum
1999 952 2034 993 ¹⁵¹,

83 1001 118 1036 id
147 1008 196 1036 est
221 1003 361 1036 humida
388 1009 422 1036 et
447 1003 549 1043 sicca,
577 1008 613 1036 ut
639 1003 787 1042 modios,
812 1013 923 1044 urna5‚
952 1007 984 1034 et
1010 999 1236 1047 amphorasffl.

248 1055 281 1089 3.
336 1055 567 1087 Mensurarum
595 1066 672 1099 pars
699 1055 834 1087 minima
865 1054 1044 1095 cochlear,
1077 1055 1170 1097 quod
1182 1050 1207 1071 ⁶³
1243 1054 1382 1087 dimidia
1409 1066 1486 1099 pars
1513 1054 1714 1095 drachmae,
1747 1055 1942 1100 appendens
1968 1056 2036 1088 sili-

84 1117 164 1150 quas
184 1117 315 1139 novem.
371 1106 438 1147 Qui
465 1103 683 1150 triplicatus⁶⁴
710 1106 790 1139 facit
814 1102 1037 1140 conculam‘ffi.

185 1157 337 1192 Concula
363 1157 526 1192 drachma
554 1170 617 1191 una
652 1162 684 1192 et
712 1158 851 1191 dimidia
879 1157 1091 1201 adimpletur.

247 1209 280 1243 4.
337 1209 460 1254 cyathi
483 1210 615 1254 pondus
632 1210 751 1244 decem
776 1209 946 1243 drachmis
970 1207 1185 1253 appenditur,
1207 1208 1265 1251 qui
1284 1209 1383 1241 etiam
1410 1220 1429 1240 a
1450 1207 1651 1251 quibusdam
1667 1212 1779 1242 cuatus
1790 1206 1814 1225 ‘¹⁶
1837 1209 2032 1241 nominatur.

184 1260 386 1306 Oxibaphus
397 1258 421 1278 ⁰⁷
448 1262 504 1301 fit,
531 1262 556 1294 si
583 1262 729 1305 quinque
757 1261 940 1294 drachmae
967 1261 1136 1292 adduntur
1163 1259 1206 1291 ad
1234 1259 1274 1291 X.

247 1312 281 1346 5.
334 1310 586 1346 Acitabulum⁰⁸
612 1318 729 1356 quarta
756 1324 832 1356 pars
859 1312 1014 1344 heminae
1041 1316 1107 1351 est,
1134 1311 1198 1343 XII
1225 1309 1404 1342 drachmas
1432 1309 1636 1354 appendenS.

185 1363 308 1407 Cotyla
331 1361 414 1396 estffl
440 1363 577 1396 hemina
587 1361 612 1381 ⁷⁰
637 1364 767 1396 habens
794 1363 933 1407 cyathos
960 1374 1032 1403 sex,
1073 1374 1159 1406 quae
1186 1362 1314 1396 idcirco
1342 1361 1454 1405 cotyla
1486 1367 1643 1402 vocatur,
1686 1361 1763 1404 quia
1790 1366 1865 1395 cote
1899 1361 2032 1394 Graeco

83 1412 267 1448 semione⁷¹
287 1416 401 1449 incisio
429 1415 567 1457 dicitur,
595 1420 628 1448 et
650 1415 785 1448 hemina
813 1415 944 1448 sextarii
969 1416 1002 1448 in
1029 1414 1098 1447 duo
1121 1426 1227 1457 aequa
1249 1413 1423 1455 inciditur,
1452 1417 1484 1445 et
1511 1413 1622 1456 cotyla
1645 1413 1767 1445 dicitur
1779 1408 1812 1445 ⁷².

186 1467 331 1500 Hemina
359 1472 470 1500 autem
482 1464 506 1484 ⁷³
533 1467 697 1512 appendit
724 1467 843 1500 libram
871 1479 989 1508 unam,
1016 1477 1103 1510 quae
1130 1466 1300 1509 geminata
1326 1464 1501 1497 sextarium
1530 1464 1619 1497 facit.

247 1518 282 1553 6.
335 1519 502 1551 Sextarius
524 1519 664 1552 duarum
693 1519 852 1551 librarum
881 1515 982 1558 estu,
1025 1518 1082 1562 qui
1109 1518 1159 1549 bis
1186 1521 1370 1560 assumptus
1382 1512 1406 1532 ⁷⁵
1428 1516 1616 1548 nominatur
1638 1514 1767 1547 bilibris
1778 1511 1821 1554 ⁷¹⁵,
1849 1518 2034 1557 assumptus

83 1575 217 1613 quater,
252 1571 290 1603 fit
315 1570 450 1604 Graeco
476 1571 611 1604 nomine
637 1570 809 1612 Choenix,
846 1570 1019 1614 quinquies
1042 1569 1262 1613 complicatus
1289 1568 1479 1612 quinarem,
1512 1567 1580 1600 sive
1606 1577 1730 1612 gomor
1760 1565 1848 1599 facit.
1916 1565 2036 1599 Adiice

78 1686 226 1727 penditur
259 1711 265 1717 .
292 1710 298 1716 .
322 1712 328 1718 .
352 1698 514 1717 summum..
549 1707 583 1710 ——
618 1689 666 1726 41)
697 1699 776 1726 (luae
806 1693 878 1715 sunt
906 1688 1039 1726 siliquae
1080 1702 1121 1708 ——
1143 1692 1272 1715 vocatur
1293 1696 1342 1714 va.
1363 1701 1404 1707 —-
1426 1685 1643 1722 61)frumenta
1666 1685 1697 1713 Z.
1721 1694 1767 1712 va.
1793 1699 1831 1703 —-
1868 1682 1914 1721 62)
1939 1683 1987 1711 Sic
2004 1684 2034 1712 Z.

83 1737 116 1762 ω
137 1730 262 1762 [DCCC
280 1733 428 1758 tremisses
452 1730 613 1766 CCXXV,
635 1731 730 1759 solidi
755 1729 890 1764 LXXV,
912 1736 1038 1759 stateres
1082 1728 1229 1769 (modius)
1255 1730 1312 1758 Gu.
1334 1731 1359 1760 1.
1384 1726 1535 1766 (modius)
1550 1731 1578 1760 2.
1602 1728 1641 1757 al.
1666 1737 1711 1766 pr.
1730 1742 1767 1748 —
1792 1725 1880 1762 Vulg.
1903 1724 2033 1760 modius,

83 1774 188 1802 XXV
204 1773 271 1802 add.
298 1773 347 1802 Ar.
375 1773 466 1803 Grial.
490 1779 519 1803 et
541 1773 622 1813 goth.
648 1790 688 1796 -
729 1772 776 1814 42)
801 1774 850 1802 Sic
874 1775 929 1803 Gu.
953 1777 982 1806 1.
1009 1777 1037 1805 2.
1080 1783 1162 1800 urna
1194 1778 1220 1800 et
1250 1771 1408 1810 amphora.
1433 1787 1475 1792 —
1500 1770 1553 1799 Ed.
1578 1781 1624 1799 va.
1650 1768 1787 1805 modius,
1821 1778 1932 1802 urnae,
1964 1778 2034 1796 am-

83 1833 116 1837 —-
139 1827 200 1843 esse
225 1815 350 1854 pondus
372 1816 452 1854 vulg.
485 1835 522 1839 —-
559 1815 607 1857 43)
632 1817 680 1845 Sic
704 1817 759 1846 Gn.
782 1820 806 1848 1.
833 1833 876 1838 —
901 1827 951 1854 ap.
974 1816 1035 1846 cliv,
1073 1815 1204 1854 plzorae.
1230 1834 1267 1838 —-
1294 1814 1472 1850 artabanes,
1497 1823 1594 1841 urnas
1616 1813 1653 1840 al.
1671 1822 1717 1850 pr.
1744 1828 1780 1833 -
1806 1810 1931 1842 artabo,
1956 1821 2034 1838 ιινιια

80 1864 160 1897 gent.
185 1857 277 1895 pond.
299 1858 377 1895 vulg.
405 1874 446 1880 —
477 1860 523 1893 44)
545 1860 641 1888 Plaut.
665 1859 792 1889 Mostell.
818 1859 876 1895 III,
908 1862 941 1893 1,
968 1859 1036 1890 114.
1079 1859 1131 1887 Ar.
1159 1875 1194 1879 —
1220 1856 1268 1897 63)
1292 1863 1334 1885 ast
1357 1856 1424 1884 add.
1453 1856 1535 1893 vulg.
1561 1871 1603 1876 —
1633 1854 1697 1882 Om.
1722 1854 1752 1883 Z.
1779 1853 1834 1882 Gu.
1857 1856 1870 1883 1
1918 1868 1953 1873 —
1987 1852 2033 1890 64)

87 1901 153 1932 115·
178 1900 223 1929 ed.
250 1901 381 1928 Gronov.
410 1917 447 1922 —
484 1899 531 1942 45)
554 1908 669 1930 centum
695 1901 907 1941 quadraginta
932 1902 988 1931 Gu.
1007 1904 1036 1932 2.
1082 1899 1176 1938 Quod
1196 1902 1386 1938 triplicatum
1411 1898 1462 1926 Ar.
1486 1914 1528 1919 —-
1550 1900 1597 1933 65)
1616 1897 1665 1925 Sic
1686 1898 1741 1925 Gu.
1764 1900 1788 1927 1.
1810 1912 1851 1917 —-
1875 1896 2034 1923 conculam

83 1944 119 1973 al.
144 1953 188 1982 pr.
212 1952 259 1971 va.
289 1959 326 1963 —-
355 1942 402 1981 46)
419 1945 538 1980 minus,
561 1944 713 1980 medium,
737 1955 889 1972 summum
911 1943 940 1972 h.
964 1944 982 1972 l.
1006 1949 1035 1973 et
1068 1944 1138 1980 sac.
1163 1943 1245 1979 vulg.
1272 1960 1313 1963 —
1337 1941 1384 1978 66)
1401 1941 1449 1968 Sic
1468 1940 1516 1968 Ar.
1543 1957 1579 1961 —-
1603 1939 1761 1967 Caulacus
1786 1938 1868 1976 vulg.
1882 1955 1921 1959 —-—
1949 1938 2033 1966 Cau-

83 1991 186 2025 posten
210 1987 299 2014 Arev.
326 2001 367 2007 —
403 1985 451 2022 47)
475 1986 562 2014 libris
585 1987 632 2016 Ar.
662 2004 703 2009 —
732 1986 777 2027 48)
801 1987 850 2015 Sic
875 1987 931 2017 Gn,
955 1989 980 2017 1.
1005 1989 1034 2018 2,
1077 1992 1167 2013 satas
1191 1986 1236 2012 vel
1252 1990 1378 2013 assatus
1403 1983 1433 2010 Z.
1458 1998 1497 2004 --
1521 1988 1669 2010 causatu-9
1692 1983 1747 2011 Gu.
1767 1985 1793 2013 1.
1817 1983 1846 2012 2.
1871 1981 1908 2009 al.
1930 1991 1974 2019 pr.
1992 1996 2033 2002 -

82 2039 127 2067 pr.
149 2039 196 2056 va.
228 2044 270 2049 --
300 2028 388 2057 Rom.
418 2030 486 2056 inst.
516 2030 598 2067 vulg.
632 2047 668 2052 —
698 2033 746 2066 49)
768 2030 1035 2068 circuminscripta
1077 2029 1194 2056 casatis
1213 2038 1258 2058 va.
1282 2043 1323 2049 --
1342 2027 1521 2054 nominatur
1544 2036 1600 2064 pro
1623 2025 1741 2053 dicitur
1763 2026 1794 2053 Z.
1817 2024 1873 2052 Gu.
1897 2028 1921 2055 1.
1940 2025 1970 2054 2.
1993 2024 2031 2053 al.

83 2072 139 2100 Gn.
159 2073 187 2102 2.
212 2086 253 2091 -
283 2070 328 2109 50)
351 2075 454 2098 autem
480 2071 536 2099 Gu.
558 2076 584 2103 1.
605 2088 646 2094 -
668 2073 716 2109 51)
741 2079 783 2100 est
806 2072 873 2100 add.
897 2072 1034 2109 vulg.—-
1076 2081 1121 2098 va.
1145 2089 1182 2093 —
1216 2069 1262 2108 67)
1289 2070 1338 2097 Sic
1361 2069 1413 2097 Ar.
1438 2083 1481 2090 —·
1511 2068 1656 2105 Oxifalus
1677 2068 1762 2106 vulg.
1794 2083 1832 2088 —-
1869 2066 2032 2102 Obxifalus

83 2114 150 2145 0111.
175 2114 206 2143 Z.
230 2113 286 2140 Gu.
310 2114 334 2142 1.
360 2130 398 2135 —
432 2112 479 2152 52)
499 2119 555 2141 aut
578 2115 632 2142 col.
655 2115 686 2142 Z.
713 2131 754 2136 —
785 2115 833 2155 53)
854 2121 879 2143 et
909 2125 964 2154 pro
988 2115 1035 2142 rel
1075 2114 1106 2141 Z.
1139 2130 1176 2135 —-
1214 2114 1259 2148 68)
1287 2111 1495 2140 Acetabulam
1524 2112 1575 2142 Ar.
1599 2127 1634 2133 —-
1667 2111 1715 2148 69)
1737 2110 1786 2139 sic
1809 2110 1840 2138 Z.
1865 2109 1921 2137 Gu.
1949 2111 1974 2138 1.
1999 2110 2029 2138 2.

83 2157 139 2186 Gu.
166 2159 190 2187 l.
211 2158 240 2186 2.
267 2165 312 2183 va.
338 2155 386 2183 Ar.
413 2174 450 2178 -
483 2157 531 2183 rel
560 2167 606 2184 om
639 2157 668 2186 Z.
698 2175 739 2178 —
777 2156 823 2196 54)
848 2157 930 2196 quod
951 2179 957 2186 .
991 2178 997 2185 .
1024 2179 1031 2186 .
1076 2155 1127 2184 Ar.
1152 2171 1189 2177 —
1225 2156 1335 2183 Cotula
1357 2155 1438 2191 vulg.
1468 2169 1510 2175 —-
1536 2157 1581 2188 70)
1607 2154 1656 2182 Sic
1688 2154 1745 2182 Gu.
1773 2155 1797 2184 ί.
1818 2168 1859 2174 -
1887 2151 1962 2179 hem.
1987 2155 2028 2177 est

82 2205 170 2237 temp.
195 2204 230 2226 ιιι
252 2208 309 2226 om.
333 2208 381 2237 pr.
404 2213 443 2220 —-
475 2201 518 2232 55)
543 2201 676 2227 scrutari
706 2200 737 2228 Z.
759 2217 799 2221 —-
825 2202 872 2238 56)
890 2210 1032 2228 mensura
1074 2198 1155 2236 vulg.
1178 2214 1221 2220 -—
1243 2202 1289 2235 71)
1308 2198 1355 2225 Sic
1379 2198 1409 2225 Z.
1439 2196 1492 2231 (in
1518 2197 1572 2225 Gr.
1590 2198 1629 2232 ὃ.)
1659 2197 1713 2225 Gu.
1734 2200 1760 2227 1.
1782 2197 1810 2226 2.
1842 2204 1887 2223 va.
1914 2207 1955 2215 --
1981 2188 2026 2228 72)

82 2243 261 2280 (mensura-v
287 2241 340 2279 Ζ)
372 2240 473 2269 addidi
497 2251 512 2269 e
535 2242 565 2269 Z.
590 2242 646 2270 Gu.
667 2244 693 2273 1.
722 2244 751 2272 2.
773 2242 809 2271 al.
835 2253 881 2271 va.
907 2260 950 2264 —
980 2242 1029 2280 57)
1073 2242 1122 2268 Sic
1147 2240 1205 2270 Gu.
1236 2243 1261 2270 1.
1289 2243 1318 2270 2.
1343 2255 1383 2261 —
1410 2239 1546 2267 cotulam
1566 2241 1654 2276 facit
1686 2239 1765 2277 vulg.
1790 2253 1831 2259 —-
1859 2234 1904 2272 73)
1926 2237 2027 2260 album

83 2290 137 2313 aut
159 2284 260 2313 addidi
284 2294 298 2312 e
321 2285 375 2311 Gu.
390 2286 415 2313 1.
440 2301 481 2304 —
505 2289 530 2311 et
555 2284 609 2314 Gu.
625 2287 655 2315 2.
673 2300 715 2306 ——
737 2283 811 2313 dier.
828 2284 891 2313 Ιιον.
915 2291 942 2313 et
960 2295 1030 2312 ann.
1075 2294 1132 2311 om.
1161 2283 1216 2311 Gn.
1239 2286 1267 2315 2.
1289 2299 1331 2304 —
1353 2282 1401 2320 74)
1423 2287 1465 2310 est
1488 2292 1545 2310 om.
1568 2282 1598 2310 Z.
1627 2298 1666 2305 --·
1700 2281 1746 2317 75)
1765 2278 1874 2319 quihus
1896 2284 2024 2302 assum-

84 2337 130 2356 va.
146 2343 188 2349 ·—
213 2326 258 2365 58)
280 2325 371 2364 pedes
392 2327 492 2354 metiri
514 2336 559 2354 va.
584 2343 621 2347 —
647 2327 691 2362 59)
712 2325 768 2353 lzoc
791 2332 831 2354 est
857 2338 947 2356 mens.
972 2337 1029 2356 om.
1070 2327 1133 2363 ptis
1157 2325 1214 2354 Gu.
1236 2329 1264 2356 1.
1287 2326 1318 2355 2.
1340 2340 1382 2346 —
1408 2323 1458 2365 76)
1475 2325 1523 2353 Sic
1545 2325 1579 2353 Z.
1605 2325 1658 2353 Gu.
1678 2328 1704 2356 1.
1727 2326 1755 2354 2.
1781 2331 1824 2348 va.
1851 2318 1897 2345 Ar.
1912 2332 1954 2338 ·—
1976 2316 2025 2343 bi·

85 2378 131 2397 va.
153 2385 193 2392 —
226 2367 273 2409 60)
296 2375 339 2398 est
361 2368 464 2399 addidi
496 2379 512 2398 e
535 2369 592 2399 Gu.
612 2371 638 2400 1.
657 2384 698 2390 -
720 2374 828 2398 vocata
848 2376 892 2397 est
924 2371 981 2399 Gu.
1001 2372 1029 2401 2.
1073 2369 1162 2397 libri-5·
1183 2378 1260 2397 nom.
1281 2367 1362 2406 vulg.
