2264 2830
756 116 1001 152 ORIGlNUM
1037 119 1182 153 LIBER
1208 121 1314 155 xvu.
1937 126 2013 162 527

67 215 174 247 vicem
187 209 211 228 ³¹³
239 212 323 244 vittis
354 212 518 244 innectant
530 208 570 251 ³⁷,

70 264 240 303 flexibilis,
267 275 353 307 quae
369 260 393 278 ‘¹³'

68 368 157 401 dicta
184 380 203 400 a
230 367 331 399 labris
359 371 391 398 et
417 366 675 398 extremitatibus
702 371 817 400 terrae.

232 418 265 451 ⁴.
320 417 436 450 Codex
458 418 580 457 dictus,
609 419 701 461 quasi
728 419 865 452 caudex.

231 469 265 505 5.
318 470 528 502 Sarmentum
555 481 574 501 a
601 470 741 502 serendo
757 468 787 503 ²².

171 522 352 555 Malleolus
375 518 456 552 esst*
484 521 634 553 novellus
662 522 791 566 palmes
816 523 943 554 innatus
973 523 1090 566 prioris
1124 524 1198 555 anni
1232 523 1389 566 flagello,
1432 523 1773 568 cognominatusque³

616 211 793 254 vicinisque
829 213 1002 245 arboribus
1041 214 1206 258 reptando
1241 215 1433 259 religentur.

424 263 516 306 quasi
545 262 690 295 brachiis
718 265 916 305 quibusdam
945 266 1103 308 quicquid
1133 266 1468 310 comprehenderint,
1494 269 1658 312 stringunt
1672 266 1706 302 ⁴⁰.

231 315 265 350 3,
320 315 489 348 Lalnusca
516 320 563 346 est
598 315 669 346 vitis
700 316 855 357 agrestis,
892 329 977 360 quae
1010 318 1041 350 in
1077 324 1183 350 terrae
1211 319 1416 363 marginibus
1451 321 1602 352 nascitur.

1502 216 1560 248 Est
1588 216 1674 248 enim
1713 228 1825 250 earum
1860 225 1975 253 natura
1990 219 2013 238 '⁹‘

1675 320 1774 353 Unde
1803 327 1835 353 et
1863 322 2014 355 labrusca

917 420 974 453 Sic
1002 420 1087 453 enim
1116 426 1244 454 veteres
1273 426 1305 453 et
1332 421 1469 454 clodum
1489 418 1506 437 ¹¹
1544 433 1607 465 pro
1635 423 1758 455 claudo
1785 424 1952 458 dicebant.

1779 523 1786 541 ¹
1820 527 1865 559 ob
1900 527 2015 558 simili-

67 574 214 606 tudinem
243 574 308 613 rei,
342 572 433 615 quod
459 573 491 604 in
519 585 557 605 ea
585 579 698 617 parte,
725 586 792 617 qua
810 571 830 590 ¹³³
859 574 1044 615 deciditur,
1092 586 1130 607 ex
1160 575 1263 607 veteri
1290 580 1454 607 sarmento
1483 576 1671 619 prominens
1701 577 1865 621 utrimque
1877 575 1901 595 “¹⁸
1930 579 2015 611 mal-

68 626 109 658 lei
137 626 284 669 speciem
314 621 493 667 praebct‘ff.

231 676 265 708 (i.
318 675 495 719 Spadones
519 681 593 708 sunt
620 677 739 709 surculi
769 677 868 721 fruge
896 682 1060 716 carentes,
1090 688 1128 709 ex
1159 677 1231 720 ipsa
1258 677 1506 721 appellatione,
1542 680 1635 720 quod
1662 681 1724 712 sint
1750 680 1913 713 inhabiles
1945 682 2015 713 fru-

67 735 120 761 ctu
134 724 158 744 ⁴⁸
185 733 217 760 et
244 727 414 760 sterilitate
446 724 605 762 atrocum.

232 778 265 810 7.
318 779 482 823 Sagittam
512 779 621 811 rustici
653 785 772 812 vocant
803 779 1012 811 novissimam
1041 783 1171 821 partem
1199 779 1340 821 surculi,
1382 780 1448 812 sive
1476 781 1552 823 quia
1579 782 1712 825 longius
1740 784 1871 815 recessit
1899 795 1917 815 a
1945 795 2015 815 ma-

66 838 134 869 tre,
167 836 199 863 et
228 831 321 873 quasi
347 826 533 873 prosiliitsm,
568 842 624 863 seu
651 831 727 873 quia
756 830 913 863 acuminis
941 830 1098 862 tenuitate
1125 830 1271 873 ¹speciem
1299 831 1448 874 praefert
1477 828 1576 864 teli⁵¹.

231 882 265 914 8.
319 882 532 914 Summitates
558 883 670 914 vitium
700 887 732 914 et
759 882 914 914 fruticum
944 881 1081 925 flagella
1109 888 1357 925 nuncupantur,
1386 894 1426 915 eo
1454 883 1546 926 quod
1575 883 1653 915 flatu
1681 884 1856 928 agitentur.

231 932 265 967 9.
317 933 451 966 Palmes
485 933 555 965 vitis
590 933 726 966 materia
761 933 888 973 mollis,

941 934 998 976 qui
1009 930 1034 949 ⁵²

66 985 152 1017 Nam
180 983 257 1017 ideo
284 986 395 1018 rustici
422 990 552 1029 partem
579 985 651 1017 vitis
681 984 855 1028 palmitem
885 980 1043 1017 dicunt⁵¹.

66 1047 187 1069 nomen
214 1047 427 1081 paragogum
439 1033 463 1052 ⁵⁰
491 1036 627 1079 dicitur,
656 1036 749 1079 quod
778 1048 797 1068 a
824 1037 938 1080 palma
963 1036 1130 1069 derivetur
1141 1033 1176 1070 ⁶⁷.

1068 944 1130 977 per
1163 934 1297 966 novella
1331 934 1469 968 brachia
1510 935 1644 968 emissus
1659 931 1684 951 ⁵¹³
1725 935 1867 969 fructum
1909 935 2016 968 affert.

1096 985 1231 1018 Palnies
1259 986 1347 1018 enim
1376 986 1596 1019 derivativum
1611 989 1635 1002 ³³
1662 998 1783 1020 nomen
1819 992 1882 1027 est,
1924 987 2018 1030 quod

1236 1037 1353 1070 Palma
1392 1039 1477 1071 enim
1514 1038 1617 1071 habet
1651 1050 1771 1071 nomen
1799 1035 2018 1082 proprium⁷³⁶⁴,

65 1088 158 1131 quod
186 1087 306 1121 dicitur
333 1087 536 1131 principale,
565 1089 607 1120 ab
635 1099 675 1120 eo
703 1088 795 1131 quod
824 1099 863 1120 ex
891 1100 925 1121 se
937 1084 961 1103 5⁹
989 1088 1207 1120 derivativum
1223 1086 1248 1105 ⁶⁰
1276 1089 1355 1123 facit
1368 1086 1401 1121 ⁰¹.

66 1191 221 1223 adversus
249 1201 381 1223 omnem
413 1191 562 1223 iniuriam
591 1191 744 1223 munitur.

65 1242 190 1275 fructus
217 1242 387 1281 admittat,
421 1247 453 1275 et
481 1243 633 1275 umbram
661 1243 770 1276 faciat.

230 1294 289 1326 ll.

342 1139 521 1183 Pampinus
551 1144 599 1171 est
626 1137 753 1182 foliam,
798 1136 925 1173 cuius-⁰³
954 1139 1100 1172 subsidio
1128 1140 1199 1172 vitis
1228 1151 1246 1172 a
1273 1140 1417 1185 frigore,
1446 1142 1497 1173 vel
1527 1141 1649 1173 ardore
1678 1141 1883 1181 defenditur,
1916 1147 2017 1184 atque

815 1191 881 1232 Qui
905 1190 982 1223 ideo
1010 1191 1132 1224 alicubi
1160 1191 1331 1225 intercisus
1360 1198 1424 1233 est,
1468 1197 1503 1224 ut
1533 1198 1571 1237 et·
1592 1193 1697 1225 solem
1725 1192 1767 1225 ad
1797 1192 2017 1225 matulitatem

823 1243 868 1274 Et
894 1242 1000 1275 dictus
1027 1243 1221 1286 pampinus,
1249 1243 1342 1286 quod
1371 1243 1414 1276 de
1436 1243 1574 1287 palmite
1601 1243 1756 1287 pendeat.

342 1290 537 1337 capreoli⁶¹
565 1294 645 1328 dicti
672 1290 757 1335 e0⁰⁵,
785 1293 877 1335 quod
894 1294 1026 1337 capiant
1053 1294 1198 1335 arbores,
1228 1300 1302 1327 sunt
1330 1295 1416 1327 enim
1445 1295 1604 1334 cincinni,
1632 1295 1698 1327 sive
1726 1291 1917 1334 uncinuli‘ffi,
1941 1295 2015 1337 qui-

65 1345 126 1377 bus
152 1356 186 1377 se
212 1346 380 1377 innectere
407 1346 487 1377 vites
515 1349 547 1377 et
573 1345 777 1389 suspendere
805 1345 910 1377 solent
939 1342 1157 1387 arboribus-⁰⁷,
1184 1356 1252 1388 quo
1281 1346 1484 1379 adminiculo
1497 1344 1521 1363 ‘³⁸
1548 1347 1622 1378 freti
1655 1347 1808 1390 palmites
1836 1351 1949 1379 ventos
1976 1358 2016 1379 ac

65 1396 210 1428 turbines
235 1396 391 1429 sustinere
408 1392 432 1411 ⁶⁹
467 1401 606 1439 queant,
649 1402 681 1429 et
714 1396 783 1429 sine
810 1396 905 1440 lapsu
939 1396 1164 1441 periculorum
1177 1393 1202 1413 ⁷⁰
1236 1397 1362 1430 fructus
1395 1408 1470 1431 suos
1505 1398 1703 1437 sustineant,
1754 1409 1793 1429 ac
1828 1410 1897 1430 sese
1930 1409 2016 1441 vaga

65 1448 265 1491 proceritate
291 1443 524 1480 ‹liffi111‹lant⁷¹.

232 1499 291 1532 12.
344 1498 504 1542 Corymbi
531 1503 604 1531 sunt
616 1494 642 1514 ⁷²
667 1498 795 1537 annuli,
825 1499 880 1540 qui
909 1499 1060 1542 proxima
1087 1511 1241 1543 quaeque
1269 1500 1375 1545 ligant
1387 1496 1412 1516 ⁷³
1439 1506 1471 1533 et
1498 1499 1790 1543 comprehendunt
1801 1496 1843 1538 Ἡ,
1872 1511 1912 1530 ne
1941 1499 2016 1530 lou-

65 1552 141 1595 gius
167 1551 265 1583 laxati
293 1551 446 1594 palmites
473 1555 644 1583 ventorum
674 1550 806 1582 flatibus
833 1550 1042 1594 dissipentur.

232 1602 290 1635 13.
344 1602 441 1635 Uvae
467 1602 595 1641 dictae,
636 1601 729 1645 quod
767 1601 957 1635 intrinsecus
991 1602 1134 1635 humore
1164 1607 1237 1634 sunt
1253 1598 1277 1618 ⁷³
1320 1603 1459 1646 plenae,
1503 1612 1671 1644 succoque
1700 1607 1732 1634 et
1761 1600 1966 1645 pinguedine
1984 1598 2014 1633 ²¹⁵.

65 1653 151 1686 Nam
178 1652 353 1686 humidum
367 1650 402 1694 ⁷⁷,
430 1653 522 1697 quod
551 1653 691 1687 exterius
719 1652 895 1686 humorem
918 1653 1038 1694 habet,
1067 1653 1223 1694 uvidum,
1251 1654 1342 1697 quod
1370 1654 1513 1687 interius.

65 1760 112 1802 38)
135 1768 199 1790 nat.
221 1772 282 1790 eur.
307 1762 363 1790 Gu.
378 1764 407 1792 2.
430 1778 472 1784 --
499 1765 545 1796 39)
569 1762 618 1790 Sic
640 1763 696 1792 Gn.
715 1766 741 1793 l.
764 1766 792 1794 2.
817 1763 854 1791 al.
880 1778 916 1783 —
941 1764 1017 1800 quia

65 1805 147 1842 vulg.
169 1821 209 1825 ——-
239 1801 286 1843 40)
317 1806 472 1843 stringant
495 1805 552 1834 Gu.
574 1808 602 1837 2.
627 1805 663 1833 al.
692 1821 733 1827 -—-
766 1808 814 1843 41)
845 1805 894 1832 Sic
918 1805 973 1833 Gu.
990 1810 1015 1836 1.

67 1857 112 1874 va.
132 1862 173 1867 —
204 1852 231 1874 et
256 1851 310 1874 vet.
335 1847 412 1875 clod.
440 1848 522 1885 vulg.
545 1862 587 1869 ·—
615 1847 663 1888 42)
695 1850 787 1886 qua-si
816 1853 1017 1876 aeramentum

67 1889 137 1918 add.
162 1889 258 1924 vulg„
281 1889 332 1917 sed
357 1900 413 1918 om.
437 1890 493 1919 Gu.
520 1893 544 1920 1.
561 1893 590 1921 2.
615 1901 660 1929 pr.
684 1900 730 1919 va.
756 1908 793 1912 -
823 1892 1016 1918 serimentum

66 1942 113 1959 va.
138 1947 176 1952 —
200 1933 359 1959 Sarmenta
382 1943 401 1959 ιι
422 1943 477 1962 ser.
502 1932 585 1960 dicta
609 1939 680 1961 sunt
703 1944 749 1963 va.
773 1949 814 1954 —-
844 1934 888 1971 43)
910 1939 936 1960 et
959 1935 1015 1961 Gu.

68 1977 94 2005 1.
117 1990 160 1996 --
179 1975 229 2010 44)
254 1984 311 2011 que
333 1974 435 2002 addidi
458 1985 474 2002 e
505 1975 560 2004 Gu.
580 1979 604 2006 1.
626 1979 655 2007 2.
680 1979 730 2005 Ar.
757 1992 794 1997 -—
830 1986 915 2013 cogn.
939 1977 1015 2013 quia

66 2016 102 2044 ub
124 2018 192 2045 sim.
214 2026 260 2046 va.
287 2033 319 2037 -
347 2016 392 2055 45)
414 2027 490 2054 quae
513 2018 601 2045 Arev.
623 2036 661 2041 —
693 2017 740 2058 46)
764 2018 810 2046 Sic
835 2013 891 2047 Gn.
911 2021 941 2050 2.
965 2019 1014 2046 Ar.

67 2076 105 2081 ——
131 2065 293 2097 utrumque
317 2059 400 2096 vulg.
423 2075 464 2081 —-
493 2059 540 2099 47)
558 2060 606 2087 Sic
631 2061 734 2092 Gu.1.
749 2064 779 2092 2.
799 2061 850 2089 Ar.
866 2077 899 2081 —
919 2071 1015 2099 prae-

66 2102 134 2129 beat
156 2102 235 2139 vulg.
258 2117 300 2123 —
321 2099 369 2141 48)
387 2102 513 2138 fructui
536 2102 584 2130 Ar.
605 2118 646 2124 —-
677 2103 722 2141 49)
746 2104 841 2142 effecti
864 2104 919 2132 Gu.
942 2107 966 2133 1.
985 2107 1014 2134 2.

69 2161 104 2165 —
135 2147 181 2178 50)
213 2144 262 2171 Sic
296 2144 352 2172 Gu.
384 2146 410 2176 1.
432 2144 468 2172 al.
496 2160 538 2165 —-
564 2145 689 2182 prosilit
717 2147 766 2174 Ar.
798 2163 831 2167 —
854 2147 1014 2185 prosilivit

66 2186 144 2223 vulg.
168 2202 207 2207 ———
235 2186 382 2224 prosiluit
414 2187 468 2214 (ἆυ.
492 2188 520 2216 2.
550 2197 596 2225 pr.
626 2203 665 2208 —
701 2187 745 2225 51)
775 2189 823 2217 Sic
847 2190 903 2218 Gu.
925 2191 950 2218 1.
973 2204 1014 2209 —

67 2229 153 2266 Vulg.
183 2229 235 2256 teli
263 2239 336 2267 spec,
365 2227 469 2269 praef.
499 2244 538 2250 —
572 2230 629 2257 Gu.
651 2232 679 2260 2.
703 2240 778 2267 spec.
803 2232 879 2259 telae
900 2241 948 2269 pr.
972 2247 1014 2252 --

67 2271 113 2308 52)
137 2272 185 2300 Sic
207 2272 264 2300 Gu.
283 2275 309 2302 1.
330 2274 359 2302 2.
380 2271 430 2300 Ar.
458 2288 491 2292 —-
518 2273 591 2309 quia
615 2271 694 2308 vulg.
717 2288 759 2293 -—
780 2273 828 2313 53)
852 2276 915 2302 eius
937 2275 1012 2300 mis·-

67 2324 120 2341 ms
145 2314 201 2344 Gn.
226 2318 251 2345 1.
286 2329 325 2334 -
353 2311 402 2353 5³⁴4)
425 2314 474 2342 Sic
503 2315 560 2342 Gn.
585 2316 614 2345 1.
637 2315 665 2343 2.
689 2324 733 2342 va.
764 2315 811 2343 Ar.
835 2333 872 2337 —
906 2321 1015 2343 vocant

68 2356 147 2392 vulg.
169 2373 210 2378 —
233 2354 280 2395 55)
303 2356 352 2383 Sic
376 2356 432 2384 Gu.
451 2359 475 2387 1.
496 2357 545 2385 Ar.
570 2372 612 2377 —
635 2355 853 2385 diminutivum
876 2359 955 2395 vulg.
972 2375 1014 2380 —

70 2398 190 2426 l'almes
211 2398 431 2427 diminutivum
453 2400 531 2427 enim
552 2409 656 2427 nomen
682 2405 723 2426 est
745 2409 791 2427 va.
818 2416 860 2421 —
887 2403 932 2435 ³26)
953 2411 1014 2438 pa-

1061 1773 1247 1801 ragogorum
1271 1772 1317 1791 va.
1343 1779 1382 1784 —
1405 1760 1453 1801 57)
1478 1761 1634 1790 derit-atur
1658 1764 1713 1791 Gn.
1728 1764 1757 1792 2.
1781 1778 1822 1783 -
1843 1765 1888 1795 58)
1907 1767 2016 1799 proto-

1061 1811 1166 1843 typum
1189 1805 1240 1834 Ar.
1262 1821 1300 1826 -—-
1328 1807 1374 1843 59)
1397 1816 1431 1833 ex
1447 1815 1508 1832 Sese
1531 1814 1578 1832 va.
1603 1823 1640 1827 —
1665 1804 1710 1842 60)
1734 1803 1783 1832 Sic
1807 1805 1863 1832 Gu.
1883 1806 1907 1834 1.
1924 1806 1954 1834 2.
1977 1804 2014 1831 al.

1060 1858 1110 1877 va.
1134 1864 1175 1869 —
1198 1847 1371 1875 derivatum
1389 1849 1470 1883 vulg.
1494 1863 1536 1868 —
1557 1846 1604 1884 61)
1620 1847 1670 1874 Sic
1687 1847 1743 1875 Gu.
1759 1849 1785 1877 1.
1802 1857 1846 1885 pr.
1862 1846 1909 1876 ed.
1926 1845 2016 1875 Goth.

1061 1891 1222 1927 —faciut
1244 1890 1324 1928 vulg.
1347 1906 1388 1912 —
1411 1891 1459 1926 62)
1483 1889 1532 1916 Sic
1558 1890 1613 1917 Gu.
1632 1891 1711 1925 1.2.,
1738 1889 1779 1918 ita
1797 1895 1827 1918 ul
1854 1893 1881 1921 1.
1908 1890 1945 1917 sit
1960 1888 2016 1916 de-

1061 1933 1132 1963 elin.
1156 1949 1196 1954 —
1216 1934 1333 1968 folium
1356 1933 1438 1969 vulg.
1474 1949 1510 1953 —
1546 1933 1592 1967 63)
1616 1932 1714 1959 alicui
1743 1942 1789 1970 pr.
1823 1949 1864 1954 -—
1897 1930 1945 1970 64)
1967 1932 2015 1959 Sic

1058 1975 1108 2003 Ar.
1134 1994 1171 1997 —
1199 1973 1339 2013 Capy-ioli
1368 1976 1449 2012 vulg.
1477 1989 1519 1994 ——
1550 1974 1595 2012 65)
1625 1985 1656 2002 eo
1686 1974 1788 2003 addidi
1818 1985 1833 2003 e
1856 1975 1913 2003 Gu.
1936 1978 1961 2004 1.
1985 1977 2013 2005 2.

1058 2028 1105 2045 va.
1127 2034 1164 2038 ——
1190 2021 1233 2050 66)
1257 2017 1305 2045 Sic
1329 2018 1384 2045 Gu.
1411 2021 1441 2049 2.
1465 2026 1511 2044 va.
1538 2017 1585 2045 Ar.
1609 2033 1651 2038 —-
1674 2018 1823 2045 vinc-inula·
1846 2018 1903 2045 Gu.
1929 2020 1957 2047 1.
1976 2033 2012 2036 -

1058 2060 1195 2088 uncinoli
1217 2060 1300 2097 vulg.
1331 2076 1370 2080 —
1405 2056 1453 2099 67)
1476 2058 1577 2087 arbor.
1600 2060 1655 2088 ποί.
1679 2070 1724 2088 va.
1750 2075 1787 2082 —-
1827 2061 1875 2095 63)
1899 2060 2013 2087 ammt-

1057 2103 1161 2130 niculo
1185 2112 1231 2140 pr.
1250 2112 1297 2130 va.
1324 2119 1361 2123 -—
1390 2104 1437 2138 69)
1463 2101 1511 2129 Sic
1533 2102 1676 2135 Gu.1.2.
1700 2120 1734 2124 -
1764 2104 1911 2130 continere
1933 2100 2012 2137 vulg.

1059 2161 1095 2166 -—
1122 2144 1309 2172 commedere
1331 2154 1378 2173 va.
1401 2159 1443 2166 —-
1465 2149 1648 2173 contemnere
1670 2147 1720 2175 Ar.
1749 2163 1786 2166 —
1811 2144 1858 2183 70)
1882 2145 1930 2173 Sic
1955 2143 2011 2170 Gu-

1060 2191 1085 2217 l·
1102 2190 1130 2218 2.
1154 2198 1201 2226 pr.
1224 2197 1274 2217 va.
1296 2187 1345 2216 Ar.
1368 2203 1410 2207 —
1434 2185 1567 2225 petite-ul.
1590 2188 1671 2226 vulg.
1706 2205 1741 2209 -
1777 2186 1822 2224 71)
1848 2183 2010 2223 defendant

1058 2230 1113 2258 Gu.
1133 2235 1158 2260 1.
1174 2233 1204 2260 2.
1228 2246 1264 2250 —
1291 2232 1336 2263 72)
1359 2230 1438 2257 enim
1457 2236 1530 2257 sunt
1552 2240 1595 2259 va.
1621 2247 1663 2252 -—
1687 2230 1732 2269 73)
1756 2230 1890 2268 alligant
1913 2236 2010 2271 vaf-

1058 2276 1106 2307 74)
1128 2271 1379 2311 comprehendant
1404 2272 1459 2301 Gu.
1480 2275 1510 2304 2.
1533 2288 1575 2293 ——-
1597 2275 1642 2307 75)
1664 2275 1726 2301 sint
1748 2283 1793 2311 pr.
1820 2286 1858 2293 -
1889 2266 1935 2305 76)
1959 2267 2008 2294 SlC

1059 2315 1117 2344 Gu.
1142 2317 1167 2345 1'.
1194 2332 1228 2336 —
1254 2316 1399 2353 succique
1424 2321 1451 2342 et
1478 2314 1682 2353 pinguedinis
1707 2315 1787 2351 vulg.
1821 2328 1859 2332 -
1891 2311 1936 2342 77)
1965 2314 2007 2336 2⁴5!

1057 2357 1124 2386 add.
1148 2358 1228 2395 vulg.
1255 2374 1296 2379 —-
1319 2368 1375 2387 om.
1400 2358 1456 2386 Gu.
1484 2360 1510 2388 1.
