2264 2830
791 79 1038 114 ORIGINUM
1072 81 1219 116 LIBER
1245 82 1303 116 xl.

76 177 220 222 pedibus
245 177 384 218 similes,
421 176 555 219 qualem
583 175 613 206 in
640 173 820 207 solitudine
846 175 1008 207 Antonius
1035 181 1164 210 sanctus
1176 172 1200 193 ²⁹

78 229 288 273 respondisse
315 229 420 262 fertur
447 222 609 261 dicens³⁰t

77 292 159 314 rore
184 281 368 327 gentilitus
395 280 535 312 Faunos
556 279 772 322 Satyro-sque
784 274 807 295 ³¹
836 278 926 310 colit.

1952 85 2024 120 371

1227 176 1317 209 vidit.
1373 175 1440 216 Qui
1467 175 1567 208 etiam
1594 175 1815 219 interrogatus
1841 177 1904 212 Dei
1931 190 2026 212 servo

650 225 818 259 Mortalis
844 237 913 271 ego
939 238 1016 260 sum
1042 239 1130 261 unus
1157 240 1200 262 ex
1226 228 1360 262 accolis
1389 227 1540 270 heremi,
1575 238 1659 271 quos
1686 228 1787 261 vario
1814 228 1942 263 delusa
1969 242 2026 264 er-

243 332 302 364 22.
354 332 515 364 Dicuntur
541 330 676 372 quidam
705 334 737 361 et
764 329 923 363 silvestres
951 328 1122 369 homines,
1163 341 1247 374 quos
1275 330 1424 363 nonnulli
1454 329 1584 362 Faunos
1612 329 1742 363 ficarios
1769 336 1897 365 vocant.

79 443 202 477 Graeci
229 443 306 476 inde
336 439 525 480 σκιόποδας

79 496 308 541 magnitudine
334 494 580 527 adumbrentur.

539 439 549 457 3
552 437 563 457 ³

353 390 563 435 Sciopodum
591 401 673 434 gens
697 386 836 421 sertur³²
863 390 895 421 in
922 389 1104 435 Aethiopia
1132 391 1270 436 singulis
1301 391 1449 423 cruribus
1484 394 1515 422 et
1543 389 1713 422 celeritate
1748 391 1908 424 mirabili:
1941 403 2026 435 quos

590 446 726 482 vocant,
755 452 795 473 eo
822 440 915 484 quod
943 453 1005 487 per
1036 449 1162 475 aestum
1189 443 1222 475 in
1250 447 1335 475 terra
1362 441 1508 485 resupini
1535 441 1696 482 iacentes,
1738 442 1867 487 pedum
1891 454 2027 477 suorum

244 546 302 578 24.
356 545 544 589 Antipodes
572 545 603 576 in
633 544 739 588 Libya
767 543 896 587 plantas
922 557 1031 577 versas
1058 545 1185 578 habent
1211 549 1288 589 post
1313 555 1410 576 crura
1431 548 1463 575 et
1491 547 1630 576 octonos
1643 539 1667 559 ³¹
1695 543 1817 588 digitos
1842 545 1874 577 in
1894 546 2024 591 plantis.

243 595 303 631 25.

244 648 304 682 26.

79 710 149 731 ram
177 698 349 733 habentes

78 762 143 793 qua
172 762 271 797 supra
299 752 449 785 diximus.
504 752 548 783 lli
577 757 732 783 montana
761 751 875 783 Indiae
903 756 1031 791 tenent,

244 803 302 837 27.
356 803 541 836 Perhibent
575 808 607 835 et
642 804 674 835 in
702 802 819 836 eadem
855 802 949 835 India
984 814 1054 836 esse
1081 808 1219 848 gentem
1254 803 1471 842 feminarum,
1507 812 1592 845 quac
1623 800 1850 843 quinquennes

77 854 191 898 piunt,
224 861 257 888 et
284 860 438 889 octavum
464 855 550 887 vitae
577 866 697 886 annum
721 865 787 886 non
815 854 987 886 excedunt.

355 593 622 641 I‘lippopodvs‘ff'
649 597 681 627 in
708 594 848 639 Scythia
875 602 966 637 sunt,
990 597 1170 629 humanam
1198 597 1342 628 sormam
1372 601 1403 627 ct
1431 594 1567 637 equinos
1594 594 1698 638 pedes
1727 595 1897 629 habentes.

357 649 394 680 ln
424 649 517 680 ludia
551 652 686 692 gentem
715 648 825 680 serunt
853 646 975 689 esse³'⁵‚
1017 660 1101 691 quae
1128 645 1327 694 μακρόβιοι
1356 651 1603 690 nuncupantur,
1631 643 1743 679 οεῐο31
1770 648 1895 691 pedum
1924 654 2026 681 statu-

403 700 463 733 Est
492 706 523 732 et
549 711 631 744 gens
658 699 702 731 ibi
728 704 850 731 statura
861 696 886 715 ³²³
913 700 1083 741 cubitalis,
1125 711 1211 743 quos
1242 699 1365 732 Graeci
1394 711 1411 730 a
1440 698 1553 731 cubito
1582 709 1766 742 pygmaeos
1797 705 1934 742 vocant,

1983 700 2026 733 de

1063 751 1181 795 quibus
1210 756 1258 783 est
1285 751 1408 783 vicinus
1419 746 1444 767 ³¹³
1471 761 1622 782 oceanus.

1863 798 1888 818 ⁴⁰
1914 803 2027 836 conci-

244 907 303 942 28.
358 907 522 940 Dicuntur
548 912 656 939 autem
685 911 718 938 et
744 906 808 937 alia
835 905 1010 938 hominum
1040 906 1193 939 sabulosa
1220 910 1391 950 portenta,
1425 916 1511 947 quae
1537 915 1604 936 non
1631 907 1722 943 sunt,
1752 902 1813 935 sed
1840 903 1934 936 ficta:
1961 901 2027 937 et⁴¹

80 957 112 989 in
141 958 246 990 causis
279 970 389 991 rerum
422 960 693 1003 interpretantur,
735 962 770 990 ut
797 957 980 990 Gerionem
1013 958 1197 1001 Hispaniae
1231 969 1347 1002 regem
1374 957 1495 1000 triplici
1526 956 1634 988 forma
1668 954 1837 998 proditum
1851 951 1885 990 ⁴²,

1938 955 2029 989 Fue-

81 1014 156 1041 runt
184 1010 270 1043 enim
298 1015 362 1043 tres
386 1011 501 1043 fratres
528 1015 636 1042 tantae
664 1008 884 1051 concordiae,
912 1016 946 1042 ut
973 1010 1005 1042 in
1031 1011 1134 1043 tribus
1159 1010 1357 1054 corporibus
1384 1009 1475 1052 quasi
1498 1019 1562 1039 una
1590 1007 1699 1039 anima
1725 1003 1854 1039 esset⁴³.

246 1069 305 1104 29.
360 1070 540 1114 Gorgones
574 1080 709 1112 quoque
745 1071 935 1105 meretrices
971 1070 1101 1103 crinitas
1133 1066 1389 1114 serpentibus'n,
1424 1079 1511 1111 quae
1535 1062 1765 1111 aspicientes⁴⁵
1792 1065 2028 1100 convertebant

79 1120 111 1152 in
140 1120 288 1164 lapides,
325 1120 486 1154 habentes
513 1133 614 1154 unum
643 1121 798 1164 oculum,
839 1120 941 1166 quoffi
967 1122 1108 1155 invicem
1136 1123 1321 1156 utebantur.

1375 1121 1523 1154 Fuerunt
1549 1123 1658 1151 autem
1687 1123 1753 1151 tres
1780 1129 1909 1150 sorores
1935 1118 2029 1150 unius

78 1172 352 1215 pulchritudinis,
395 1174 488 1217 quasi
515 1174 609 1205 unius
636 1173 743 1216 oculi,
781 1185 869 1216 quae
896 1175 940 1206 ita
963 1170 1203 1218 spectatores⁴³
1234 1185 1309 1206 suos
1342 1178 1532 1218 stupescere
1568 1171 1737 1204 faciebant
1749 1165 1790 1211 ⁴⁸,
1830 1174 1866 1200 ut
1900 1174 2027 1201 vertere

78 1235 135 1255 eos
163 1229 356 1268 putarentur
379 1224 411 1256 in
439 1225 584 1267 lapidee.

243 1276 302 1308 30.
357 1275 488 1307 Sirenas
500 1272 524 1291 ⁴⁹
552 1271 717 1319 fingunt⁵⁰
745 1274 844 1307 fuisse
871 1285 910 1306 ex
938 1279 1034 1318 parte
1063 1275 1224 1319 virgi:1es*‚
1254 1285 1293 1307 ex
1314 1279 1410 1317 parte
1438 1273 1604 1312 volucres,
1633 1271 1795 1305 habentes
1818 1270 1886 1302 alas
1913 1275 1945 1302 et
1965 1281 2026 1302 un-

79 1325 192 1368 gulas:
238 1338 376 1368 quarum
403 1338 467 1358 una
495 1337 594 1364 voce,

80 1382 177 1408 cantu
187 1373 212 1392 ⁵³
237 1377 269 1409 in
292 1377 502 1421 naufragium
516 1373 540 1393 ⁵*
564 1376 750 1410 trahebant.

244 1428 303 1462 31.

79 1530 157 1572 quia
185 1542 279 1563 amor
306 1537 337 1562 et
371 1532 461 1563 volat
495 1537 527 1564 ct
554 1531 711 1563 vulnerat.

78 1592 191 1614 nerem
219 1588 422 1615 creaverunt.

243 1633 302 1667 232.
354 1633 503 1677 Scyllam
532 1643 668 1676 quoque
694 1631 806 1664 ferunt
832 1627 1026 1663 se111inam⁰⁰

643 1326 745 1356 altera
773 1322 910 1365 tibiis⁵¹‚
961 1325 1055 1358 tertia
1089 1326 1161 1369 lyra
1197 1321 1405 1358 cauebant⁵².

1458 1324 1553 1364 Quae
1586 1322 1716 1356 illectos
1750 1322 1941 1366 navigantes
1967 1322 2027 1354 sub

357 1429 548 1462 Secundum
584 1435 693 1460 autem
736 1424 942 1459 veritatem⁵⁵
975 1428 1164 1460 meretrices
1204 1427 1353 1466 fuerunt,
1388 1437 1475 1469 quae
1507 1429 1726 1463 transennam,
1769 1424 1927 1466 quoniam
1965 1422 2028 1454 de—

80 1478 246 1511 ducebant
275 1479 317 1511 ad
346 1486 530 1524 egestatem
541 1476 583 1518 ⁵⁰,
619 1480 656 1510 iis
667 1476 691 1495 ⁵⁷
719 1479 818 1512 lictae
845 1483 918 1510 sunt
943 1478 1064 1511 inferre
1075 1476 1100 1495 5⁸
1132 1479 1318 1522 naufragia.

765 1530 862 1570 Quae
888 1529 966 1562 inde
992 1530 1025 1562 iu
1052 1530 1206 1563 fluctibus
1229 1540 1453 1563 commorasse
1481 1528 1651 1567 dicuntur,
1679 1525 1756 1569 quia
1783 1525 1902 1558 fluctus
1913 1522 1936 1541 5⁹
1959 1525 2028 1558 Ve-

1372 1478 1452 1509 Alas
1485 1482 1597 1509 autem
1624 1475 1780 1507 habuisse
1814 1479 1845 1506 et
1875 1474 2027 1518 ungulas,

1053 1632 1216 1676 capitibus
1245 1631 1447 1665 succinctam
1476 1629 1617 1669 caninis,
1653 1639 1729 1661 cum
1757 1627 1928 1659 latratibus
1955 1638 2027 1658 ma—

79 1683 168 1728 gnis.
210 1690 350 1729 propter
376 1685 496 1717 fretum
525 1685 629 1718 Siculi
658 1684 772 1723 maris,
812 1683 845 1715 in
871 1695 939 1726 quo
968 1683 1161 1727 navigantes
1187 1679 1401 1717 vorticibus‘il
1428 1683 1460 1715 in
1494 1693 1528 1713 se
1563 1679 1830 1714 concurrentium
1865 1678 2027 1711 undarum

80 1735 241 1777 exterriti,
269 1737 389 1770 latrare
400 1733 426 1754 ‘⁵²

82 1843 150 1872 add.
174 1844 203 1871 Z.
227 1844 262 1872 al.
285 1861 325 1865 ——
345 1847 391 1880 33)
418 1856 478 1872 esse
501 1845 568 1873 add.
589 1845 687 1882 vulg„
711 1843 792 1882 quod
816 1854 873 1871 om.
897 1843 1035 1874 Gu.1.‘2.

83 1901 124 1907 -—
146 1886 195 1923 33)
214 1887 262 1914 Sic
279 1888 335 1917 Gu.
351 1890 378 1917 1.
401 1903 442 1907 —-
466 1887 551 1924 Vulg.
575 1897 696 1917 σκιοπ,
719 1887 836 1914 Graeci.
853 1901 893 1906 —
915 1888 960 1920 34)
985 1887 1034 1914 Sic

83 1929 139 1956 Gu.
162 1931 186 1958 1.
204 1930 233 1958 2,
259 1929 360 1957 Ar.—-
379 1935 495 1957 octenos
517 1930 597 1967 vulg.
621 1946 663 1951 --
683 1930 729 1967 35)
753 1929 801 1957 Sic
818 1930 865 1958 Ar.
888 1943 930 1949 —-
954 1929 1035 1967 Hip-

77 1969 173 2009 podffl
195 1971 226 1999 Z.
249 1971 306 2000 Gu.
326 1973 352 2002 1.
367 1974 395 2002 2.
418 1982 462 2009 pr.
485 1982 531 2000 va.
555 1972 599 2001 ed.
622 1971 713 2001 Goth.
735 1988 777 1993 —
798 1967 1035 2007 Ἰππόποδες

82 2013 163 2050 vulg.
186 2029 227 2034 --
257 2013 303 2053 36)
328 2014 377 2041 Sic
402 2014 459 2043 Gu.
479 2018 505 2045 1.
537 2033 575 2037 —
601 2016 708 2052 ferunt
731 2025 791 2042 esse
811 2019 930 2052 gentem
952 2014 1035 2052 vulg.

82 2071 124 2077 —-
149 2055 196 2093 37)
225 2056 273 2083 Sic
299 2057 348 2084 Ar.
374 2065 389 2084 e
418 2056 492 2085 Ptin.
523 2056 561 2087 Η.
590 2057 624 2086 Ν.
643 2057 712 2091 Vll,
734 2059 763 2087 2.
796 2072 839 2078 —
872 2055 1032 2084 duodecim

83 2098 163 2134 vulg.
187 2114 229 2119 --
252 2098 298 2136 38)
319 2104 459 2125 staturae
481 2099 517 2128 al.
540 2115 581 2120 —
604 2098 650 2140 39)
674 2101 765 2129 vicin.
787 2105 829 2127 est
851 2109 898 2128 va.
923 2115 965 2120 —
985 2100 1031 2136 40)

84 2142 302 2179 quinquenni&
325 2151 370 2168 va.
392 2156 435 2162 —·
456 2142 501 2178 41)
529 2147 554 2169 ec
577 2152 635 2171 om.
658 2143 690 2170 Z.
716 2143 772 2172 Gu.
795 2145 822 2174 1.
845 2157 885 2163 —
908 2142 956 2176 42)
975 2152 1032 2179 po-

84 2184 179 2210 situm
211 2184 267 2211 Gu.
290 2186 318 2214 2.
348 2183 378 2210 in
403 2192 492 2220 marg.
518 2184 554 2213 al.
581 2183 799 2222 proditum.
822 2201 864 2206 —
893 2183 939 2222 43)
967 2194 1030 2212 una

85 2231 157 2254 esset
188 2227 294 2253 (mima
324 2225 380 2253 Gu.
396 2229 425 2257 2.
449 2236 495 2254 va.
532 2242 570 2246 -——
616 2224 662 2264 44)
684 2233 830 2265 serpentes
858 2227 915 2254 Gu.
937 2228 966 2257 2.
989 2243 1029 2248 —

85 2268 172 2306 Vulg.
199 2267 268 2297 add.
284 2267 403 2308 fertur,
426 2268 509 2306 quod
525 2268 690 2297 om.Z.Gu.
706 2272 731 2299 1.
748 2272 776 2301 2.
800 2270 885 2298 al.—-
908 2269 960 2298 Ed.
985 2280 1031 2299 va.

81 2311 194 2347 serunt.
219 2327 257 2331 —
283 2312 330 2347 45)
354 2321 384 2337 se
409 2310 475 2339 add.
499 2311 596 2348 vulg.‚
630 2310 720 2348 quod.
745 2321 801 2340 om.
826 2312 857 2342 Z.
884 2312 940 2340 Gu.
959 2314 985 2343 1.
1004 2315 1033 2344 2.

89 2355 135 2382 Ar.
159 2369 197 2375 —
222 2353 470 2381 convertebantur
490 2354 520 2383 Z.
544 2368 577 2375 —
607 2354 654 2389 46)
677 2363 764 2391 quem
786 2354 894 2383 Lucan.
918 2354 984 2383 cod.
1008 2359 1036 2382 et

453 1733 673 1769 existimant&
701 1735 825 1775 undas,
852 1746 934 1778 quas
962 1735 1122 1768 sorbentis
1150 1741 1258 1768 aestus
1285 1745 1412 1779 vorago
1441 1733 1579 1767 collidit.

1077 1844 1115 1872 ita
1141 1853 1258 1882 semper
1279 1844 1309 1871 in
1333 1842 1424 1871 verbo
1450 1849 1525 1871 utor.
1544 1859 1576 1862 —
1602 1843 1646 1872 47)
1672 1839 1719 1867 Sic,
1743 1840 1771 1866 Z.
1793 1839 1848 1866 Gu.
1870 1842 1893 1869 1.
1919 1848 1962 1867 va.
1979 1839 2027 1867 Ar.

1078 1905 1116 1909 --
1140 1888 1319 1924 inspectores
1346 1885 1428 1923 vulg.
1457 1901 1498 1906 —
1526 1888 1741 1921 exspectatores
1769 1882 1825 1910 Gu.
1845 1885 1872 1913 2-
1903 1897 1941 1902 —·
1980 1883 2025 1916 48)

1076 1930 1317 1967 stupefaciebmzl
1339 1929 1375 1957 al.
1408 1944 1448 1948 —
1485 1928 1532 1964 49)
1556 1932 1615 1954 tre-5
1639 1924 1706 1953 add.
1729 1924 1830 1962 vulg,
1855 1923 1945 1962 quod.
1969 1934 2027 1953 om.

1078 1972 1175 2002 Gu.1.
1207 1988 1248 1993 —
1278 1973 1324 2007 50)
1347 1970 1454 1998 dicunt
1478 1970 1508 1997 Z.
1535 1986 1567 1990 —
1604 1967 1650 2006 51)
1672 1967 1749 1995 tibia
1773 1967 1809 1996 al.
1841 1983 1877 1988 —
1909 1968 1953 2000 52)
1979 1967 2028 1994 Sic

1078 2015 1135 2043 Gu.
1151 2018 1179 2045 1.
1200 2030 1243 2036 -
1266 2014 1391 2041 canebat
1407 2013 1485 2050 vulg.
1510 2027 1546 2033 -
1572 2009 1618 2051 53)
1637 2011 1686 2039 sie
1709 2011 1739 2039 Z.
1758 2010 1814 2038 Gu.
1834 2012 1859 2039 1.
1874 2011 1903 2040 Ξ.
1927 2009 1964 2037 al.
1983 2019 2027 2047 pr.

1075 2073 1117 2078 —
1141 2067 1197 2084 suo
1221 2062 1314 2084 ι-αηίιι
1336 2056 1418 2092 vulg.
1445 2071 1488 2076 —
1509 2052 1557 2093 54)
1576 2054 1625 2082 Sic
1652 2054 1710 2082 Gu.
1728 2056 1754 2084 1.
1777 2070 1815 2074 —
1839 2053 1872 2079 in
1894 2052 2027 2088 naufra-

1071 2101 1129 2138 gia
1150 2099 1231 2137 vulg.
1252 2115 1294 2121 —
1317 2100 1349 2126 in
1371 2098 1537 2135 naufragio
1558 2097 1588 2126 Z.
1609 2097 1665 2124 Gu.
1682 2098 1710 2126 2.
1735 2111 1776 2117 -
1798 2094 1844 2132 55)
1869 2094 1918 2122 Sic
1931 2095 1986 2122 Gu.
2000 2097 2025 2125 1.

1073 2158 1116 2163 —
1139 2142 1224 2180 Vulg.
1249 2141 1370 2170 secund.
1394 2151 1453 2168 ver.
1476 2145 1586 2170 autem,
1615 2156 1652 2161 —
1676 2137 1724 2177 56)
1747 2139 1795 2166 Sic
1810 2137 1840 2165 Z.
1864 2137 1919 2165 Gu.
1944 2140 1971 2167 1.
1996 2139 2023 2167 2.

1073 2201 1115 2206 -
1138 2184 1182 2212 ad
1209 2190 1294 2223 eges-t.
1327 2183 1434 2211 deduc.
1456 2183 1537 2220 vulg.
1568 2198 1609 2203 —
1641 2183 1689 2218 57)
1712 2180 1761 2208 his
1781 2180 1918 2218 fabulae
1930 2180 2025 2216 fictae

1074 2227 1106 2256 Z.
1129 2243 1171 2248 —
1203 2227 1250 2267 58)
1278 2228 1386 2264 irgfcrri
1408 2227 1438 2254 Z.
1461 2241 1502 2248 —
1528 2226 1575 2261 59)
1596 2223 1749 2263 fluctibus
1780 2224 1880 2252 Gu.2.
1908 2236 1949 2241 —
1977 2222 2020 2252 60)

1066 2271 1221 2307 seminam
1235 2272 1298 2307 jer.
1324 2271 1353 2298 Z.
1378 2284 1416 2289 —
1443 2271 1492 2306 61)
1521 2267 1685 2295 vorticibus
1713 2276 1765 2303 pro
1789 2265 1885 2293 verne.
1918 2262 1971 2287 Gu.
1992 2262 2020 2289 1.

1081 2329 1116 2333 —
1141 2312 1188 2352 62)
1212 2314 1324 2340 latrari
1347 2313 1378 2341 Ζ,
1393 2327 1434 2333 -—
1456 2313 1500 2344 63)
1524 2311 1687 2338 aestimant
1710 2309 1739 2337 Z.
1765 2308 1817 2335 Gu.
1836 2308 1860 2334 2.
1887 2318 1921 2323 -
1947 2307 2021 2328 ‘Stl-

1080 2360 1157 2383 ment
1179 2355 1236 2384 Gu.
1257 2359 1284 2387 1.
1308 2371 1349 2377 --
1373 2354 1540 2382 existiment
1566 2353 1601 2381 al,

1464 2415 1564 2447 Aaa
1592 2414 1611 2435 *
