2264 2830
794 117 1041 153 ORIGlNUM
1077 119 1221 153 LIBER
1248 121 1305 154 ΙΙΙ.

1956 124 2026 157 135

241 214 438 260 Sagittarius
465 214 512 246 vir
539 212 665 256 equinis
693 213 842 246 cruribus
869 213 1076 247 deformatus
1088 211 1127 255 ⁴³,
1162 211 1251 248 cui⁴⁸
1278 215 1431 259 sagittam
1457 220 1488 246 et
1514 224 1628 247 arcum
1656 214 1843 259 adiungunt
1859 212 1897 256 ¹³¹,
1926 223 1960 249 ut
1986 230 2023 250 ις’(

77 280 118 301 eo
147 268 265 302 mensis
287 267 387 312 ipsius
414 265 552 298 fulmina
579 264 853 299 demonstrentur.

243 327 301 360 31.

905 264 1006 298 Unde
1033 272 1066 298 et
1093 267 1280 310 sagittarius
1308 272 1355 299 est
1384 272 1530 300 vocatus.

356 325 551 370 Capricorni
579 325 723 369 figuram
751 325 828 358 ideo
856 325 941 357 inter
967 325 1075 358 sidera
1102 324 1275 359 tixerunt¹⁶
1296 333 1436 371 propter
1464 337 1601 370 capram
1630 325 1716 358 lovis
1744 326 1917 367 nutricem,
1936 329 2027 360 cuius

78 379 297 425 posteriorem
325 384 454 423 partem
482 377 631 420 corporis
658 377 690 409 in
718 378 868 422 estigiem
895 377 994 421 piscis
1007 374 1032 393 ⁴⁷
1059 378 1136 410 ideo
1165 379 1392 411 formaverunt
1403 376 1445 418 ⁴⁸,
1486 385 1520 410 ut
1552 377 1682 422 pluvias
1715 378 1863 410 eiusdem
1897 384 2027 423 tempo-

77 428 152 465 ris⁴⁰
179 431 410 476 designarent,
434 440 516 472 quas
537 428 623 460 solet
649 429 738 462 idem
767 429 886 462 mensis
912 429 1114 473 plerumque
1141 430 1173 462 in
1201 430 1355 463 extremis
1383 429 1519 462 habere.

243 490 303 523 32.

77 543 110 575 in
137 543 189 575 his
215 543 314 588 signis
341 543 389 574 sol
416 538 604 581 vertitur³⁰‚
639 541 780 574 maiores
807 541 941 586 pluviae
969 542 1225 585 profunduntur.

790 595 907 626 arietes
937 599 970 626 et
998 593 1108 626 hircos
1137 600 1170 626 et
1197 600 1306 626 tauros
1334 590 1401 626 αὖ*
1432 605 1522 625 ursas
1551 597 1583 625 et
1610 603 1706 625 canes
1735 589 1800 624 et⁵⁵
1832 604 1969 627 cancros
1998 601 2029 626 et

848 646 936 678 Nam
963 650 996 678 et
1027 646 1174 688 aquilam
1201 647 1332 691 signum
1360 645 1445 678 lovis
1458 641 1482 661 ⁵⁷
1509 649 1649 689 propter
1676 644 1806 676 fabula>¹
1831 646 1913 677 inter
1942 645 2028 678 coeli

77 595 134 638 qui
160 605 226 627 non
253 594 361 626 solum
390 593 514 637 pisces,
541 592 600 624 sed
629 593 726 626 etiam
738 590 763 609 ⁵³

77 646 270 690 scorpiones
296 646 329 678 in
355 645 490 679 coelum
518 642 794 680 transtuleruntffi.

77 702 165 732 astra
191 698 259 731 eius
285 697 466 731 memoriae
477 693 502 713 ⁵⁸
528 707 627 730 causa
655 697 912 731 collocaverunt.

357 491 463 522 Porro
490 489 674 531 Aquarium
705 494 737 522 et
764 490 875 522 Pisces
909 490 951 521 ab
985 490 1143 522 imbribus
1169 497 1361 534 temporum
1390 495 1609 528 vocaverunt,
1633 488 1724 532 quod
1739 489 1874 532 hyeme,
1891 490 2027 532 quando

1280 543 1324 574 Et
1348 541 1543 574 admiranda
1554 538 1577 557 ³¹¹
1606 541 1771 573 dementia
1807 542 1981 585 gentilium
1993 538 2029 581 ³¹²,

242 756 301 791 33.
354 758 511 790 Perseum
539 767 675 799 quoque
705 762 737 789 et
770 768 907 789 uxorem
936 756 1004 789 eius
1039 757 1311 797 Andromedam,
1355 752 1568 801 postquam⁵⁹
1595 760 1668 789 sunt
1697 755 1836 795 mortui,
1890 757 1922 788 in
1951 767 2030 788 coe-

77 809 146 841 lum
172 814 285 852 raptos
297 806 323 826 ‘⁵⁰

77 859 263 893 nominibus
273 857 298 877 ⁰²
324 871 389 893 non
417 860 650 893 erubescerent
663 856 698 892 ⁶³.

241 910 300 944 34.
353 912 517 956 Aurigam
546 911 644 943 etiam
672 909 932 943 Erichthonium
960 911 1043 943 inter

972 962 1087 995 Mirati
1116 968 1188 995 sunt
1215 963 1301 995 enim
1320 963 1388 995 eius
1415 963 1584 1007 ingenium
1597 957 1622 977 ⁰³
1649 961 1692 993 ad
1721 961 1936 993 imitationem
1965 961 2030 994 So-

77 962 200 995 dissent
227 975 302 996 eum
330 965 475 1007 primum
503 962 704 1007 quadrigam
718 959 743 978 '³⁶
769 962 917 995 iunxisse.

1053 907 1077 928 fit

353 820 423 841 esse
458 808 687 847 crediderunt,
728 809 773 841 ita
801 814 835 841 ut
862 809 1023 853 imagines
1051 820 1167 841 eorum
1203 809 1304 841 stellis
1339 804 1595 854 assignarentffl,
1640 818 1824 849 eorumque
1856 808 2030 851 appellare

1106 911 1194 944 coeli
1222 916 1309 943 astra
1344 906 1649 949 collocaveruntffi,
1685 915 1825 953 propter
1857 909 1950 952 quod
1982 911 2030 941 vi-

78 1014 117 1047 lis
140 1016 331 1055 accessisse,
362 1020 393 1047 et
419 1021 560 1059 propter
581 1013 650 1047 hoc
677 1024 799 1046 nomen
827 1014 894 1046 eius
922 1019 998 1058 post
1022 1020 1163 1047 mortem
1192 1015 1275 1047 inter
1306 1015 1414 1047 sidera
1446 1017 1637 1058 posuerunt.

242 1074 303 1108 35.
356 1074 413 1109 Sic
446 1075 588 1115 Calisto,
624 1074 792 1118 Lycaonis
819 1070 942 1118 regis‘ffl
969 1074 1053 1116 tilia,
1081 1075 1163 1107 dum
1190 1075 1232 1107 ab
1261 1075 1339 1107 love
1367 1085 1557 1118 compressa
1585 1078 1617 1105 et
1645 1072 1798 1104 fabulose
1823 1068 1875 1104 affl
1903 1072 2029 1105 lunone

77 1127 109 1159 in
143 1138 236 1159 ursae
270 1126 416 1170 speciem
451 1137 544 1159 versa
578 1122 727 1159 fuisset⁷⁰

77 1189 199 1211 nomen
227 1178 295 1211 eius
322 1178 408 1210 lovis
434 1189 510 1212 cum
538 1178 609 1210 filio
637 1178 668 1210 in
696 1177 797 1212 stellis
822 1178 1145 1222 Septentrionalibus
1171 1178 1351 1218 transtulit,
1391 1188 1531 1219 eamque
1566 1177 1692 1209 Arcton
1736 1199 1745 1214 ,

78 1230 146 1263 eius
173 1229 409 1274 Arctophylax
420 1227 444 1246 ⁷²
472 1229 658 1274 appellavit
669 1225 702 1261 ⁷³.

245 1280 304 1313 36.
357 1281 413 1314 Sic
423 1277 448 1298 ⁷⁴
475 1281 565 1324 Lyra
592 1291 656 1324 pro
684 1279 859 1312 Mercurio
871 1274 896 1295 ⁷⁵

735 1150 744 1165 ,
788 1137 875 1168 quae
910 1125 1042 1158 Graece
1074 1125 1204 1172 ἄρκτος
1249 1126 1459 1170 appellatur,
1514 1130 1590 1169 post
1625 1124 1889 1156 intersectionem
1926 1124 2027 1168 ipsius

1703 1172 1724 1191 ⁷¹
1781 1175 1887 1207 filium
1916 1182 2026 1207 autem

917 1279 950 1310 in
978 1276 1149 1312 coelum⁷⁸
1176 1279 1344 1312 collocata
1358 1275 1398 1319 ⁷⁷,
1427 1278 1472 1311 sic
1500 1277 1683 1310 Centaurus
1713 1275 1861 1315 Chiron,
1890 1282 2030 1320 propter

78 1331 171 1375 quod
198 1329 380 1365 nutrierit'ffi
403 1331 643 1375 Aesculapium
668 1335 700 1362 et
726 1330 914 1369 Achillem,
942 1330 1026 1362 inter
1053 1335 1138 1362 astra
1170 1330 1395 1362 dinumeratus
1423 1334 1478 1362 est.

245 1391 304 1424 37.
356 1390 425 1424 Sed
453 1391 606 1434 quolibet
632 1390 737 1423 modo
765 1390 1005 1433 superstitionis
1032 1389 1120 1423 haec
1131 1386 1155 1406 ⁷⁹
1183 1390 1226 1422 ab
1254 1389 1444 1422 hominibus
1473 1392 1724 1431 nuncupentur,
1751 1392 1826 1418 sunt
1853 1391 1963 1419 tamen
1988 1388 2030 1419 si—

80 1444 180 1485 dera,
208 1454 294 1486 quae
321 1441 412 1477 Deus
439 1443 473 1475 in
499 1442 617 1476 mundi
643 1441 811 1486 principio
839 1441 1008 1482 condidit,
1034 1452 1074 1475 ac
1101 1446 1192 1475 certo
1220 1446 1312 1473 motu
1336 1441 1539 1484 distinguere
1566 1443 1720 1482 tempora
1754 1438 1928 1471 ordinavit.

244 1502 304 1537 38.
357 1503 490 1535 Horum
522 1503 623 1547 igitur
650 1503 820 1546 signorum
849 1501 1115 1542 observationes,
1151 1501 1204 1533 vel
1232 1511 1387 1545 geneses,
1420 1499 1474 1532 vel
1502 1504 1612 1532 cetera
1639 1494 1918 1541 superstitiosam,
1946 1508 2033 1540 quae

78 1566 113 1587 se
138 1554 182 1587 ad
211 1554 437 1599 cognitionem
464 1553 608 1587 siderum
637 1553 858 1597 coniungunt,
893 1552 928 1584 id
957 1557 1005 1585 est
1030 1553 1073 1585 ad
1101 1552 1250 1584 notitiam
1278 1552 1443 1592 fatorum,
1476 1546 1540 1583 et*1
1568 1549 1649 1582 fidei
1676 1554 1808 1581 nostrae
1836 1549 1903 1581 sine
1931 1549 2031 1582 (lubi-

78 1606 201 1639 tatione
228 1606 392 1640 contraria
419 1601 537 1646 suntffl,
565 1606 611 1638 sic
636 1605 784 1650 ignorari
812 1604 937 1637 debent
965 1616 983 1636 a
1011 1603 1222 1645 Christianis,
1250 1608 1286 1636 ut
1311 1614 1373 1637 nec
1401 1602 1522 1647 scripta
1551 1613 1619 1634 esse
1646 1600 1829 1633 videantur.

78 1714 218 1744 exhibent
237 1715 293 1743 Gu.
310 1717 337 1745 1.
355 1716 384 1745 2.
407 1729 449 1736 --
471 1713 522 1748 39)
544 1713 593 1741 Sic
615 1713 671 1743 Gu.
690 1717 715 1745 1.
734 1717 762 1746 2.
786 1715 878 1752 (qula
897 1712 952 1754 ab)
978 1714 1028 1743 Ar.

79 1776 117 1781 .-
142 1756 226 1796 quod
241 1757 323 1795 vulg.
344 1772 386 1778 —·
409 1754 457 1795 40)
470 1757 580 1793 saciat
606 1757 662 1785 Gu.
678 1759 707 1788 2.
731 1773 772 1778 -—
795 1757 842 1794 41)
866 1758 949 1784 iusta
972 1758 1028 1786 Gn.

77 1803 107 1832 2.
131 1816 172 1822 —
195 1799 327 1828 adustae
340 1808 404 1827 var.
421 1799 489 1827 lect.
507 1809 553 1838 ap.
572 1799 662 1828 Goth.
684 1800 782 1827 Locus
801 1804 844 1828 est
862 1799 1031 1833 Lucan.IV,

78 1843 130 1875 58.
153 1859 187 1864 —
208 1840 256 1881 42)
272 1842 384 1880 figura
400 1841 467 1870 add.
487 1841 542 1869 Gu.
562 1844 586 1872 1.
611 1860 649 1864 —
672 1841 719 1881 43)
744 1842 792 1870 Sic
813 1842 843 1870 Z.
868 1842 924 1870 Gu.
942 1845 966 1872 1.
985 1852 1029 1880 pr.

79 1896 126 1914 Va.
146 1884 199 1914 Ar.
223 1901 262 1906 -—
285 1884 474 1921 deformalur
489 1884 568 1922 vulg.
591 1900 632 1905 —
657 1884 705 1921 44)
727 1887 816 1913 cuius
833 1885 889 1912 Gu.
910 1887 936 1913 1.
953 1887 1030 1915 2.-

77 1929 126 1963 45)
149 1929 282 1965 iungunt
299 1927 355 1955 Gu.
372 1929 399 1957 1.
421 1942 464 1949 —
485 1926 530 1961 46)
554 1926 603 1955 Sic
620 1927 679 1956 Gu.
702 1930 729 1959 1.
746 1937 793 1966 pr.
815 1943 857 1950 —-
871 1928 1029 1965 finxerunt

77 1971 157 2008 vulg.
181 1971 274 2007 (inter
290 1971 381 2008 signa
398 1970 446 1997 4ἰί
459 1968 576 2007 sidera)
590 1980 634 1998 va.
659 1987 700 1993 —
721 1968 769 2010 47⁴)
788 1972 903 2009 piscem
927 1970 983 2000 Gu.
998 1972 1028 2000 2.

78 2013 115 2042 al.
136 2029 178 2035 —
197 2014 250 2049 48)
272 2012 321 2040 Sic
339 2012 370 2040 Z.
387 2012 443 2041 Gu.
462 2015 489 2043 1.
503 2022 550 2051 pr.
571 2028 613 2034 —
627 2013 785 2051 finxerunt
802 2013 882 2050 vulg.
912 2028 953 2034 —-
981 2010 1028 2052 49)

78 2057 188 2084 menois
204 2055 239 2083 al.
256 2065 304 2084 va.
327 2069 370 2077 —-
392 2056 437 2091 50)
460 2054 578 2082 velu'tur
601 2055 657 2086 Gu.
679 2059 705 2086 1.
723 2072 757 2078 --
784 2056 833 2092 51)
856 2055 905 2084 Sic
927 2055 984 2084 Gu.
1002 2058 1029 2086 1.

79 2113 120 2120 --
142 2097 287 2127 miranda
301 2097 382 2134 vulg.
404 2112 446 2118 -
467 2099 515 2134 52)
537 2097 586 2126 Sic
604 2098 658 2127 Gu.
677 2102 703 2130 1.
719 2101 746 2130 2.
763 2115 804 2122 --
825 2098 932 2137 gentil.
951 2097 1026 2126 dem.

78 2140 158 2178 vulg>
185 2157 220 2162 —
246 2139 291 2180 53)
314 2139 368 2168 sed
388 2145 415 2167 et
437 2140 467 2167 Z.
493 2153 533 2163 ι·-
554 2141 646 2168 etiam
668 2151 726 2170 om.
740 2141 799 2169 ⁴Gu.
816 2144 844 2172 2.
871 2158 909 2164 .-
934 2142 977 2174 54)
1001 2145 1029 2168 et

79 2183 164 2212 addit
184 2183 279 2214 Gu.1.
302 2197 344 2205 --
366 2180 416 2222 55)
432 2187 458 2209 et
473 2181 541 2211 add.
560 2183 616 2210 Gu.
634 2186 659 2214 1.
676 2186 707 2215 2.
728 2200 772 2207 --
794 2187 839 2219 55)
864 2185 897 2211 in
912 2183 1028 2211 coelum

79 2225 145 2256 add,
162 2225 192 2254 Ζ,
209 2225 264 2255 6η,
285 2228 309 2257 1.
329 2228 356 2257 2.
373 2235 419 2254 va.
439 2225 488 2252 Ar.
509 2240 550 2247 -
572 2226 620 2261 57)
644 2226 693 2254 Sic
711 2226 766 2257 Gu.
782 2229 814 2258 1.
837 2226 953 2265 (postea
969 2236 1027 2255 orn.

79 2270 163 2297 lovis
177 2273 245 2296 ante
257 2268 404 2306 fabulas)
429 2282 470 2289 —
493 2273 521 2294 et
537 2277 675 2305 qignum.
699 2285 737 2292 --
767 2268 813 2308 58)
836 2268 1028 2307 eiusdemque

79 2321 174 2339 causa
189 2311 246 2339 Gu.
257 2314 284 2342 1.
307 2327 349 2332 —
370 2313 415 2345 59)
439 2310 513 2348 quia
532 2311 647 2338 mortui
661 2316 733 2338 sunt
747 2311 776 2338 Z.
796 2328 828 2335 ..-
857 2323 952 2351 quam
968 2313 1027 2344 Gu.

79 2355 108 2384 2.
126 2363 172 2393 pr.
192 2370 233 2376 —
252 2359 454 2392 posteaquam
470 2352 549 2390 vulg.
572 2368 614 2375 -
643 2353 691 2390 eo)
713 2353 763 2381 Sic
788 2354 845 2383 Gu.
863 2358 890 2386 1.
916 2370 952 2378 —
978 2365 1026 2382 re-

1072 1718 1171 1752 ceptos
1187 1712 1267 1751 vulg.
1294 1729 1330 1734 -
1355 1713 1403 1749 61)
1425 1713 1475 1741 Sic
1499 1712 1554 1740 Gu.
1570 1714 1598 1742 1.
1621 1727 1662 1732 —
1685 1708 1878 1747 designarent
1894 1709 1973 1746 vulg.
1992 1726 2025 1730 —

1072 1758 1120 1793 62)
1143 1766 1223 1785 nom.
1240 1766 1309 1795 app.
1325 1755 1355 1784 Ζ,
1378 1771 1419 1777 —-
1442 1753 1488 1793 63)
1512 1753 1679 1782 erubescent
1697 1752 1728 1780 Z.
1749 1767 1791 1774 —
1813 1750 1862 1792 64)
1886 1753 1916 1780 in
1942 1752 1972 1779 Z.
1991 1752 2027 1780 al.

1073 1810 1117 1838 prv
1142 1809 1189 1827 va.
1207 1798 1244 1826 al.
1263 1809 1320 1827 om.
1342 1798 1424 1828 coeli.
1459 1814 1492 1818 —-
1526 1800 1572 1832 65)
1597 1796 1778 1823 collocarent
1795 1794 1850 1823 Gu.
1865 1796 1894 1824 2.
1917 1810 1950 1815 ·—
1980 1793 2027 1833 66)

1075 1843 1220 1879 aurigam
1237 1841 1268 1870 Z.
1288 1857 1329 1862 —·
1352 1841 1398 1877 67)
1423 1840 1471 1868 Sic
1489 1840 1544 1869 Gu.
1564 1841 1589 1870 1.
1605 1854 1646 1859 —
1670 1839 1731 1875 ing.
1750 1837 1813 1865 eius
1833 1837 1915 1874 vulg.
1932 1854 1964 1858 -
1981 1836 2027 1874 (18)

1073 1879 1155 1923 regis
1175 1884 1243 1913 add.
1265 1885 1298 1913 Z.
1328 1884 1383 1911 Gu.
1407 1886 1432 1913 1.
1452 1894 1498 1921 pr.
1521 1892 1566 1910 va.
1587 1882 1638 1912 Ar.
1669 1896 1710 1902 —
1743 1880 1790 1916 69)
1818 1890 1837 1906 α
1857 1880 1913 1907 Gu.
1940 1883 1967 1911 1.
1990 1880 2027 1907 ab

1073 1928 1153 1966 vulg.
1174 1943 1216 1952 —
1237 1931 1282 1962 ΤΟ)
1304 1926 1355 1955 Sic
1370 1926 1428 1954 Gu.
1450 1928 1476 1956 1.
1502 1941 1536 1946 —-
1559 1924 1673 1960 fuisset
1689 1933 1766 1961 spec,
1783 1933 1855 1952 vers.
1875 1923 1933 1952 Gu.
1947 1924 1976 1952 2.
1995 1922 2025 1950 Ζ

1072 1981 1117 2009 pr.
1141 1986 1186 1994 -—
1215 1980 1358 1997 conversa
1381 1969 1460 2006 vulg.
1491 1983 1533 1989 —
1561 1970 1607 2001 71)
1632 1971 1752 1994 arctum
1776 1965 1834 1995 Gu,
1858 1968 1883 1995 1.
1911 1980 1953 1988 —
1982 1968 2024 1997 72)

1071 2014 1120 2041 Sic
1135 2013 1166 2042 Z.
1185 2013 1241 2042 Gu.
1263 2015 1289 2042 1.
1302 2014 1323 2042 2
1347 2021 1393 2049 pr.
1408 2022 1454 2040 va.
1470 2011 1507 2040 al.
1530 2027 1571 2033 —-
1592 2008 1826 2049 Arelapa-staca
1840 2007 1930 2045 vulg,
1949 2017 2026 2045 quae

1073 2056 1142 2085 add.
1159 2066 1211 2091 ea,
1236 2054 1316 2093 quod
1331 2064 1387 2082 om.
1406 2055 1439 2083 Z.
1456 2054 1513 2081 Gu.
1533 2057 1559 2084 1.
1574 2062 1620 2080 va.
1645 2068 1682 2074 -—
1714 2052 1759 2086 73)
1783 2050 1971 2088 appellatum
1994 2051 2024 2078 Z.

1071 2114 1114 2123 ·-
1137 2100 1184 2134 74)
1209 2099 1318 2136 Sicque
1333 2097 1444 2124 libram
1457 2097 1490 2126 Z.
1517 2112 1553 2117 -—
1577 2096 1624 2130 75)
1647 2105 1701 2132 per
1722 2094 1907 2122 Mercurium
1922 2103 1966 2124 va,
1983 2108 2024 2114 —

1071 2139 1118 2180 76)
1141 2143 1173 2169 iu
1191 2141 1270 2168 coelo
1286 2140 1315 2170 Ζ,
1334 2141 1390 2169 Gu.
1404 2142 1432 2171 2.
1453 2139 1490 2167 al.
1511 2157 1549 2161 ——
1575 2136 1621 2176 77)
1645 2137 1693 2165 Sic
1711 2136 1767 2164 Gu-
1790 2138 1815 2165 1.
1829 2135 1911 2167 haud
1925 2135 2022 2170 dubie,

1072 2193 1164 2222 quum
1180 2183 1326 2221 scriptum
1341 2182 1379 2211 δὴ
1393 2182 1533 2217 collecta3
1559 2181 1615 2209 Gu.
1630 2183 1659 2212 2.
1672 2180 1815 2207 locatam.
1834 2194 1877 2199 —-
1904 2180 1951 2218 73)
1974 2178 2020 2204 Sic

1071 2227 1101 2257 Z.
1116 2227 1175 2255 Gn.
1192 2229 1218 2256 1.
1235 2228 1282 2255 Ar.
1309 2242 1343 2249 -
1368 2227 1519 2254 nutrierat
1536 2224 1616 2261 vulg.
1641 2239 1677 2244 -—
1702 2223 1847 2249 nutrisset
1863 2221 1918 2252 Ga.
1935 2223 1963 2251 2.
1981 2234 2016 2240 -

1070 2268 1115 2307 79)
1137 2269 1187 2297 Sic
1206 2269 1262 2297 Gu.
1280 2271 1305 2299 1.
1328 2284 1369 2289 —-
1393 2268 1622 2306 superstitiones
1633 2265 1690 2293 hae
1703 2264 1782 2301 vulg.
1805 2279 1847 2285 --
1870 2266 1917 2301 80)
1944 2267 2017 2309 εἴη-

1069 2322 1123 2339 ras
1137 2322 1183 2340 res
1198 2312 1426 2349 superstitiosa-s·
1448 2311 1503 2339 Gu.
1516 2312 1547 2341 2.
1567 2326 1609 2331 -
1631 2309 1679 2344 81)
1702 2312 1729 2336 et
1753 2316 1807 2344 pro
1823 2316 1897 2343 quae
1910 2313 2016 2340 scripsi

1071 2364 1086 2382 e
1099 2354 1154 2382 Gu.
1172 2358 1198 2386 1.
1217 2357 1246 2385 2.
1264 2364 1308 2393 pr.
1327 2363 1375 2383 va.
1397 2353 1448 2382 Ar.
1475 2369 1511 2375 -
1536 2352 1583 2389 82)
1607 2350 1777 2379 contrariae
1798 2349 1852 2377 Gu.
1868 2350 1896 2378 2.
