2203 2829
187 136 263 171 190
888 129 1067 164 lSlDORI
1092 127 1271 166 HISPAL.
1295 130 1439 166 EPIS'C.

356 228 415 262 33.
468 226 583 261 Iudith
615 235 693 259 vero
723 229 755 258 et
792 216 964 266 Tobiae1,
1001 224 1068 257 sive
1099 223 1393 259 Machabaeorum
1429 224 1506 258 libri
1532 224 1653 268 quibus
1681 226 1871 259 auctoribus
1902 227 2015 271 scripti
2039 233 2112 263 sunt
2124 227 2145 271 ²,

190 283 326 319 minime
354 284 490 316 constat.
546 273 705 311 Habent-³
732 277 897 310 vocabula
924 287 964 309 ex
992 287 1109 309 eorum
1132 277 1340 319 nominibus,
1374 288 1517 321 quorum
1544 283 1640 321 gesta
1667 278 1864 314 scribuntur,

358 342 416 375 3⁴.
471 339 624 381 Quatuor
650 338 751 370 libros
779 337 1043 381 Evangeliorurn
1071 342 1214 380 quatuor
1241 337 1478 381 Evangelistae
1504 337 1716 382 singulariter
1742 339 2020 383 conscripserunt.

358 393 417 427 35.
471 392 601 424 Primus
628 388 821 422 Matthaeus
857 389 1052 433 conscripsit
1083 389 1304 434 Evangelium
1331 389 1431 421 literis
1466 389 1641 423 Hebraicis
1668 395 1700 422 et
1727 391 1933 424 sermonibus
1960 392 1993 423 in
2020 391 2145 424 Iudaea

190 449 320 485 initians
348 443 581 488 evangelizare
608 442 651 474 ab
678 440 826 474 humana
850 440 977 474 Christi
1009 441 1177 474 nativitate
1212 441 1342 474 dicens:
1382 439 1490 473 Liber
1520 442 1762 486 generationis
1792 441 1874 475 Iesu
1915 442 2046 475 Christi
2068 442 2146 488 filii

193 499 335 540 David,
371 495 448 543 filii
481 493 689 527 Abrabam.-
728 493 918 537 significans
957 492 1168 526 descendisse
1197 492 1419 537 corporaliter
1449 503 1488 525 ex
1515 493 1639 526 semine
1674 493 1940 537 patriarcharum
1962 494 2145 535 Christum,

193 555 279 589 sicut
304 548 502 596 promissum
530 542 599 579 est*
625 546 660 578 in
688 545 864 589 prophetis
888 556 952 589 per
978 544 1138 589 Spiritum
1166 549 1324 578 sanctum.

358 608 418 643 36.
470 606 648 641 Secundus
673 604 810 639 Marcus
838 605 955 649 plenus
983 605 1098 649 spiritu
1128 610 1241 639 sancto
1269 603 1398 648 scripsit
1432 604 1656 649 Evangelium
1684 603 1806 637 Christi
1837 605 1972 648 eloquio
2010 605 2144 638 Graeco

193 666 225 698 in
253 662 366 702 ltalia,
399 664 529 693 secutus
556 659 711 697 Petrum,
746 661 784 690 ut*
813 656 1002 702 discipulus.
1056 657 1087 689 Is
1114 657 1240 690 initium
1267 667 1286 689 a
1318 655 1432 700 spiritu
1467 656 1663 700 prophetali
1691 652 1792 690 fecit⁵
1815 657 1945 690 dicens:
1978 656 2053 689 l'ooe
2067 657 2144 690 cla—

194 715 322 751 mantis
356 714 391 746 in
424 712 581 751 deserto,
613 713 747 755 parate
780 709 875 742 viam
903 706 1083 741 Domim‘fi:
1122 705 1180 742 ut⁷
1208 708 1397 741 ostenderet
1431 707 1602 741 Christum
1639 713 1713 752 post
1747 709 2005 752 assumptionem
2040 709 2145 741 carnis

194 766 418 814 Evangelium
446 762 656 808 praedicasse
682 761 714 793 in
742 760 876 793 mundO.
931 760 1006 804 lpse
1042 761 1128 794 enim
1163 760 1315 795 Christus
1350 764 1382 793 et
1415 759 1586 805 propheta
1613 759 1720 793 dictus
1755 765 1820 801 est,
1867 760 1950 794 sicut
1984 760 2144 804 scriptum

196 826 262 854 est:
289 818 338 851 Et
360 815 576 861 prophetam
604 814 639 846 in
665 812 830 858 gentibus
854 812 955 857 posui
975 815 1008 844 te
1018 808 1039 844 ⁹.

361 876 420 909 37.
473 874 606 907 Tertius
630 874 757 914 Lucas,
791 873 874 905 inter
910 883 1023 905 omnes
1058 870 1277 915 evangelistas
1304 871 1428 904 Graeci
1463 871 1622 904 sermonis
1657 870 1911 909 eruditissimus,
1947 872 2076 916 quippe
2109 877 2145 903 ut

195 930 344 965 medicus
370 929 404 960 in
432 926 576 960 Graecia
602 925 825 970 Evangelium
859 924 987 968 scripsit
1021 922 1222 968 Theophilo
1257 923 1450 968 Episcopo,
1483 919 1630 955 initians⁹
1658 935 1677 955 a
1710 923 1908 956 sacerdotali
1942 923 2056 968 spiritu
2092 922 2145 955 di-

196 994 292 1018 cens:
326 979 407 1013 Fuit
435 978 469 1011 in
499 977 622 1011 dicbus
652 976 808 1010 Herodis·
834 976 934 1019 regis
960 974 1123 1008 Iudaeae
1148 971 1353 1008 sacerdos¹⁰
1381 975 1526 1020 quidam
1550 975 1686 1007 nomine
1717 974 1935 1014 Zacharias,
1970 980 2006 1008 ut
2038 974 2145 1008 mani-

196 1035 332 1068 festaret
361 1026 565 1064 Christum¹¹
592 1034 668 1073 post
679 1025 701 1045 ¹²
728 1028 931 1061 nativitatem
966 1027 1072 1060 carnis
1110 1030 1144 1059 et
1170 1026 1456 1071 praedicationem
1483 1027 1661 1071 Evangelii
1688 1026 1832 1059 hostiam
1861 1026 1960 1059 fuisse
1986 1025 2145 1060 effectum

195 1097 258 1132 pro
285 1084 391 1117 salute
417 1081 544 1115 mundi.

361 1133 420 1168 38.

195 1199 278 1220 num
303 1184 495 1219 secundnm
522 1183 679 1217 ordinem
706 1181 970 1214 Melchisedech
986 1177 1018 1213 ¹⁴.

195 1238 376 1276 obmutuit,
405 1236 459 1268 lex
486 1240 518 1268 et
544 1233 727 1279 prophetia
754 1233 897 1265 cessavit.

475 1133 552 1178 Ipse
576 1136 623 1164 est
634 1127 658 1147 ¹³
685 1131 770 1163 enim
798 1129 972 1172 sacerdos,
1001 1129 1044 1162 de
1066 1139 1133 1173 quo
1162 1129 1289 1162 dictum
1317 1134 1365 1162 est
1385 1129 1416 1161 in
1444 1129 1598 1174 psalmis:
1640 1127 1691 1161 Τιι
1719 1139 1755 1161 cs
1775 1129 1944 1162 sacerdos
1970 1129 2004 1162 in
2032 1133 2145 1163 acter-

1071 1180 1142 1213 [bi
1177 1179 1327 1214 Christus
1362 1181 1449 1214 enim
1462 1178 1484 1198 ¹⁵
1511 1180 1661 1221 advenit,
1695 1181 1917 1214 sacerdotium
1944 1181 2144 1214 Iudaeorum

361 1286 420 1320 39.
473 1287 619 1328 Quartus
648 1285 786 1317 loannes
807 1284 937 1328 scripsit
963 1279 1233 1327 Evangeliumffi,
1253 1281 1386 1315 ultimus
1413 1282 1445 1314 in
1469 1283 1564 1322 Asia,
1589 1282 1749 1327 incipiens
1772 1295 1791 1315 a
1818 1282 1950 1324 Verbo,
1977 1288 2012 1316 ut
2035 1289 2146 1317 osten-

200 1343 316 1383 deret,
351 1338 495 1373 eundem
529 1338 750 1376 salvatorem,
785 1336 842 1379 qui
876 1346 939 1380 pro
976 1333 1072 1367 nobis
1100 1334 1189 1367 nasci
1223 1338 1255 1367 et
1287 1334 1358 1379 pati
1391 1333 1546 1380 dignatus
1574 1330 1672 1375 est¹⁷,
1707 1335 1816 1379 ipsum
1844 1340 1919 1367 ante
1945 1336 2058 1368 secula
2085 1336 2145 1368 Dei

197 1393 347 1427 Verbum
371 1403 458 1431 esse,
485 1390 594 1434 ipsum
622 1401 641 1421 a
668 1388 766 1422 coelo
778 1384 802 1404 ¹³
829 1387 972 1427 venisse,
1001 1391 1032 1419 ct
1059 1391 1136 1430 post
1163 1390 1305 1419 mortem
1333 1386 1450 1419 iterum
1480 1385 1523 1418 ad
1551 1383 1720 1419 coelnm¹⁹
1748 1397 1921 1421 remeasse.

361 1442 421 1475 40.

197 1500 340 1540 quatuor
378 1492 582 1526 animalibus.

475 1442 523 1474 Hi
550 1445 624 1473 sunt
650 1444 793 1483 quatuor
818 1438 1074 1483 Evangelistae,
1101 1449 1184 1481 quos
1210 1449 1272 1482 per
1298 1437 1516 1471 Ezechielem
1544 1438 1686 1482 Spiritus
1725 1444 1853 1472 sanctus
1889 1436 2087 1482 significavit
2113 1439 2145 1472 in

643 1492 829 1535 Propterea
859 1495 969 1523 autem
998 1494 1141 1532 quatuor
1174 1489 1346 1529 animalia,
1388 1489 1465 1532 quia
1500 1501 1562 1534 per
1594 1494 1738 1533 quatuor
1771 1489 1886 1522 mundi
1914 1496 2027 1534 partes
2064 1490 2146 1523 tides

200 1546 409 1582 Christianae
436 1543 604 1587 religionis
632 1554 747 1575 eornm
775 1541 1023 1586 praedicatione
1051 1540 1260 1573 disseminata
1286 1544 1344 1574 est.

199 1654 291 1684 catur
314 1596 536 1694 Ev-:iili-gelinm
566 1645 698 1680 Christi,

476 1594 643 1629 Animalia
667 1599 775 1627 autent
800 1593 890 1626 dicta
916 1598 1006 1633 sunt,
1046 1588 1238 1635 quoniam²⁰
1266 1595 1407 1636 propter
1433 1591 1576 1624 animam
1587 1587 1611 1608 ²¹
1636 1590 1779 1623 hominis
1803 1603 1865 1636 per
1892 1589 1983 1625 eos²²¹
2010 1592 2145 1636 praedi-

753 1645 839 1677 Nam
868 1650 900 1677 et
926 1645 1030 1677 oculis
1054 1644 1155 1688 plena
1184 1655 1260 1677 eran

1264 1640 1309 1675 t²³
1334 1643 1419 1676 intus
1446 1647 1478 1675 et
1505 1643 1601 1680 foris,
1629 1643 1786 1687 quoniam
1812 1642 2041 1687 praevident²⁴
2063 1641 2145 1685 ea²³,

198 1713 285 1745 quae
312 1700 400 1733 dicta
427 1704 499 1731 sunt
527 1710 544 1730 a
573 1697 766 1742 prophetis,
795 1702 826 1729 et
853 1708 938 1740 quae
966 1692 1220 1740 promiseruntffi
1247 1694 1390 1739 impleri.

366 1750 424 1783 ⁴2.

481 1750 586 1783 Crura
613 1754 723 1782 autem
752 1760 866 1781 eorum
902 1753 1008 1782 tecta.
1046 1747 1123 1791 quia
1157 1746 1239 1779 nihil
1267 1756 1408 1790 pravum
1442 1746 1475 1778 in
1503 1745 1695 1790 Evangelii-i
1722 1741 1820 1786 est²⁷,
1856 1749 1888 1778 et
1922 1745 1982 1779 alis
2015 1746 2100 1779 senis
2135 1771 2144 1787 ,

200 1808 350 1848 tegentes
366 1814 468 1838 ⁴crura
496 1807 529 1836 et
554 1801 656 1835 facies
683 1812 771 1841 suam,
799 1801 944 1833 revelata
955 1796 979 1816 ²⁰
1007 1804 1079 1831 sunt
1107 1799 1192 1832 enim
1226 1799 1258 1831 in
1287 1798 1431 1831 adventu
1459 1796 1584 1831 Christi
1611 1808 1697 1841 quae
1724 1797 1925 1842 tegebantur
1936 1794 1971 1831 ³⁰.

285 1911 314 1951 1)
336 1912 385 1940 Sic
409 1911 465 1939 Gu.
485 1913 513 1942 1.
537 1919 584 1940 va.
600 1926 642 1932 --
665 1909 736 1937 'I'obi
767 1910 822 1938 Gu.
846 1911 875 1939 2.
901 1919 943 1948 pr.
968 1924 1010 1931 —
1041 1908 1149 1936 Tobios

197 1955 279 1993 vulg.
301 1971 343 1976 —-
364 1953 393 1995 2)
418 1954 466 1982 Sic
492 1953 549 1981 Gu.
576 1955 601 1983 1.
624 1956 651 1984 2.
674 1968 715 1973 —-
738 1954 800 1981 sint
825 1952 909 1990 vulg.
938 1967 980 1973 —-
1011 1953 1039 1988 3)
1063 1951 1149 1988 Vulg.

151 2031 153 2033 ¹
198 2004 300 2027 autem
323 1996 422 2033 addit,
447 1995 528 2034 quod
544 2005 598 2023 om.
617 1995 672 2023 Gu.
691 1998 717 2027 1.
735 2013 770 2017 —
795 1994 825 2034 4)
840 1995 889 2022 Sic
905 1995 960 2023 Gu.
977 1996 1004 2024 1.
1021 2010 1063 2016 --
1085 2000 1149 2022 erac

199 2041 279 2079 vulg.
302 2056 344 2062 —-
366 2045 431 2067 erat
450 2049 548 2077 prom.
570 2048 618 2069 va.
642 2054 679 2059 —
704 2036 732 2077 5)
754 2039 829 2074 fecit
851 2048 907 2067 om.
928 2038 985 2065 Gu.
1000 2039 1029 2067 2.
1053 2053 1094 2058 -
1118 2039 1147 2073 6)

200 2084 250 2112 Sic
274 2083 331 2111 Gu.
357 2085 383 2114 1.
401 2084 429 2112 2.
446 2082 483 2112 al.
502 2097 537 2103 ——
555 2082 688 2109 Domino
711 2081 812 2118 vulg„
844 2090 919 2118 quae
941 2079 1008 2107 add.
1032 2085 1056 2107 et
1078 2080 1150 2106 reli-

202 2137 281 2167 qua,
305 2135 379 2164 quae
403 2135 462 2154 om.
489 2124 588 2154 Gu.1.
613 2126 641 2154 2.
660 2123 708 2151 Ar.
731 2139 772 2145 ·—-
795 2124 825 2158 7)
847 2129 880 2150 ut
904 2133 961 2151 om.
986 2122 1042 2150 Gu.
1068 2125 1091 2152 1.
1107 2138 1149 2144 —-

201 2172 229 2207 8)
250 2169 355 2198 Ierem.
372 2170 400 2202 1,
419 2168 447 2199 5,
471 2182 512 2187 -
542 2164 571 2207 9)
594 2166 784 2203 evangellum
806 2165 875 2195 add.
899 2166 935 2194 al.
959 2182 993 2185 —
1026 2165 1073 2201 10)
1097 2175 1149 2191 sa-

203 2211 304 2240 cerdos
332 2209 464 2239 Iudaeae
492 2209 548 2237 Gu.
575 2211 601 2239 1.
621 2224 663 2228 —
692 2208 787 2236 Iudae
809 2208 846 2239 al,
868 2225 910 2230 —
935 2207 970 2235 al.
996 2217 1053 2235 0111.
1077 2210 1149 2245 ‹stei-

196 2253 287 2286 dam.
329 2253 405 2282 Vide
429 2253 497 2280 Luc.
522 2253 550 2289 1,
574 2251 604 2282 5.
628 2266 669 2271 -
698 2253 741 2286 11)
769 2250 868 2279 lesam
891 2251 928 2278 al.
949 2250 1016 2278 add.
1038 2266 1080 2271 —
1104 2249 1150 2289 12)

200 2303 270 2336 post
291 2306 348 2325 orn.
370 2296 426 2324 Gu.
450 2297 477 2325 1.
502 2311 539 2316 -
571 2292 615 2332 13)
643 2298 685 2321 est
708 2302 765 2322 om.
788 2294 843 2321 Gu.
867 2297 894 2326 2.
917 2309 958 2314 --
988 2292 1034 2327 14)
1055 2293 1151 2321 Locus

205 2345 249 2369 est
270 2339 376 2368 psalm.
392 2340 460 2371 110,
477 2336 504 2367 4.
527 2352 569 2358 -·
594 2336 639 2372 15)
654 2336 702 2364 Sic
726 2336 781 2364 Gu.
797 2338 825 2366 1.
839 2351 880 2357 -—
896 2335 981 2371 Vulg.
1003 2335 1058 2362 Ula:
1073 2337 1150 2363 enim

208 2383 363 2417 Christus,
388 2380 439 2409 sed
461 2380 603 2408 rariorem
620 2378 753 2407 ordinem
772 2378 917 2416 praetulit
940 2377 1055 2413 Isidos„
1070 2378 1151 2416 quod

207 2426 299 2453 omnis
322 2425 367 2453 vis
395 2422 536 2452 orationis
561 2426 622 2450 erat
645 2421 675 2449 in
701 2421 890 2460 oppositione
913 2420 1019 2458 posita.
1042 2437 1083 2441 —
1106 2419 1149 2460 16)

1191 1909 1316 1946 scripsit
1347 1918 1451 1945 evang.
1483 1906 1585 1935 Ioann.
1612 1906 1669 1934 Gu.
1693 1907 1722 1937 2.
1752 1922 1794 1928 -
1829 1904 1875 1945 17)
1897 1906 1947 1935 Sic
1967 1908 2023 1936 Gu.
2049 1909 2078 1938 1.
2105 1922 2141 1928 -

1191 1950 1280 1988 Vulg.
1302 1949 1450 1988 (lignatus
1473 1955 1515 1977 est
1537 1950 1623 1977 nasci
1645 1954 1671 1976 et
1691 1951 1767 1986 pali.
1791 1967 1829 1973 --
1865 1952 1912 1985 18)
1929 1960 1962 1978 ex
1983 1949 2062 1977 coelo
2087 1948 2142 1978 Gu.

1191 1996 1221 2025 2.
1240 2009 1274 2015 ——
1297 1992 1342 2032 19)
1366 1992 1409 2020 ad
1429 1993 1542 2020 coelum
1565 1993 1674 2019 iterum
1698 1992 1746 2021 Ar.
1776 2008 1819 2013 —
1855 1991 1901 2031 20)
1922 1992 1971 2020 Sic
1994 1992 2049 2020 Gu.
2071 1994 2097 2023 1.
2113 1994 2140 2022 2.

1193 2047 1237 2075 pr.
1262 2045 1307 2064 va.
1325 2037 1374 2064 Ar.
1398 2051 1438 2056 —
1461 2037 1536 2073 qnia
1557 2034 1637 2072 vulg.
1661 2050 1704 2056 -—
1731 2038 1776 2069 21)
1800 2036 1937 2063 animum
1959 2034 1995 2064 al.
2025 2050 2068 2055 —
2096 2036 2141 2067 22)

1187 2090 1244 2118 per
1263 2089 1311 2107 eos
1336 2088 1395 2107 om.
1418 2078 1475 2106 Gu.
1490 2080 1517 2108 2.
1533 2093 1575 2099 -—-
1596 2078 1642 2114 23)
1659 2082 1731 2105 sunt
1753 2088 1797 2116 pr.
1811 2088 1858 2106 va.
1882 2092 1918 2099 ·-
1942 2076 1988 2114 24)
2012 2077 2061 2105 Sic
2085 2077 2141 2107 Gu.

1196 2124 1221 2151 1.
1245 2124 1274 2154 2.
1296 2131 1341 2159 pr.
1366 2130 1410 2148 va.
1431 2136 1471 2142 —
1494 2120 1579 2157 Vulg.
1606 2119 1833 2158 praevidentur.
1852 2135 1895 2141 —·
1911 2118 2069 2158 pervident
2092 2120 2141 2147 Ar.

1191 2180 1233 2187 -—
1262 2163 1308 2202 25)
1331 2174 1366 2190 εα
1389 2173 1446 2192 om.
1470 2163 1525 2191 Gu.
1547 2165 1576 2194 2.
1593 2178 1635 2183 —
1660 2163 1747 2201 Vulg.
1773 2162 1840 2193 add.
1862 2162 2036 2200 evangelia,
2059 2161 2141 2200 quod

1193 2217 1249 2237 om.
1271 2207 1329 2235 Gu.
1342 2209 1367 2236 1.
1382 2209 1409 2238 2.
1426 2221 1465 2227 —
1490 2203 1537 2245 26)
1553 2205 1601 2234 sic
1617 2206 1674 2235 Gu,
1688 2209 1714 2238 1.
1731 2221 1770 2229 --
1784 2207 1989 2244 promiserant
2006 2205 2086 2242 vulg.
2099 2219 2141 2226 —·

1189 2250 1381 2288 praemi-*serit
1399 2248 1436 2277 al.
1452 2264 1493 2269 —
1508 2249 1558 2276 Ar.
1572 2250 1728 2287 promissa
1751 2253 1836 2276 erant
1858 2248 1978 2286 impleri
1994 2257 2049 2286 pro
2068 2257 2140 2285 pro-

1195 2294 1291 2320 missa
1313 2296 1399 2319 erant
1428 2292 1462 2318 in
1488 2293 1589 2328 priori
1610 2297 1754 2330 tempore,
1783 2300 1860 2329 quae
1889 2300 1960 2319 vera
1991 2289 2138 2325 videntur,

1195 2346 1261 2364 nam
1284 2334 1315 2362 in
1339 2335 1395 2363 Gu.
1414 2336 1439 2365 1.
1453 2336 1482 2365 2.
1498 2349 1539 2356 -—
1554 2334 1707 2373 ‹il-priore
1727 2333 1835 2362 omisso
1855 2339 1992 2371 tempore.
2018 2332 2139 2370 Impleri

1195 2377 1316 2406 exhibet
1345 2376 1411 2405 eod.
1433 2377 1523 2415 Neap.
1546 2386 1593 2415 ap.
1617 2377 1708 2405 Grial.
1738 2391 1779 2397 —--
1811 2379 1855 2410 27)
1877 2382 1920 2403 est
1944 2386 2000 2405 om.
2024 2375 2072 2403 Ar.
2098 2388 2136 2396 -—-

1195 2420 1240 2458 23)
1264 2420 1312 2449 Sio
1333 2419 1387 2449 Gu.
1406 2421 1431 2450 1.
1448 2435 1488 2441 —-
1504 2420 1574 2447 alm
1596 2429 1684 2447 senas·
1706 2419 1785 2456 vulg.
1802 2433 1843 2439 —-
1866 2417 1911 2456 ΞΒ)
1930 2418 2031 2446 velata
2050 2418 2086 2446 al.
2098 2431 2137 2438 —
