<?xml version="1.0" encoding="UTF-8"?>
<!DOCTYPE html PUBLIC "-//W3C//DTD XHTML 1.0 Transitional//EN"
    "http://www.w3.org/TR/xhtml1/DTD/xhtml1-transitional.dtd">
<html xmlns="http://www.w3.org/1999/xhtml" xml:lang="en" lang="en">
 <head>
  <title>
</title>
<meta http-equiv="Content-Type" content="text/html;charset=utf-8" />
  <meta name='ocr-system' content='tesseract 3.04.00' />
  <meta name='ocr-capabilities' content='ocr_page ocr_carea ocr_par ocr_line ocrx_word'/>
</head>
<body>
  <div class='ocr_page' id='page_1' title='image "./corpusgrammatico03linduoft_0176.png"; bbox 0 0 2203 2829; ppageno 0'>
   <div class='ocr_carea' id='block_1_1' title="bbox 183 92 257 127">
    <p class='ocr_par' dir='ltr' id='par_1_1' title="bbox 183 92 257 127">
     <span class='ocr_line' id='line_1_1' title="bbox 183 92 257 127; baseline -0.027 0"><span class='ocrx_word' id='word_1_1' title='bbox 183 92 257 127; x_wconf 80' lang='lat'>158</span> 
     </span>
    </p>
   </div>
   <div class='ocr_carea' id='block_1_2' title="bbox 461 170 903 211">
    <p class='ocr_par' dir='ltr' id='par_1_2' title="bbox 461 170 903 211">
     <span class='ocr_line' id='line_1_2' title="bbox 461 170 903 211; baseline -0.016 0"><span class='ocrx_word' id='word_1_2' title='bbox 461 175 605 211; x_wconf 87' lang='lat' dir='ltr'>Donatio</span> <span class='ocrx_word' id='word_1_3' title='bbox 638 173 880 206; x_wconf 86' lang='lat' dir='ltr'>usufructuaria</span> <span class='ocrx_word' id='word_1_4' title='bbox 893 170 903 190; x_wconf 90' lang='lat'>¹</span> 
     </span>
    </p>
   </div>
   <div class='ocr_carea' id='block_1_3' title="bbox 792 222 1006 266">
    <p class='ocr_par' dir='ltr' id='par_1_3' title="bbox 792 222 1006 266">
     <span class='ocr_line' id='line_1_3' title="bbox 792 222 1006 266; baseline 0.009 -9"><span class='ocrx_word' id='word_1_5' title='bbox 792 222 804 242; x_wconf 82' lang='lat'>⁵</span> <span class='ocrx_word' id='word_1_6' title='bbox 832 230 897 266; x_wconf 84' lang='lat' dir='ltr'>est,</span> <span class='ocrx_word' id='word_1_7' title='bbox 925 225 1006 260; x_wconf 85' lang='lat' dir='ltr'>iure.</span> 
     </span>
    </p>
   </div>
   <div class='ocr_carea' id='block_1_4' title="bbox 347 179 406 212">
    <p class='ocr_par' dir='ltr' id='par_1_4' title="bbox 347 179 406 212">
     <span class='ocr_line' id='line_1_4' title="bbox 347 179 406 212; baseline -0.017 0"><span class='ocrx_word' id='word_1_8' title='bbox 347 179 406 212; x_wconf 73' lang='lat'>27.</span> 
     </span>
    </p>
   </div>
   <div class='ocr_carea' id='block_1_5' title="bbox 185 226 781 274">
    <p class='ocr_par' dir='ltr' id='par_1_5' title="bbox 185 226 781 274">
     <span class='ocr_line' id='line_1_5' title="bbox 185 226 781 274; baseline -0.023 -5"><span class='ocrx_word' id='word_1_9' title='bbox 185 235 319 274; x_wconf 86' lang='lat' dir='ltr'>retinet,</span> <span class='ocrx_word' id='word_1_10' title='bbox 344 227 511 271; x_wconf 74' lang='lat' dir='ltr'>servato⁴,</span> <span class='ocrx_word' id='word_1_11' title='bbox 540 227 593 261; x_wconf 86' lang='lat' dir='ltr'>cui</span> <span class='ocrx_word' id='word_1_12' title='bbox 621 226 781 258; x_wconf 87' lang='lat' dir='ltr'>donatum</span> 
     </span>
    </p>
   </div>
   <div class='ocr_carea' id='block_1_6' title="bbox 884 78 1441 115">
    <p class='ocr_par' dir='ltr' id='par_1_6' title="bbox 884 78 1441 115">
     <span class='ocr_line' id='line_1_6' title="bbox 884 78 1441 115; baseline 0.002 -1"><span class='ocrx_word' id='word_1_13' title='bbox 884 79 1061 114; x_wconf 84' lang='lat' dir='ltr'>ISIDORI</span> <span class='ocrx_word' id='word_1_14' title='bbox 1087 78 1271 113; x_wconf 81' lang='lat' dir='ltr'>HlSPAL.</span> <span class='ocrx_word' id='word_1_15' title='bbox 1297 79 1441 115; x_wconf 89' lang='lat' dir='ltr'>EPISC.</span> 
     </span>
    </p>
   </div>
   <div class='ocr_carea' id='block_1_7' title="bbox 939 171 2141 218">
    <p class='ocr_par' dir='ltr' id='par_1_7' title="bbox 939 171 2141 218">
     <span class='ocr_line' id='line_1_7' title="bbox 939 171 2141 218; baseline 0.004 -12"><span class='ocrx_word' id='word_1_16' title='bbox 939 173 1017 207; x_wconf 88' lang='lat' dir='ltr'>ideo</span> <span class='ocrx_word' id='word_1_17' title='bbox 1053 174 1191 215; x_wconf 88' lang='lat' dir='ltr'>dicitur,</span> <span class='ocrx_word' id='word_1_18' title='bbox 1226 171 1343 218; x_wconf 88' lang='lat' dir='ltr'>quod²</span> <span class='ocrx_word' id='word_1_19' title='bbox 1371 174 1513 207; x_wconf 80' lang='lat' dir='ltr'>donator</span> <span class='ocrx_word' id='word_1_20' title='bbox 1541 185 1580 208; x_wconf 82' lang='lat' dir='ltr'>ex</span> <span class='ocrx_word' id='word_1_21' title='bbox 1613 186 1652 208; x_wconf 88' lang='lat' dir='ltr'>ea</span> <span class='ocrx_word' id='word_1_22' title='bbox 1679 175 1848 209; x_wconf 82' lang='lat' dir='ltr'>fructuum</span> <span class='ocrx_word' id='word_1_23' title='bbox 1876 172 1993 210; x_wconf 79' lang='lat' dir='ltr'>usum³</span> <span class='ocrx_word' id='word_1_24' title='bbox 2024 177 2141 212; x_wconf 86' lang='lat' dir='ltr'>adhuc</span> 
     </span>
    </p>
   </div>
   <div class='ocr_carea' id='block_1_8' title="bbox 349 275 2142 321">
    <p class='ocr_par' dir='ltr' id='par_1_8' title="bbox 349 275 2142 321">
     <span class='ocr_line' id='line_1_8' title="bbox 349 275 2142 321; baseline -0.002 -4"><span class='ocrx_word' id='word_1_25' title='bbox 349 282 409 316; x_wconf 72' lang='lat'>28.</span> <span class='ocrx_word' id='word_1_26' title='bbox 462 279 608 314; x_wconf 83' lang='lat' dir='ltr'>Donatio</span> <span class='ocrx_word' id='word_1_27' title='bbox 637 277 763 309; x_wconf 89' lang='lat' dir='ltr'>directa</span> <span class='ocrx_word' id='word_1_28' title='bbox 787 276 866 309; x_wconf 85' lang='lat' dir='ltr'>ideo</span> <span class='ocrx_word' id='word_1_29' title='bbox 888 282 1114 321; x_wconf 82' lang='lat' dir='ltr'>nuncupatur,</span> <span class='ocrx_word' id='word_1_30' title='bbox 1148 277 1226 320; x_wconf 87' lang='lat' dir='ltr'>quia</span> <span class='ocrx_word' id='word_1_31' title='bbox 1252 282 1286 310; x_wconf 88' lang='lat' dir='ltr'>et</span> <span class='ocrx_word' id='word_1_32' title='bbox 1311 277 1381 309; x_wconf 86' lang='lat' dir='ltr'>iure</span> <span class='ocrx_word' id='word_1_33' title='bbox 1408 283 1441 310; x_wconf 89' lang='lat' dir='ltr'>et</span> <span class='ocrx_word' id='word_1_34' title='bbox 1461 288 1521 311; x_wconf 88' lang='lat' dir='ltr'>usu</span> <span class='ocrx_word' id='word_1_35' title='bbox 1546 275 1678 311; x_wconf 63' lang='lat' dir='ltr'>statimss</span> <span class='ocrx_word' id='word_1_36' title='bbox 1699 279 1813 311; x_wconf 76' lang='lat' dir='ltr'>transit</span> <span class='ocrx_word' id='word_1_37' title='bbox 1839 279 1871 311; x_wconf 91' lang='lat' dir='ltr'>in</span> <span class='ocrx_word' id='word_1_38' title='bbox 1899 279 2051 321; x_wconf 84' lang='lat' dir='ltr'>alterum,</span> <span class='ocrx_word' id='word_1_39' title='bbox 2079 291 2142 314; x_wconf 85' lang='lat' dir='ltr'>nec</span> 
     </span>
    </p>
   </div>
   <div class='ocr_carea' id='block_1_9' title="bbox 185 328 1137 376">
    <p class='ocr_par' dir='ltr' id='par_1_9' title="bbox 185 328 1137 376">
     <span class='ocr_line' id='line_1_9' title="bbox 185 328 1137 376; baseline -0.011 -4"><span class='ocrx_word' id='word_1_40' title='bbox 185 339 271 372; x_wconf 83' lang='lat' dir='ltr'>ultra</span> <span class='ocrx_word' id='word_1_41' title='bbox 298 335 376 368; x_wconf 90' lang='lat' dir='ltr'>inde</span> <span class='ocrx_word' id='word_1_42' title='bbox 403 328 550 376; x_wconf 73' lang='lat' dir='ltr'>aliquid⁷</span> <span class='ocrx_word' id='word_1_43' title='bbox 575 329 619 361; x_wconf 89' lang='lat' dir='ltr'>ad</span> <span class='ocrx_word' id='word_1_44' title='bbox 646 329 694 361; x_wconf 88' lang='lat' dir='ltr'>ius</span> <span class='ocrx_word' id='word_1_45' title='bbox 722 328 891 362; x_wconf 80' lang='lat' dir='ltr'><strong>donatoris</strong></span> <span class='ocrx_word' id='word_1_46' title='bbox 919 334 1137 373; x_wconf 76' lang='lat' dir='ltr'>retorquetur.</span> 
     </span>
    </p>
   </div>
   <div class='ocr_carea' id='block_1_10' title="bbox 187 387 2142 490">
    <p class='ocr_par' dir='ltr' id='par_1_10' title="bbox 187 387 2142 490">
     <span class='ocr_line' id='line_1_10' title="bbox 351 387 2141 435; baseline -0.001 -10"><span class='ocrx_word' id='word_1_47' title='bbox 351 394 409 427; x_wconf 78' lang='lat'>29.</span> <span class='ocrx_word' id='word_1_48' title='bbox 464 390 681 425; x_wconf 86' lang='lat' dir='ltr'>Conditiones</span> <span class='ocrx_word' id='word_1_49' title='bbox 707 394 781 421; x_wconf 88' lang='lat' dir='ltr'>sunt</span> <span class='ocrx_word' id='word_1_50' title='bbox 807 391 946 434; x_wconf 81' lang='lat' dir='ltr'>proprie</span> <span class='ocrx_word' id='word_1_51' title='bbox 972 387 1145 428; x_wconf 62' lang='lat' dir='ltr'>testiumss,</span> <span class='ocrx_word' id='word_1_52' title='bbox 1173 393 1206 421; x_wconf 86' lang='lat' dir='ltr'>et</span> <span class='ocrx_word' id='word_1_53' title='bbox 1228 388 1338 421; x_wconf 86' lang='lat' dir='ltr'>dictae</span> <span class='ocrx_word' id='word_1_54' title='bbox 1365 387 1572 422; x_wconf 84' lang='lat' dir='ltr'>conditiones</span> <span class='ocrx_word' id='word_1_55' title='bbox 1598 400 1617 421; x_wconf 84' lang='lat' dir='ltr'>a</span> <span class='ocrx_word' id='word_1_56' title='bbox 1645 390 1874 431; x_wconf 78' lang='lat' dir='ltr'>condicendo,</span> <span class='ocrx_word' id='word_1_57' title='bbox 1904 392 1997 435; x_wconf 92' lang='lat' dir='ltr'>quasi</span> <span class='ocrx_word' id='word_1_58' title='bbox 2021 391 2141 424; x_wconf 88' lang='lat' dir='ltr'>condi—</span> 
     </span>
     <span class='ocr_line' id='line_1_11' title="bbox 187 438 2142 490; baseline -0.002 -12"><span class='ocrx_word' id='word_1_59' title='bbox 187 450 323 487; x_wconf 75' lang='lat' dir='ltr'>ctiones,</span> <span class='ocrx_word' id='word_1_60' title='bbox 349 446 426 490; x_wconf 88' lang='lat' dir='ltr'>quia</span> <span class='ocrx_word' id='word_1_61' title='bbox 453 454 519 476; x_wconf 84' lang='lat' dir='ltr'>nnn</span> <span class='ocrx_word' id='word_1_62' title='bbox 545 442 591 473; x_wconf 90' lang='lat' dir='ltr'>ibi</span> <span class='ocrx_word' id='word_1_63' title='bbox 615 441 702 473; x_wconf 85' lang='lat' dir='ltr'>testis</span> <span class='ocrx_word' id='word_1_64' title='bbox 726 452 809 474; x_wconf 85' lang='lat' dir='ltr'>unus</span> <span class='ocrx_word' id='word_1_65' title='bbox 835 442 936 481; x_wconf 89' lang='lat' dir='ltr'>iurat,</span> <span class='ocrx_word' id='word_1_66' title='bbox 972 442 1030 475; x_wconf 86' lang='lat' dir='ltr'>sed</span> <span class='ocrx_word' id='word_1_67' title='bbox 1053 438 1143 474; x_wconf 72' lang='grc' dir='ltr'>(Ιιιο9</span> <span class='ocrx_word' id='word_1_68' title='bbox 1171 441 1225 473; x_wconf 86' lang='lat' dir='ltr'>vel</span> <span class='ocrx_word' id='word_1_69' title='bbox 1248 440 1368 484; x_wconf 74' lang='lat' dir='ltr'>plures</span> <span class='ocrx_word' id='word_1_70' title='bbox 1415 441 1492 472; x_wconf 85' lang='lat' dir='ltr'>Non</span> <span class='ocrx_word' id='word_1_71' title='bbox 1516 441 1603 473; x_wconf 90' lang='lat' dir='ltr'>enim</span> <span class='ocrx_word' id='word_1_72' title='bbox 1630 441 1663 473; x_wconf 88' lang='lat' dir='ltr'>in</span> <span class='ocrx_word' id='word_1_73' title='bbox 1690 443 1784 476; x_wconf 85' lang='lat' dir='ltr'>unius</span> <span class='ocrx_word' id='word_1_74' title='bbox 1812 454 1880 482; x_wconf 87' lang='lat' dir='ltr'>ore,</span> <span class='ocrx_word' id='word_1_75' title='bbox 1908 442 1967 475; x_wconf 84' lang='lat' dir='ltr'>sed</span> <span class='ocrx_word' id='word_1_76' title='bbox 1994 444 2027 475; x_wconf 90' lang='lat' dir='ltr'>in</span> <span class='ocrx_word' id='word_1_77' title='bbox 2054 442 2142 475; x_wconf 85' lang='lat' dir='ltr'>duo-</span> 
     </span>
    </p>
   </div>
   <div class='ocr_carea' id='block_1_11' title="bbox 187 494 1080 592">
    <p class='ocr_par' dir='ltr' id='par_1_11' title="bbox 187 494 1080 592">
     <span class='ocr_line' id='line_1_12' title="bbox 188 494 1080 538; baseline -0.008 -4"><span class='ocrx_word' id='word_1_78' title='bbox 188 512 278 538; x_wconf 86' lang='lat' dir='ltr'>rum,</span> <span class='ocrx_word' id='word_1_79' title='bbox 313 504 369 531; x_wconf 90' lang='lat' dir='ltr'>aut</span> <span class='ocrx_word' id='word_1_80' title='bbox 402 496 499 529; x_wconf 87' lang='lat' dir='ltr'>trium</span> <span class='ocrx_word' id='word_1_81' title='bbox 534 494 664 526; x_wconf 76' lang='lat' dir='ltr'>testium</span> <span class='ocrx_word' id='word_1_82' title='bbox 699 498 762 526; x_wconf 82' lang='lat' dir='ltr'>stat</span> <span class='ocrx_word' id='word_1_83' title='bbox 798 504 897 527; x_wconf 89' lang='lat' dir='ltr'>omne</span> <span class='ocrx_word' id='word_1_84' title='bbox 930 495 1080 528; x_wconf 85' lang='lat' dir='ltr'>verbum.</span> 
     </span>
     <span class='ocr_line' id='line_1_13' title="bbox 187 541 740 592; baseline -0.018 -7"><span class='ocrx_word' id='word_1_85' title='bbox 187 551 336 590; x_wconf 75' lang='lat' dir='ltr'>testium,</span> <span class='ocrx_word' id='word_1_86' title='bbox 362 547 455 592; x_wconf 87' lang='lat' dir='ltr'>quasi</span> <span class='ocrx_word' id='word_1_87' title='bbox 482 541 740 580; x_wconf 77' lang='lat' dir='ltr'>comliciones¹¹.</span> 
     </span>
    </p>
   </div>
   <div class='ocr_carea' id='block_1_12' title="bbox 1134 491 2142 535">
    <p class='ocr_par' dir='ltr' id='par_1_12' title="bbox 1134 491 2142 535">
     <span class='ocr_line' id='line_1_14' title="bbox 1134 491 2142 535; baseline 0.003 -11"><span class='ocrx_word' id='word_1_88' title='bbox 1134 492 1219 525; x_wconf 84' lang='lat' dir='ltr'>[tem</span> <span class='ocrx_word' id='word_1_89' title='bbox 1247 492 1470 531; x_wconf 86' lang='lat' dir='ltr'>conditiones,</span> <span class='ocrx_word' id='word_1_90' title='bbox 1504 492 1597 535; x_wconf 90' lang='lat' dir='ltr'>quod</span> <span class='ocrx_word' id='word_1_91' title='bbox 1624 493 1708 526; x_wconf 88' lang='lat' dir='ltr'>inter</span> <span class='ocrx_word' id='word_1_92' title='bbox 1735 506 1770 527; x_wconf 87' lang='lat' dir='ltr'>se</span> <span class='ocrx_word' id='word_1_93' title='bbox 1796 494 1971 529; x_wconf 83' lang='lat' dir='ltr'>conveniat</span> <span class='ocrx_word' id='word_1_94' title='bbox 1984 491 2008 512; x_wconf 80' lang='lat'>¹⁰</span> <span class='ocrx_word' id='word_1_95' title='bbox 2033 505 2142 528; x_wconf 80' lang='lat' dir='ltr'>sermo</span> 
     </span>
    </p>
   </div>
   <div class='ocr_carea' id='block_1_13' title="bbox 353 600 2142 650">
    <p class='ocr_par' dir='ltr' id='par_1_13' title="bbox 353 600 2142 650">
     <span class='ocr_line' id='line_1_15' title="bbox 353 600 2142 650; baseline -0.002 -9"><span class='ocrx_word' id='word_1_96' title='bbox 353 608 414 641; x_wconf 85' lang='lat'>30.</span> <span class='ocrx_word' id='word_1_97' title='bbox 467 605 649 650; x_wconf 85' lang='lat' dir='ltr'>Stipulatio</span> <span class='ocrx_word' id='word_1_98' title='bbox 677 610 725 638; x_wconf 80' lang='lat' dir='ltr'>est</span> <span class='ocrx_word' id='word_1_99' title='bbox 750 605 926 650; x_wconf 86' lang='lat' dir='ltr'>promissio</span> <span class='ocrx_word' id='word_1_100' title='bbox 937 602 979 646; x_wconf 85' lang='lat'>¹²,</span> <span class='ocrx_word' id='word_1_101' title='bbox 1014 605 1066 637; x_wconf 85' lang='lat' dir='ltr'>vel</span> <span class='ocrx_word' id='word_1_102' title='bbox 1094 604 1247 648; x_wconf 76' lang='lat' dir='ltr'>sponsio,</span> <span class='ocrx_word' id='word_1_103' title='bbox 1283 603 1371 635; x_wconf 89' lang='lat' dir='ltr'>unde</span> <span class='ocrx_word' id='word_1_104' title='bbox 1399 607 1431 635; x_wconf 83' lang='lat' dir='ltr'>et</span> <span class='ocrx_word' id='word_1_105' title='bbox 1458 603 1672 647; x_wconf 70' lang='lat' dir='ltr'>promissores</span> <span class='ocrx_word' id='word_1_106' title='bbox 1684 600 1708 621; x_wconf 77' lang='lat'>¹³</span> <span class='ocrx_word' id='word_1_107' title='bbox 1734 604 1945 649; x_wconf 75' lang='lat' dir='ltr'><strong>stipulatores</strong></span> <span class='ocrx_word' id='word_1_108' title='bbox 1972 610 2142 639; x_wconf 82' lang='lat' dir='ltr'>vocantur.</span> 
     </span>
    </p>
   </div>
   <div class='ocr_carea' id='block_1_14' title="bbox 188 653 880 702">
    <p class='ocr_par' dir='ltr' id='par_1_14' title="bbox 188 653 880 702">
     <span class='ocr_line' id='line_1_16' title="bbox 188 653 880 702; baseline -0.01 -5"><span class='ocrx_word' id='word_1_109' title='bbox 188 663 288 697; x_wconf 86' lang='lat' dir='ltr'>Dicta</span> <span class='ocrx_word' id='word_1_110' title='bbox 315 665 426 694; x_wconf 82' lang='lat' dir='ltr'>autem</span> <span class='ocrx_word' id='word_1_111' title='bbox 453 657 623 702; x_wconf 74' lang='lat' dir='ltr'>stipulatio</span> <span class='ocrx_word' id='word_1_112' title='bbox 645 653 720 689; x_wconf 71' lang='lat' dir='ltr'>abH</span> <span class='ocrx_word' id='word_1_113' title='bbox 748 657 880 702; x_wconf 87' lang='lat' dir='ltr'>stipula.</span> 
     </span>
    </p>
   </div>
   <div class='ocr_carea' id='block_1_15' title="bbox 934 655 2144 702">
    <p class='ocr_par' dir='ltr' id='par_1_15' title="bbox 934 655 2144 702">
     <span class='ocr_line' id='line_1_17' title="bbox 934 655 2144 702; baseline 0 -13"><span class='ocrx_word' id='word_1_114' title='bbox 934 657 1071 689; x_wconf 79' lang='lat' dir='ltr'><strong>Veteres</strong></span> <span class='ocrx_word' id='word_1_115' title='bbox 1099 656 1195 695; x_wconf 84' lang='lat' dir='ltr'>enim,</span> <span class='ocrx_word' id='word_1_116' title='bbox 1222 655 1359 698; x_wconf 89' lang='lat' dir='ltr'>quando</span> <span class='ocrx_word' id='word_1_117' title='bbox 1386 655 1447 687; x_wconf 79' lang='lat' dir='ltr'>sibi</span> <span class='ocrx_word' id='word_1_118' title='bbox 1475 655 1599 698; x_wconf 85' lang='lat' dir='ltr'>aliquid</span> <span class='ocrx_word' id='word_1_119' title='bbox 1627 657 1876 699; x_wconf 75' lang='lat' dir='ltr'>promittebant,</span> <span class='ocrx_word' id='word_1_120' title='bbox 1907 658 2066 702; x_wconf 90' lang='lat' dir='ltr'>stipulam</span> <span class='ocrx_word' id='word_1_121' title='bbox 2094 662 2144 689; x_wconf 88' lang='lat' dir='ltr'>te-</span> 
     </span>
    </p>
   </div>
   <div class='ocr_carea' id='block_1_16' title="bbox 188 703 2147 857">
    <p class='ocr_par' dir='ltr' id='par_1_16' title="bbox 188 703 2147 857">
     <span class='ocr_line' id='line_1_18' title="bbox 188 703 2143 755; baseline -0.004 -7"><span class='ocrx_word' id='word_1_122' title='bbox 188 720 302 748; x_wconf 78' lang='lat' dir='ltr'>nentes</span> <span class='ocrx_word' id='word_1_123' title='bbox 337 712 554 755; x_wconf 81' lang='lat' dir='ltr'>srangebant,</span> <span class='ocrx_word' id='word_1_124' title='bbox 597 719 698 752; x_wconf 87' lang='lat' dir='ltr'>quam</span> <span class='ocrx_word' id='word_1_125' title='bbox 731 709 849 741; x_wconf 83' lang='lat' dir='ltr'>iterum</span> <span class='ocrx_word' id='word_1_126' title='bbox 883 709 1058 753; x_wconf 69' lang='lat' dir='ltr'>iungentes</span> <span class='ocrx_word' id='word_1_127' title='bbox 1090 706 1281 752; x_wconf 61' lang='lat' dir='ltr'>sponsiones</span> <span class='ocrx_word' id='word_1_128' title='bbox 1319 703 1429 739; x_wconf 65' lang='lat' dir='ltr'>suas¹5</span> <span class='ocrx_word' id='word_1_129' title='bbox 1464 708 1706 752; x_wconf 79' lang='lat' dir='ltr'>agnoscebant,</span> <span class='ocrx_word' id='word_1_130' title='bbox 1748 708 1815 741; x_wconf 86' lang='lat' dir='ltr'>sive</span> <span class='ocrx_word' id='word_1_131' title='bbox 1848 708 1941 752; x_wconf 83' lang='lat' dir='ltr'>quod</span> <span class='ocrx_word' id='word_1_132' title='bbox 1985 708 2143 753; x_wconf 86' lang='lat' dir='ltr'>stipulam</span> 
     </span>
     <span class='ocr_line' id='line_1_19' title="bbox 190 755 1746 804; baseline -0.007 -4"><span class='ocrx_word' id='word_1_133' title='bbox 190 769 279 800; x_wconf 79' lang='lat' dir='ltr'>iuxta</span> <span class='ocrx_word' id='word_1_134' title='bbox 307 764 451 798; x_wconf 88' lang='lat' dir='ltr'>Paulum</span> <span class='ocrx_word' id='word_1_135' title='bbox 484 761 661 794; x_wconf 87' lang='lat' dir='ltr'>iuridicum</span> <span class='ocrx_word' id='word_1_136' title='bbox 690 761 821 793; x_wconf 82' lang='lat' dir='ltr'>firmum</span> <span class='ocrx_word' id='word_1_137' title='bbox 851 767 1093 793; x_wconf 82' lang='lat' dir='ltr'>sacramentum</span> <span class='ocrx_word' id='word_1_138' title='bbox 1121 759 1377 804; x_wconf 86' lang='lat' dir='ltr'>appellaverunt</span> <span class='ocrx_word' id='word_1_139' title='bbox 1392 755 1423 793; x_wconf 70' lang='lat'>¹⁶.</span> <span class='ocrx_word' id='word_1_140' title='bbox 1744 756 1746 758; x_wconf 70' lang='grc'><strong>’</strong></span> 
     </span>
     <span class='ocr_line' id='line_1_20' title="bbox 355 810 2147 857; baseline -0.002 -9"><span class='ocrx_word' id='word_1_141' title='bbox 355 815 607 848; x_wconf 80' lang='lat' dir='ltr'>Sacramentum</span> <span class='ocrx_word' id='word_1_142' title='bbox 642 817 690 845; x_wconf 76' lang='lat' dir='ltr'>est</span> <span class='ocrx_word' id='word_1_143' title='bbox 719 813 842 857; x_wconf 82' lang='lat' dir='ltr'>pignus</span> <span class='ocrx_word' id='word_1_144' title='bbox 877 813 1077 857; x_wconf 77' lang='lat' dir='ltr'>sponsionis3</span> <span class='ocrx_word' id='word_1_145' title='bbox 1117 817 1273 845; x_wconf 74' lang='lat' dir='ltr'>vocatum</span> <span class='ocrx_word' id='word_1_146' title='bbox 1307 815 1418 843; x_wconf 86' lang='lat' dir='ltr'>autem</span> <span class='ocrx_word' id='word_1_147' title='bbox 1455 814 1715 853; x_wconf 81' lang='lat' dir='ltr'>sacramentum,</span> <span class='ocrx_word' id='word_1_148' title='bbox 1758 811 1835 854; x_wconf 87' lang='lat' dir='ltr'>quia</span> <span class='ocrx_word' id='word_1_149' title='bbox 1868 811 2011 852; x_wconf 83' lang='lat' dir='ltr'>violare,</span> <span class='ocrx_word' id='word_1_150' title='bbox 2053 810 2147 854; x_wconf 88' lang='lat' dir='ltr'>quod</span> 
     </span>
    </p>
   </div>
   <div class='ocr_carea' id='block_1_17' title="bbox 190 861 830 913">
    <p class='ocr_par' dir='ltr' id='par_1_17' title="bbox 190 861 830 913">
     <span class='ocr_line' id='line_1_21' title="bbox 190 861 830 913; baseline -0.009 -11"><span class='ocrx_word' id='word_1_151' title='bbox 190 869 329 913; x_wconf 70' lang='lat' dir='ltr'>quisque</span> <span class='ocrx_word' id='word_1_152' title='bbox 357 865 538 912; x_wconf 78' lang='lat' dir='ltr'>promittit,</span> <span class='ocrx_word' id='word_1_153' title='bbox 566 864 710 909; x_wconf 85' lang='lat' dir='ltr'>perfidia</span> <span class='ocrx_word' id='word_1_154' title='bbox 724 861 745 880; x_wconf 82' lang='lat'>¹⁷</span> <span class='ocrx_word' id='word_1_155' title='bbox 773 869 830 898; x_wconf 80' lang='lat' dir='ltr'>est.</span> 
     </span>
    </p>
   </div>
   <div class='ocr_carea' id='block_1_18' title="bbox 781 954 1129 991">
    <p class='ocr_par' dir='ltr' id='par_1_18' title="bbox 781 954 1129 991">
     <span class='ocr_line' id='line_1_22' title="bbox 781 954 1129 991; baseline -0.006 0"><span class='ocrx_word' id='word_1_156' title='bbox 781 957 809 991; x_wconf 92' lang='lat' dir='ltr'>C</span> <span class='ocrx_word' id='word_1_157' title='bbox 836 958 866 990; x_wconf 84' lang='lat' dir='ltr'><strong>A</strong></span> <span class='ocrx_word' id='word_1_158' title='bbox 894 958 931 991; x_wconf 88' lang='grc' dir='ltr'>Ρ.</span> <span class='ocrx_word' id='word_1_159' title='bbox 986 957 1079 990; x_wconf 84' lang='lat' dir='ltr'>XXV</span> <span class='ocrx_word' id='word_1_160' title='bbox 1096 954 1129 989; x_wconf 70' lang='lat'>¹⁸.</span> 
     </span>
    </p>
   </div>
   <div class='ocr_carea' id='block_1_19' title="bbox 1212 955 1558 990">
    <p class='ocr_par' dir='ltr' id='par_1_19' title="bbox 1212 955 1558 990">
     <span class='ocr_line' id='line_1_23' title="bbox 1212 955 1558 990; baseline -0.003 -1"><span class='ocrx_word' id='word_1_161' title='bbox 1212 956 1292 990; x_wconf 83' lang='lat' dir='ltr'>De</span> <span class='ocrx_word' id='word_1_162' title='bbox 1344 955 1558 989; x_wconf 81' lang='lat' dir='ltr'>rebus.</span> 
     </span>
    </p>
   </div>
   <div class='ocr_carea' id='block_1_20' title="bbox 360 1030 2147 1078">
    <p class='ocr_par' dir='ltr' id='par_1_20' title="bbox 360 1030 2147 1078">
     <span class='ocr_line' id='line_1_24' title="bbox 360 1030 2147 1078; baseline -0.002 -8"><span class='ocrx_word' id='word_1_163' title='bbox 360 1038 391 1070; x_wconf 85' lang='lat' dir='ltr'>l.</span> <span class='ocrx_word' id='word_1_164' title='bbox 446 1035 645 1069; x_wconf 86' lang='lat' dir='ltr'>Haereditas</span> <span class='ocrx_word' id='word_1_165' title='bbox 673 1040 721 1067; x_wconf 79' lang='lat' dir='ltr'>est</span> <span class='ocrx_word' id='word_1_166' title='bbox 748 1046 816 1077; x_wconf 80' lang='lat' dir='ltr'>res,</span> <span class='ocrx_word' id='word_1_167' title='bbox 845 1046 931 1078; x_wconf 88' lang='lat' dir='ltr'>quae</span> <span class='ocrx_word' id='word_1_168' title='bbox 958 1040 1066 1067; x_wconf 84' lang='lat' dir='ltr'>morte</span> <span class='ocrx_word' id='word_1_169' title='bbox 1093 1034 1231 1067; x_wconf 88' lang='lat' dir='ltr'>alicuius</span> <span class='ocrx_word' id='word_1_170' title='bbox 1254 1033 1297 1065; x_wconf 89' lang='lat' dir='ltr'>ad</span> <span class='ocrx_word' id='word_1_171' title='bbox 1325 1033 1518 1077; x_wconf 81' lang='lat' dir='ltr'>quempiam</span> <span class='ocrx_word' id='word_1_172' title='bbox 1546 1034 1715 1077; x_wconf 80' lang='lat' dir='ltr'>pervenit,</span> <span class='ocrx_word' id='word_1_173' title='bbox 1754 1030 1842 1066; x_wconf 74' lang='lat' dir='ltr'>vel¹⁹</span> <span class='ocrx_word' id='word_1_174' title='bbox 1869 1034 1984 1078; x_wconf 84' lang='lat' dir='ltr'>legato</span> <span class='ocrx_word' id='word_1_175' title='bbox 1996 1030 2021 1049; x_wconf 83' lang='lat'>²⁰</span> <span class='ocrx_word' id='word_1_176' title='bbox 2048 1038 2147 1066; x_wconf 82' lang='lat' dir='ltr'>testa-</span> 
     </span>
    </p>
   </div>
   <div class='ocr_carea' id='block_1_21' title="bbox 195 1087 809 1132">
    <p class='ocr_par' dir='ltr' id='par_1_21' title="bbox 195 1087 809 1132">
     <span class='ocr_line' id='line_1_25' title="bbox 195 1087 809 1132; baseline -0.005 -8"><span class='ocrx_word' id='word_1_177' title='bbox 195 1096 326 1129; x_wconf 79' lang='lat' dir='ltr'>mento,</span> <span class='ocrx_word' id='word_1_178' title='bbox 360 1089 413 1121; x_wconf 87' lang='lat' dir='ltr'>vel</span> <span class='ocrx_word' id='word_1_179' title='bbox 442 1087 647 1132; x_wconf 72' lang='lat' dir='ltr'>possessione</span> <span class='ocrx_word' id='word_1_180' title='bbox 674 1091 809 1121; x_wconf 84' lang='lat' dir='ltr'>retenta.</span> 
     </span>
    </p>
   </div>
   <div class='ocr_carea' id='block_1_22' title="bbox 863 1081 2148 1129">
    <p class='ocr_par' dir='ltr' id='par_1_22' title="bbox 863 1081 2148 1129">
     <span class='ocr_line' id='line_1_26' title="bbox 863 1081 2148 1129; baseline -0.001 -11"><span class='ocrx_word' id='word_1_181' title='bbox 863 1086 961 1119; x_wconf 86' lang='lat' dir='ltr'>Dicta</span> <span class='ocrx_word' id='word_1_182' title='bbox 989 1090 1098 1119; x_wconf 83' lang='lat' dir='ltr'>autem</span> <span class='ocrx_word' id='word_1_183' title='bbox 1126 1085 1316 1118; x_wconf 78' lang='lat' dir='ltr'>haereditas</span> <span class='ocrx_word' id='word_1_184' title='bbox 1344 1081 1397 1118; x_wconf 76' lang='lat' dir='ltr'>a²¹</span> <span class='ocrx_word' id='word_1_185' title='bbox 1426 1086 1523 1118; x_wconf 86' lang='lat' dir='ltr'>rebus</span> <span class='ocrx_word' id='word_1_186' title='bbox 1551 1084 1671 1117; x_wconf 88' lang='lat' dir='ltr'>additis</span> <span class='ocrx_word' id='word_1_187' title='bbox 1684 1081 1727 1126; x_wconf 73' lang='lat'>²²,</span> <span class='ocrx_word' id='word_1_188' title='bbox 1765 1086 1832 1119; x_wconf 80' lang='lat' dir='ltr'>sive</span> <span class='ocrx_word' id='word_1_189' title='bbox 1869 1086 1911 1118; x_wconf 90' lang='lat' dir='ltr'>ab</span> <span class='ocrx_word' id='word_1_190' title='bbox 1939 1096 2034 1126; x_wconf 85' lang='lat' dir='ltr'>aere,</span> <span class='ocrx_word' id='word_1_191' title='bbox 2071 1085 2148 1129; x_wconf 88' lang='lat' dir='ltr'>quia</span> 
     </span>
    </p>
   </div>
   <div class='ocr_carea' id='block_1_23' title="bbox 195 1134 1668 1284">
    <p class='ocr_par' dir='ltr' id='par_1_23' title="bbox 195 1134 1668 1284">
     <span class='ocr_line' id='line_1_27' title="bbox 195 1134 1288 1187; baseline -0.005 -14"><span class='ocrx_word' id='word_1_192' title='bbox 195 1144 252 1187; x_wconf 87' lang='lat' dir='ltr'>qui</span> <span class='ocrx_word' id='word_1_193' title='bbox 281 1140 431 1187; x_wconf 79' lang='lat' dir='ltr'>possidet</span> <span class='ocrx_word' id='word_1_194' title='bbox 456 1151 577 1184; x_wconf 83' lang='lat' dir='ltr'>agrum</span> <span class='ocrx_word' id='word_1_195' title='bbox 602 1144 634 1171; x_wconf 85' lang='lat' dir='ltr'>et</span> <span class='ocrx_word' id='word_1_196' title='bbox 661 1150 794 1172; x_wconf 80' lang='lat' dir='ltr'>censum</span> <span class='ocrx_word' id='word_1_197' title='bbox 821 1138 936 1177; x_wconf 83' lang='lat' dir='ltr'>solvit,</span> <span class='ocrx_word' id='word_1_198' title='bbox 964 1138 1042 1170; x_wconf 91' lang='lat' dir='ltr'>inde</span> <span class='ocrx_word' id='word_1_199' title='bbox 1070 1142 1102 1170; x_wconf 90' lang='lat' dir='ltr'>et</span> <span class='ocrx_word' id='word_1_200' title='bbox 1122 1137 1240 1169; x_wconf 84' lang='lat' dir='ltr'>haeres</span> <span class='ocrx_word' id='word_1_201' title='bbox 1253 1134 1288 1172; x_wconf 78' lang='lat'>²³,</span> 
     </span>
     <span class='ocr_line' id='line_1_28' title="bbox 362 1189 1251 1233; baseline -0.004 -9"><span class='ocrx_word' id='word_1_202' title='bbox 362 1192 394 1224; x_wconf 79' lang='lat'>2.</span> <span class='ocrx_word' id='word_1_203' title='bbox 449 1192 517 1224; x_wconf 77' lang='lat' dir='ltr'>Res</span> <span class='ocrx_word' id='word_1_204' title='bbox 544 1195 633 1227; x_wconf 82' lang='lat' dir='ltr'>sunt,</span> <span class='ocrx_word' id='word_1_205' title='bbox 662 1202 748 1233; x_wconf 89' lang='lat' dir='ltr'>quae</span> <span class='ocrx_word' id='word_1_206' title='bbox 775 1190 806 1222; x_wconf 93' lang='lat' dir='ltr'>in</span> <span class='ocrx_word' id='word_1_207' title='bbox 834 1195 945 1222; x_wconf 72' lang='lat' dir='ltr'>nostro</span> <span class='ocrx_word' id='word_1_208' title='bbox 967 1189 1037 1222; x_wconf 87' lang='lat' dir='ltr'>iure</span> <span class='ocrx_word' id='word_1_209' title='bbox 1064 1189 1251 1221; x_wconf 73' lang='lat' dir='ltr'>consistunt.</span> 
     </span>
     <span class='ocr_line' id='line_1_29' title="bbox 362 1238 1668 1284; baseline -0.002 -10"><span class='ocrx_word' id='word_1_210' title='bbox 362 1243 437 1275; x_wconf 86' lang='lat' dir='ltr'>lura</span> <span class='ocrx_word' id='word_1_211' title='bbox 461 1247 570 1274; x_wconf 85' lang='lat' dir='ltr'>autem</span> <span class='ocrx_word' id='word_1_212' title='bbox 595 1246 686 1281; x_wconf 84' lang='lat' dir='ltr'>sunt,</span> <span class='ocrx_word' id='word_1_213' title='bbox 714 1253 800 1284; x_wconf 84' lang='lat' dir='ltr'>quac</span> <span class='ocrx_word' id='word_1_214' title='bbox 828 1253 847 1272; x_wconf 86' lang='lat' dir='ltr'>a</span> <span class='ocrx_word' id='word_1_215' title='bbox 874 1240 968 1272; x_wconf 86' lang='lat' dir='ltr'>nobis</span> <span class='ocrx_word' id='word_1_216' title='bbox 996 1241 1078 1272; x_wconf 72' lang='lat' dir='ltr'>iuste</span> <span class='ocrx_word' id='word_1_217' title='bbox 1107 1239 1332 1284; x_wconf 66' lang='lat' dir='ltr'>possidentur,</span> <span class='ocrx_word' id='word_1_218' title='bbox 1362 1250 1424 1271; x_wconf 84' lang='lat' dir='ltr'>nec</span> <span class='ocrx_word' id='word_1_219' title='bbox 1452 1238 1559 1271; x_wconf 86' lang='lat' dir='ltr'>aliena</span> <span class='ocrx_word' id='word_1_220' title='bbox 1586 1243 1668 1272; x_wconf 84' lang='lat' dir='ltr'>sunt.</span> 
     </span>
    </p>
   </div>
   <div class='ocr_carea' id='block_1_24' title="bbox 360 1289 2006 1490">
    <p class='ocr_par' dir='ltr' id='par_1_24' title="bbox 360 1289 2006 1490">
     <span class='ocr_line' id='line_1_30' title="bbox 360 1289 1222 1330; baseline -0.006 -4"><span class='ocrx_word' id='word_1_221' title='bbox 360 1294 393 1326; x_wconf 83' lang='lat'>3.</span> <span class='ocrx_word' id='word_1_222' title='bbox 449 1294 545 1326; x_wconf 86' lang='lat' dir='ltr'>Dicta</span> <span class='ocrx_word' id='word_1_223' title='bbox 573 1298 682 1325; x_wconf 90' lang='lat' dir='ltr'>autem</span> <span class='ocrx_word' id='word_1_224' title='bbox 711 1304 761 1325; x_wconf 78' lang='lat' dir='ltr'>res</span> <span class='ocrx_word' id='word_1_225' title='bbox 782 1305 800 1324; x_wconf 91' lang='lat' dir='ltr'>a</span> <span class='ocrx_word' id='word_1_226' title='bbox 828 1298 919 1325; x_wconf 80' lang='lat' dir='ltr'>recte</span> <span class='ocrx_word' id='word_1_227' title='bbox 946 1291 1122 1330; x_wconf 79' lang='lat' dir='ltr'>habendo,</span> <span class='ocrx_word' id='word_1_228' title='bbox 1150 1289 1222 1322; x_wconf 45' lang='lat' dir='ltr'>ius-²</span> 
     </span>
     <span class='ocr_line' id='line_1_31' title="bbox 1123 1341 2006 1389; baseline 0.001 -15"><span class='ocrx_word' id='word_1_229' title='bbox 1123 1342 1227 1384; x_wconf 78' lang='lat' dir='ltr'>Quod</span> <span class='ocrx_word' id='word_1_230' title='bbox 1264 1347 1373 1374; x_wconf 82' lang='lat' dir='ltr'>autem</span> <span class='ocrx_word' id='word_1_231' title='bbox 1409 1342 1498 1374; x_wconf 88' lang='lat' dir='ltr'>male</span> <span class='ocrx_word' id='word_1_232' title='bbox 1532 1341 1737 1389; x_wconf 67' lang='lat' dir='ltr'>possidetur,</span> <span class='ocrx_word' id='word_1_233' title='bbox 1770 1341 1914 1374; x_wconf 86' lang='lat' dir='ltr'>alienum</span> <span class='ocrx_word' id='word_1_234' title='bbox 1950 1348 2006 1375; x_wconf 88' lang='lat' dir='ltr'>est.</span> 
     </span>
     <span class='ocr_line' id='line_1_32' title="bbox 824 1394 1494 1438; baseline 0 -11"><span class='ocrx_word' id='word_1_235' title='bbox 824 1396 911 1428; x_wconf 86' lang='lat' dir='ltr'>male</span> <span class='ocrx_word' id='word_1_236' title='bbox 938 1395 1055 1432; x_wconf 83' lang='lat' dir='ltr'>utitur,</span> <span class='ocrx_word' id='word_1_237' title='bbox 1094 1394 1145 1426; x_wconf 71' lang='lat' dir='ltr'>vel</span> <span class='ocrx_word' id='word_1_238' title='bbox 1174 1394 1280 1427; x_wconf 86' lang='lat' dir='ltr'>aliena</span> <span class='ocrx_word' id='word_1_239' title='bbox 1304 1394 1494 1438; x_wconf 79' lang='lat' dir='ltr'>praesumit.</span> 
     </span>
     <span class='ocr_line' id='line_1_33' title="bbox 652 1446 1844 1490; baseline -0.003 -10"><span class='ocrx_word' id='word_1_240' title='bbox 652 1447 721 1488; x_wconf 83' lang='lat' dir='ltr'>Qui</span> <span class='ocrx_word' id='word_1_241' title='bbox 748 1452 859 1479; x_wconf 87' lang='lat' dir='ltr'>autem</span> <span class='ocrx_word' id='word_1_242' title='bbox 888 1446 1071 1490; x_wconf 82' lang='lat' dir='ltr'>cupiditate</span> <span class='ocrx_word' id='word_1_243' title='bbox 1095 1451 1242 1486; x_wconf 67' lang='lat' dir='ltr'>tenetur,</span> <span class='ocrx_word' id='word_1_244' title='bbox 1270 1457 1439 1490; x_wconf 66' lang='lat' dir='ltr'>possessus</span> <span class='ocrx_word' id='word_1_245' title='bbox 1467 1450 1537 1485; x_wconf 84' lang='lat' dir='ltr'>est,</span> <span class='ocrx_word' id='word_1_246' title='bbox 1572 1457 1638 1479; x_wconf 88' lang='lat' dir='ltr'>non</span> <span class='ocrx_word' id='word_1_247' title='bbox 1666 1456 1844 1489; x_wconf 79' lang='lat' dir='ltr'>possessor.</span> 
     </span>
    </p>
   </div>
   <div class='ocr_carea' id='block_1_25' title="bbox 196 1341 1068 1492">
    <p class='ocr_par' dir='ltr' id='par_1_25' title="bbox 196 1341 1068 1492">
     <span class='ocr_line' id='line_1_34' title="bbox 196 1341 1068 1388; baseline -0.005 -9"><span class='ocrx_word' id='word_1_248' title='bbox 196 1347 312 1385; x_wconf 76' lang='lat' dir='ltr'>detur,</span> <span class='ocrx_word' id='word_1_249' title='bbox 335 1345 427 1388; x_wconf 91' lang='lat' dir='ltr'>quod</span> <span class='ocrx_word' id='word_1_250' title='bbox 457 1345 556 1385; x_wconf 81' lang='lat' dir='ltr'>iuste,</span> <span class='ocrx_word' id='word_1_251' title='bbox 591 1344 660 1377; x_wconf 84' lang='lat' dir='ltr'>hoc</span> <span class='ocrx_word' id='word_1_252' title='bbox 683 1345 765 1377; x_wconf 86' lang='lat' dir='ltr'>iuste</span> <span class='ocrx_word' id='word_1_253' title='bbox 776 1341 817 1384; x_wconf 51' lang='grc' dir='ltr'>Ν,</span> <span class='ocrx_word' id='word_1_254' title='bbox 853 1343 946 1387; x_wconf 87' lang='lat' dir='ltr'>quod</span> <span class='ocrx_word' id='word_1_255' title='bbox 973 1343 1068 1375; x_wconf 85' lang='lat' dir='ltr'>bene.</span> 
     </span>
     <span class='ocr_line' id='line_1_35' title="bbox 198 1391 797 1441; baseline -0.007 -10"><span class='ocrx_word' id='word_1_256' title='bbox 198 1403 307 1431; x_wconf 82' lang='lat' dir='ltr'>autem</span> <span class='ocrx_word' id='word_1_257' title='bbox 335 1396 503 1441; x_wconf 63' lang='lat' dir='ltr'>possidet,</span> <span class='ocrx_word' id='word_1_258' title='bbox 537 1397 595 1439; x_wconf 86' lang='lat' dir='ltr'>qui</span> <span class='ocrx_word' id='word_1_259' title='bbox 622 1395 676 1428; x_wconf 83' lang='lat' dir='ltr'>vel</span> <span class='ocrx_word' id='word_1_260' title='bbox 703 1408 760 1428; x_wconf 84' lang='lat' dir='ltr'>sua</span> <span class='ocrx_word' id='word_1_261' title='bbox 773 1391 797 1412; x_wconf 82' lang='lat'>²⁷</span> 
     </span>
     <span class='ocr_line' id='line_1_36' title="bbox 199 1446 596 1492; baseline -0.005 -10"><span class='ocrx_word' id='word_1_262' title='bbox 199 1450 341 1482; x_wconf 84' lang='lat' dir='ltr'>irretitur</span> <span class='ocrx_word' id='word_1_263' title='bbox 351 1446 375 1465; x_wconf 59' lang='grc' dir='ltr'>Ἠ</span> <span class='ocrx_word' id='word_1_264' title='bbox 403 1447 596 1492; x_wconf 72' lang='lat' dir='ltr'>cupidItate.</span> 
     </span>
    </p>
   </div>
   <div class='ocr_carea' id='block_1_26' title="bbox 1228 1287 1670 1334">
    <p class='ocr_par' dir='ltr' id='par_1_26' title="bbox 1228 1287 1670 1334">
     <span class='ocr_line' id='line_1_37' title="bbox 1228 1287 1670 1334; baseline 0 -12"><span class='ocrx_word' id='word_1_265' title='bbox 1228 1288 1234 1306; x_wconf 78' lang='lat'><strong>¹</strong></span> <span class='ocrx_word' id='word_1_266' title='bbox 1260 1303 1279 1322; x_wconf 87' lang='lat' dir='ltr'>a</span> <span class='ocrx_word' id='word_1_267' title='bbox 1305 1291 1388 1322; x_wconf 66' lang='lat' dir='ltr'>iu-te</span> <span class='ocrx_word' id='word_1_268' title='bbox 1401 1287 1426 1307; x_wconf 80' lang='lat'>²⁵</span> <span class='ocrx_word' id='word_1_269' title='bbox 1454 1290 1670 1334; x_wconf 75' lang='lat' dir='ltr'>possidendo.</span> 
     </span>
    </p>
   </div>
   <div class='ocr_carea' id='block_1_27' title="bbox 1723 1290 2150 1374">
    <p class='ocr_par' dir='ltr' id='par_1_27' title="bbox 1723 1290 2150 1374">
     <span class='ocr_line' id='line_1_38' title="bbox 1723 1290 2149 1335; baseline 0.002 -13"><span class='ocrx_word' id='word_1_270' title='bbox 1723 1290 1801 1323; x_wconf 82' lang='lat' dir='ltr'>lloc</span> <span class='ocrx_word' id='word_1_271' title='bbox 1830 1290 1915 1322; x_wconf 83' lang='lat' dir='ltr'>enim</span> <span class='ocrx_word' id='word_1_272' title='bbox 1942 1290 2012 1323; x_wconf 81' lang='lat' dir='ltr'>iure</span> <span class='ocrx_word' id='word_1_273' title='bbox 2041 1292 2149 1335; x_wconf 75' lang='lat' dir='ltr'>possi-</span> 
     </span>
     <span class='ocr_line' id='line_1_39' title="bbox 2058 1342 2150 1374; baseline 0 0"><span class='ocrx_word' id='word_1_274' title='bbox 2058 1342 2150 1374; x_wconf 88' lang='lat' dir='ltr'>Male</span> 
     </span>
    </p>
   </div>
   <div class='ocr_carea' id='block_1_28' title="bbox 1548 1391 2152 1437">
    <p class='ocr_par' dir='ltr' id='par_1_28' title="bbox 1548 1391 2152 1437">
     <span class='ocr_line' id='line_1_40' title="bbox 1548 1391 2152 1437; baseline 0.003 -12"><span class='ocrx_word' id='word_1_275' title='bbox 1548 1391 1701 1426; x_wconf 81' lang='lat' dir='ltr'>Possidet</span> <span class='ocrx_word' id='word_1_276' title='bbox 1727 1398 1838 1426; x_wconf 85' lang='lat' dir='ltr'>autem</span> <span class='ocrx_word' id='word_1_277' title='bbox 1864 1394 1964 1435; x_wconf 86' lang='lat' dir='ltr'>iuste,</span> <span class='ocrx_word' id='word_1_278' title='bbox 2001 1395 2059 1437; x_wconf 90' lang='lat' dir='ltr'>qui</span> <span class='ocrx_word' id='word_1_279' title='bbox 2086 1405 2152 1427; x_wconf 89' lang='lat' dir='ltr'>non</span> 
     </span>
    </p>
   </div>
   <div class='ocr_carea' id='block_1_29' title="bbox 199 1501 2153 1654">
    <p class='ocr_par' dir='ltr' id='par_1_29' title="bbox 199 1501 2153 1654">
     <span class='ocr_line' id='line_1_41' title="bbox 364 1501 2153 1549; baseline 0 -11"><span class='ocrx_word' id='word_1_280' title='bbox 364 1507 399 1540; x_wconf 74' lang='lat'>4.</span> <span class='ocrx_word' id='word_1_281' title='bbox 454 1508 549 1540; x_wconf 85' lang='lat' dir='ltr'>Bona</span> <span class='ocrx_word' id='word_1_282' title='bbox 572 1512 645 1539; x_wconf 88' lang='lat' dir='ltr'>sunt</span> <span class='ocrx_word' id='word_1_283' title='bbox 671 1507 890 1539; x_wconf 87' lang='lat' dir='ltr'>honestorum</span> <span class='ocrx_word' id='word_1_284' title='bbox 918 1518 975 1538; x_wconf 78' lang='lat' dir='ltr'>seu</span> <span class='ocrx_word' id='word_1_285' title='bbox 1003 1506 1181 1545; x_wconf 73' lang='lat' dir='ltr'>nobilium,</span> <span class='ocrx_word' id='word_1_286' title='bbox 1209 1517 1296 1548; x_wconf 86' lang='lat' dir='ltr'>quae</span> <span class='ocrx_word' id='word_1_287' title='bbox 1325 1506 1467 1549; x_wconf 84' lang='lat' dir='ltr'>proinde</span> <span class='ocrx_word' id='word_1_288' title='bbox 1491 1506 1579 1538; x_wconf 83' lang='lat' dir='ltr'>bona</span> <span class='ocrx_word' id='word_1_289' title='bbox 1606 1506 1779 1546; x_wconf 89' lang='lat' dir='ltr'>dicuntur,</span> <span class='ocrx_word' id='word_1_290' title='bbox 1818 1501 1887 1538; x_wconf 70' lang='lat' dir='ltr'>ut²⁵³</span> <span class='ocrx_word' id='word_1_291' title='bbox 1913 1516 1981 1538; x_wconf 90' lang='lat' dir='ltr'>non</span> <span class='ocrx_word' id='word_1_292' title='bbox 2008 1504 2153 1538; x_wconf 86' lang='lat' dir='ltr'>habeant</span> 
     </span>
     <span class='ocr_line' id='line_1_42' title="bbox 199 1558 1241 1604; baseline -0.003 -12"><span class='ocrx_word' id='word_1_293' title='bbox 199 1566 331 1604; x_wconf 87' lang='lat' dir='ltr'>turpem</span> <span class='ocrx_word' id='word_1_294' title='bbox 359 1570 470 1597; x_wconf 82' lang='lat' dir='ltr'>usum,</span> <span class='ocrx_word' id='word_1_295' title='bbox 499 1558 557 1590; x_wconf 77' lang='lat' dir='ltr'>sed</span> <span class='ocrx_word' id='word_1_296' title='bbox 581 1570 619 1590; x_wconf 86' lang='lat' dir='ltr'>ea</span> <span class='ocrx_word' id='word_1_297' title='bbox 647 1558 799 1590; x_wconf 84' lang='lat' dir='ltr'>homines</span> <span class='ocrx_word' id='word_1_298' title='bbox 826 1558 869 1590; x_wconf 39' lang='lat' dir='ltr'>all</span> <span class='ocrx_word' id='word_1_299' title='bbox 898 1570 948 1590; x_wconf 84' lang='lat' dir='ltr'>res</span> <span class='ocrx_word' id='word_1_300' title='bbox 976 1558 1080 1589; x_wconf 85' lang='lat' dir='ltr'>bonas</span> <span class='ocrx_word' id='word_1_301' title='bbox 1101 1562 1241 1590; x_wconf 87' lang='lat' dir='ltr'>utantur.</span> 
     </span>
     <span class='ocr_line' id='line_1_43' title="bbox 363 1604 2152 1654; baseline -0.001 -12"><span class='ocrx_word' id='word_1_302' title='bbox 363 1609 397 1642; x_wconf 81' lang='lat'>5.</span> <span class='ocrx_word' id='word_1_303' title='bbox 451 1610 624 1643; x_wconf 87' lang='lat' dir='ltr'>Peculium</span> <span class='ocrx_word' id='word_1_304' title='bbox 651 1610 790 1654; x_wconf 86' lang='lat' dir='ltr'>proprie</span> <span class='ocrx_word' id='word_1_305' title='bbox 817 1611 982 1642; x_wconf 85' lang='lat' dir='ltr'>minorum</span> <span class='ocrx_word' id='word_1_306' title='bbox 1011 1614 1059 1642; x_wconf 88' lang='lat' dir='ltr'>est</span> <span class='ocrx_word' id='word_1_307' title='bbox 1085 1619 1302 1653; x_wconf 77' lang='lat' dir='ltr'>personarum</span> <span class='ocrx_word' id='word_1_308' title='bbox 1329 1618 1385 1640; x_wconf 86' lang='lat' dir='ltr'>seu</span> <span class='ocrx_word' id='word_1_309' title='bbox 1397 1604 1422 1623; x_wconf 80' lang='lat'>³⁰</span> <span class='ocrx_word' id='word_1_310' title='bbox 1449 1618 1628 1640; x_wconf 84' lang='lat' dir='ltr'>servorum.</span> <span class='ocrx_word' id='word_1_311' title='bbox 1664 1608 1750 1640; x_wconf 89' lang='lat' dir='ltr'>Nam</span> <span class='ocrx_word' id='word_1_312' title='bbox 1776 1607 1946 1651; x_wconf 88' lang='lat' dir='ltr'>peculium</span> <span class='ocrx_word' id='word_1_313' title='bbox 1975 1613 2033 1649; x_wconf 58' lang='lat' dir='ltr'>en,</span> <span class='ocrx_word' id='word_1_314' title='bbox 2059 1608 2152 1651; x_wconf 85' lang='lat' dir='ltr'>qnod</span> 
     </span>
    </p>
   </div>
   <div class='ocr_carea' id='block_1_30' title="bbox 200 1718 1161 2309">
    <p class='ocr_par' dir='ltr' id='par_1_30' title="bbox 200 1718 1161 2309">
     <span class='ocr_line' id='line_1_44' title="bbox 201 1718 1151 1757; baseline -0.001 -10"><span class='ocrx_word' id='word_1_315' title='bbox 201 1725 308 1757; x_wconf 73' lang='lat' dir='ltr'>quetur</span> <span class='ocrx_word' id='word_1_316' title='bbox 341 1719 377 1748; x_wconf 82' lang='lat' dir='ltr'>al.</span> <span class='ocrx_word' id='word_1_317' title='bbox 415 1735 455 1739; x_wconf 86' lang='lat'><strong>—</strong></span> <span class='ocrx_word' id='word_1_318' title='bbox 500 1721 528 1757; x_wconf 90' lang='lat'>1)</span> <span class='ocrx_word' id='word_1_319' title='bbox 562 1720 677 1756; x_wconf 55' lang='lat' dir='ltr'>usn-cfr.</span> <span class='ocrx_word' id='word_1_320' title='bbox 709 1719 745 1747; x_wconf 83' lang='lat' dir='ltr'>al.</span> <span class='ocrx_word' id='word_1_321' title='bbox 780 1735 820 1740; x_wconf 95' lang='lat'>—</span> <span class='ocrx_word' id='word_1_322' title='bbox 857 1719 1080 1756; x_wconf 47' lang='lat' dir='ltr'>usufiwzcltsfhra</span> <span class='ocrx_word' id='word_1_323' title='bbox 1116 1718 1151 1747; x_wconf 85' lang='lat' dir='ltr'>al.</span> 
     </span>
     <span class='ocr_line' id='line_1_45' title="bbox 200 1761 1153 1800; baseline 0.001 -11"><span class='ocrx_word' id='word_1_324' title='bbox 200 1777 242 1784; x_wconf 90' lang='lat'>—-</span> <span class='ocrx_word' id='word_1_325' title='bbox 265 1762 292 1797; x_wconf 63' lang='grc' dir='ltr'>Ξ)</span> <span class='ocrx_word' id='word_1_326' title='bbox 319 1761 367 1788; x_wconf 80' lang='lat' dir='ltr'>Sic</span> <span class='ocrx_word' id='word_1_327' title='bbox 391 1761 492 1793; x_wconf 79' lang='lat' dir='ltr'>Gu.1.</span> <span class='ocrx_word' id='word_1_328' title='bbox 517 1778 552 1783; x_wconf 83' lang='lat'><em>-</em></span> <span class='ocrx_word' id='word_1_329' title='bbox 579 1764 652 1800; x_wconf 68' lang='lat' dir='ltr'>quia</span> <span class='ocrx_word' id='word_1_330' title='bbox 675 1762 755 1799; x_wconf 80' lang='lat' dir='ltr'>vulg.</span> <span class='ocrx_word' id='word_1_331' title='bbox 788 1778 824 1782; x_wconf 72' lang='lat'>—</span> <span class='ocrx_word' id='word_1_332' title='bbox 854 1761 884 1799; x_wconf 81' lang='lat'>3)</span> <span class='ocrx_word' id='word_1_333' title='bbox 910 1762 957 1790; x_wconf 80' lang='lat' dir='ltr'>sic</span> <span class='ocrx_word' id='word_1_334' title='bbox 981 1764 1037 1791; x_wconf 57' lang='grc' dir='ltr'>(ἆυ.</span> <span class='ocrx_word' id='word_1_335' title='bbox 1064 1764 1088 1792; x_wconf 89' lang='lat' dir='ltr'>l.</span> <span class='ocrx_word' id='word_1_336' title='bbox 1112 1777 1153 1782; x_wconf 88' lang='lat'>·—</span> 
     </span>
     <span class='ocr_line' id='line_1_46' title="bbox 202 1803 1153 1842; baseline -0.002 -10"><span class='ocrx_word' id='word_1_337' title='bbox 202 1805 438 1841; x_wconf 51' lang='lat' dir='ltr'>usu-§fructuum</span> <span class='ocrx_word' id='word_1_338' title='bbox 461 1814 504 1832; x_wconf 79' lang='lat' dir='ltr'>va.</span> <span class='ocrx_word' id='word_1_339' title='bbox 527 1820 568 1826; x_wconf 89' lang='lat'>-—</span> <span class='ocrx_word' id='word_1_340' title='bbox 601 1806 829 1842; x_wconf 62' lang='lat' dir='ltr'>usumsmcctum</span> <span class='ocrx_word' id='word_1_341' title='bbox 852 1805 932 1841; x_wconf 69' lang='lat' dir='ltr'>vulg.</span> <span class='ocrx_word' id='word_1_342' title='bbox 969 1821 1004 1825; x_wconf 81' lang='lat'>—-</span> <span class='ocrx_word' id='word_1_343' title='bbox 1038 1803 1153 1840; x_wconf 46' lang='grc' dir='ltr'>ηεαδ-[Γ.</span> 
     </span>
     <span class='ocr_line' id='line_1_47' title="bbox 202 1845 1153 1886; baseline -0.001 -12"><span class='ocrx_word' id='word_1_344' title='bbox 202 1848 231 1876; x_wconf 91' lang='grc' dir='ltr'>Ζ.</span> <span class='ocrx_word' id='word_1_345' title='bbox 255 1863 291 1868; x_wconf 92' lang='grc'>-</span> <span class='ocrx_word' id='word_1_346' title='bbox 319 1845 349 1886; x_wconf 84' lang='grc'>4)</span> <span class='ocrx_word' id='word_1_347' title='bbox 372 1852 525 1874; x_wconf 65' lang='lat' dir='ltr'>servatum</span> <span class='ocrx_word' id='word_1_348' title='bbox 549 1848 647 1878; x_wconf 68' lang='lat' dir='ltr'>Gu.1.</span> <span class='ocrx_word' id='word_1_349' title='bbox 670 1864 709 1868; x_wconf 94' lang='lat'>—</span> <span class='ocrx_word' id='word_1_350' title='bbox 733 1846 761 1886; x_wconf 81' lang='lat'>5)</span> <span class='ocrx_word' id='word_1_351' title='bbox 777 1846 891 1875; x_wconf 68' lang='lat' dir='ltr'>donata</span> <span class='ocrx_word' id='word_1_352' title='bbox 912 1847 947 1877; x_wconf 80' lang='lat' dir='ltr'>al,</span> <span class='ocrx_word' id='word_1_353' title='bbox 974 1864 1008 1868; x_wconf 90' lang='lat'>--</span> <span class='ocrx_word' id='word_1_354' title='bbox 1034 1849 1062 1883; x_wconf 86' lang='lat'>6)</span> <span class='ocrx_word' id='word_1_355' title='bbox 1087 1852 1153 1873; x_wconf 65' lang='lat' dir='ltr'>sla-</span> 
     </span>
     <span class='ocr_line' id='line_1_48' title="bbox 201 1888 1152 1928; baseline -0.003 -10"><span class='ocrx_word' id='word_1_356' title='bbox 201 1896 266 1918; x_wconf 74' lang='lat' dir='ltr'>tum</span> <span class='ocrx_word' id='word_1_357' title='bbox 291 1890 347 1917; x_wconf 91' lang='lat' dir='ltr'>Gu.</span> <span class='ocrx_word' id='word_1_358' title='bbox 368 1894 391 1920; x_wconf 77' lang='lat'>1.</span> <span class='ocrx_word' id='word_1_359' title='bbox 417 1907 454 1911; x_wconf 85' lang='lat'>——</span> <span class='ocrx_word' id='word_1_360' title='bbox 479 1889 506 1928; x_wconf 82' lang='lat'>7)</span> <span class='ocrx_word' id='word_1_361' title='bbox 525 1889 649 1928; x_wconf 74' lang='lat' dir='ltr'>aliquid</span> <span class='ocrx_word' id='word_1_362' title='bbox 669 1888 738 1918; x_wconf 76' lang='lat' dir='ltr'>inde</span> <span class='ocrx_word' id='word_1_363' title='bbox 761 1890 816 1918; x_wconf 78' lang='lat' dir='ltr'>Gu.</span> <span class='ocrx_word' id='word_1_364' title='bbox 834 1892 864 1921; x_wconf 78' lang='lat'>2.</span> <span class='ocrx_word' id='word_1_365' title='bbox 887 1907 921 1911; x_wconf 84' lang='lat'>—-</span> <span class='ocrx_word' id='word_1_366' title='bbox 950 1889 978 1928; x_wconf 84' lang='lat'>8)</span> <span class='ocrx_word' id='word_1_367' title='bbox 1001 1889 1049 1917; x_wconf 86' lang='lat' dir='ltr'>Sic</span> <span class='ocrx_word' id='word_1_368' title='bbox 1067 1889 1152 1919; x_wconf 85' lang='lat' dir='ltr'>Gu.1.</span> 
     </span>
     <span class='ocr_line' id='line_1_49' title="bbox 202 1932 1152 1970; baseline 0.001 -11"><span class='ocrx_word' id='word_1_369' title='bbox 202 1948 244 1955; x_wconf 92' lang='lat'><strong>—</strong></span> <span class='ocrx_word' id='word_1_370' title='bbox 260 1943 363 1970; x_wconf 77' lang='lat' dir='ltr'>propr.</span> <span class='ocrx_word' id='word_1_371' title='bbox 388 1938 451 1959; x_wconf 68' lang='lat' dir='ltr'>test.</span> <span class='ocrx_word' id='word_1_372' title='bbox 473 1938 541 1959; x_wconf 74' lang='lat' dir='ltr'>sunt</span> <span class='ocrx_word' id='word_1_373' title='bbox 566 1933 595 1960; x_wconf 87' lang='lat' dir='ltr'>Z.</span> <span class='ocrx_word' id='word_1_374' title='bbox 627 1933 684 1962; x_wconf 89' lang='lat' dir='ltr'>Gu.</span> <span class='ocrx_word' id='word_1_375' title='bbox 704 1935 733 1964; x_wconf 77' lang='grc'>2.</span> <span class='ocrx_word' id='word_1_376' title='bbox 759 1949 799 1954; x_wconf 95' lang='grc'>-</span> <span class='ocrx_word' id='word_1_377' title='bbox 824 1938 887 1960; x_wconf 66' lang='lat' dir='ltr'>test.</span> <span class='ocrx_word' id='word_1_378' title='bbox 911 1938 982 1960; x_wconf 72' lang='lat' dir='ltr'>sunt</span> <span class='ocrx_word' id='word_1_379' title='bbox 1000 1943 1048 1970; x_wconf 79' lang='lat' dir='ltr'>pr.</span> <span class='ocrx_word' id='word_1_380' title='bbox 1073 1932 1152 1969; x_wconf 85' lang='lat' dir='ltr'>vulg.</span> 
     </span>
     <span class='ocr_line' id='line_1_50' title="bbox 205 1974 1154 2012; baseline 0 -10"><span class='ocrx_word' id='word_1_381' title='bbox 205 1993 242 1998; x_wconf 87' lang='lat'><em>-</em></span> <span class='ocrx_word' id='word_1_382' title='bbox 262 1978 290 2012; x_wconf 86' lang='lat'>9)</span> <span class='ocrx_word' id='word_1_383' title='bbox 308 1974 393 2012; x_wconf 85' lang='lat' dir='ltr'>Vulg.</span> <span class='ocrx_word' id='word_1_384' title='bbox 418 1975 463 2001; x_wconf 69' lang='lat' dir='ltr'>vel</span> <span class='ocrx_word' id='word_1_385' title='bbox 484 1974 555 2010; x_wconf 76' lang='lat' dir='ltr'>duo,</span> <span class='ocrx_word' id='word_1_386' title='bbox 571 1974 622 2004; x_wconf 88' lang='lat' dir='ltr'>sed</span> <span class='ocrx_word' id='word_1_387' title='bbox 648 1977 692 2003; x_wconf 65' lang='lat' dir='ltr'>rel</span> <span class='ocrx_word' id='word_1_388' title='bbox 714 1986 770 2004; x_wconf 86' lang='lat' dir='ltr'>om.</span> <span class='ocrx_word' id='word_1_389' title='bbox 788 1975 820 2004; x_wconf 90' lang='lat' dir='ltr'>Z.</span> <span class='ocrx_word' id='word_1_390' title='bbox 844 1976 938 2006; x_wconf 83' lang='lat' dir='ltr'>Gu.1.</span> <span class='ocrx_word' id='word_1_391' title='bbox 962 1991 1002 1996; x_wconf 94' lang='lat'>—</span> <span class='ocrx_word' id='word_1_392' title='bbox 1029 1976 1070 2009; x_wconf 88' lang='lat'>10)</span> <span class='ocrx_word' id='word_1_393' title='bbox 1086 1985 1154 2002; x_wconf 74' lang='lat' dir='ltr'>con-</span> 
     </span>
     <span class='ocr_line' id='line_1_51' title="bbox 203 2016 1153 2057; baseline 0 -12"><span class='ocrx_word' id='word_1_394' title='bbox 203 2018 285 2045; x_wconf 70' lang='lat' dir='ltr'>venit</span> <span class='ocrx_word' id='word_1_395' title='bbox 311 2016 347 2045; x_wconf 86' lang='lat' dir='ltr'>al.</span> <span class='ocrx_word' id='word_1_396' title='bbox 369 2034 410 2038; x_wconf 85' lang='grc'>--</span> <span class='ocrx_word' id='word_1_397' title='bbox 447 2016 490 2056; x_wconf 87' lang='grc'>11)</span> <span class='ocrx_word' id='word_1_398' title='bbox 515 2017 563 2045; x_wconf 84' lang='lat' dir='ltr'>Sic</span> <span class='ocrx_word' id='word_1_399' title='bbox 591 2018 647 2046; x_wconf 84' lang='lat' dir='ltr'>Gu.</span> <span class='ocrx_word' id='word_1_400' title='bbox 672 2022 696 2049; x_wconf 85' lang='lat'>1.</span> <span class='ocrx_word' id='word_1_401' title='bbox 719 2028 766 2057; x_wconf 85' lang='lat' dir='ltr'>pr.</span> <span class='ocrx_word' id='word_1_402' title='bbox 793 2034 828 2038; x_wconf 92' lang='lat'>—</span> <span class='ocrx_word' id='word_1_403' title='bbox 854 2016 1052 2045; x_wconf 61' lang='lat' dir='ltr'>condictione.»-</span> <span class='ocrx_word' id='word_1_404' title='bbox 1074 2017 1153 2054; x_wconf 65' lang='lat' dir='ltr'>vulg.</span> 
     </span>
     <span class='ocr_line' id='line_1_52' title="bbox 204 2059 1153 2099; baseline -0.002 -11"><span class='ocrx_word' id='word_1_405' title='bbox 204 2074 246 2082; x_wconf 82' lang='lat'>-——</span> <span class='ocrx_word' id='word_1_406' title='bbox 275 2062 325 2096; x_wconf 74' lang='grc'>12)</span> <span class='ocrx_word' id='word_1_407' title='bbox 347 2060 434 2097; x_wconf 71' lang='lat' dir='ltr'>Vulg.</span> <span class='ocrx_word' id='word_1_408' title='bbox 463 2062 554 2098; x_wconf 69' lang='lat' dir='ltr'>quasi</span> <span class='ocrx_word' id='word_1_409' title='bbox 572 2071 687 2098; x_wconf 75' lang='lat' dir='ltr'>prum.,</span> <span class='ocrx_word' id='word_1_410' title='bbox 723 2059 775 2089; x_wconf 81' lang='lat' dir='ltr'>sed</span> <span class='ocrx_word' id='word_1_411' title='bbox 804 2061 894 2099; x_wconf 71' lang='lat' dir='ltr'>qnasi</span> <span class='ocrx_word' id='word_1_412' title='bbox 917 2071 973 2088; x_wconf 52' lang='lat' dir='ltr'>om.</span> <span class='ocrx_word' id='word_1_413' title='bbox 995 2060 1026 2090; x_wconf 84' lang='lat' dir='ltr'>Z.</span> <span class='ocrx_word' id='word_1_414' title='bbox 1053 2060 1109 2087; x_wconf 87' lang='lat' dir='ltr'>Gu.</span> <span class='ocrx_word' id='word_1_415' title='bbox 1128 2063 1153 2090; x_wconf 90' lang='lat'>1.</span> 
     </span>
     <span class='ocr_line' id='line_1_53' title="bbox 204 2102 1149 2142; baseline 0.001 -11"><span class='ocrx_word' id='word_1_416' title='bbox 204 2113 252 2142; x_wconf 86' lang='lat' dir='ltr'>pr.</span> <span class='ocrx_word' id='word_1_417' title='bbox 274 2112 321 2132; x_wconf 80' lang='lat' dir='ltr'>va.</span> <span class='ocrx_word' id='word_1_418' title='bbox 344 2102 397 2131; x_wconf 78' lang='lat' dir='ltr'>Ar.</span> <span class='ocrx_word' id='word_1_419' title='bbox 419 2117 461 2122; x_wconf 89' lang='lat'>—</span> <span class='ocrx_word' id='word_1_420' title='bbox 485 2104 528 2137; x_wconf 85' lang='lat'>13)</span> <span class='ocrx_word' id='word_1_421' title='bbox 549 2102 629 2130; x_wconf 73' lang='lat' dir='ltr'>unde</span> <span class='ocrx_word' id='word_1_422' title='bbox 650 2114 806 2142; x_wconf 55' lang='lat' dir='ltr'>sponsores</span> <span class='ocrx_word' id='word_1_423' title='bbox 829 2109 854 2131; x_wconf 76' lang='lat' dir='ltr'>et</span> <span class='ocrx_word' id='word_1_424' title='bbox 877 2103 979 2141; x_wconf 72' lang='lat' dir='ltr'>slipzll.</span> <span class='ocrx_word' id='word_1_425' title='bbox 999 2103 1055 2131; x_wconf 91' lang='lat' dir='ltr'>Gu.</span> <span class='ocrx_word' id='word_1_426' title='bbox 1072 2105 1100 2132; x_wconf 76' lang='lat'>2.</span> <span class='ocrx_word' id='word_1_427' title='bbox 1119 2119 1149 2123; x_wconf 44' lang='grc' dir='ltr'><strong>ἡ</strong></span> 
     </span>
     <span class='ocr_line' id='line_1_54' title="bbox 205 2144 1153 2185; baseline 0 -13"><span class='ocrx_word' id='word_1_428' title='bbox 205 2145 346 2183; x_wconf 77' lang='lat' dir='ltr'>stipulat.</span> <span class='ocrx_word' id='word_1_429' title='bbox 365 2155 463 2183; x_wconf 82' lang='lat' dir='ltr'>prom.</span> <span class='ocrx_word' id='word_1_430' title='bbox 487 2145 516 2172; x_wconf 87' lang='lat' dir='ltr'>Z.</span> <span class='ocrx_word' id='word_1_431' title='bbox 546 2161 588 2165; x_wconf 94' lang='lat'>——</span> <span class='ocrx_word' id='word_1_432' title='bbox 618 2144 663 2185; x_wconf 67' lang='lat'>14)</span> <span class='ocrx_word' id='word_1_433' title='bbox 689 2146 726 2173; x_wconf 79' lang='lat' dir='ltr'>ub</span> <span class='ocrx_word' id='word_1_434' title='bbox 752 2156 808 2184; x_wconf 85' lang='lat' dir='ltr'>pro</span> <span class='ocrx_word' id='word_1_435' title='bbox 835 2155 854 2174; x_wconf 79' lang='lat' dir='ltr'>(z</span> <span class='ocrx_word' id='word_1_436' title='bbox 878 2145 983 2184; x_wconf 83' lang='lat' dir='ltr'>scripsi</span> <span class='ocrx_word' id='word_1_437' title='bbox 1008 2155 1023 2173; x_wconf 88' lang='lat' dir='ltr'>e</span> <span class='ocrx_word' id='word_1_438' title='bbox 1047 2145 1101 2172; x_wconf 88' lang='lat' dir='ltr'>Gu.</span> <span class='ocrx_word' id='word_1_439' title='bbox 1128 2148 1153 2175; x_wconf 80' lang='lat'>1.</span> 
     </span>
     <span class='ocr_line' id='line_1_55' title="bbox 208 2185 1161 2227; baseline -0.001 -11"><span class='ocrx_word' id='word_1_440' title='bbox 208 2190 238 2219; x_wconf 81' lang='lat'>2.</span> <span class='ocrx_word' id='word_1_441' title='bbox 259 2203 301 2208; x_wconf 90' lang='lat'><em>—</em></span> <span class='ocrx_word' id='word_1_442' title='bbox 324 2185 372 2227; x_wconf 82' lang='lat'>15)</span> <span class='ocrx_word' id='word_1_443' title='bbox 394 2188 582 2225; x_wconf 69' lang='lat' dir='ltr'>sponsionem</span> <span class='ocrx_word' id='word_1_444' title='bbox 604 2199 692 2215; x_wconf 63' lang='grc' dir='ltr'>ινιιιιηι</span> <span class='ocrx_word' id='word_1_445' title='bbox 715 2188 803 2217; x_wconf 73' lang='lat' dir='ltr'>al.—</span> <span class='ocrx_word' id='word_1_446' title='bbox 828 2187 870 2224; x_wconf 71' lang='lat'>16)</span> <span class='ocrx_word' id='word_1_447' title='bbox 882 2188 979 2217; x_wconf 85' lang='lat' dir='ltr'>Verba</span> <span class='ocrx_word' id='word_1_448' title='bbox 1001 2189 1063 2215; x_wconf 63' lang='lat' dir='ltr'>sive</span> <span class='ocrx_word' id='word_1_449' title='bbox 1077 2188 1161 2225; x_wconf 72' lang='lat' dir='ltr'>qnod</span> 
     </span>
     <span class='ocr_line' id='line_1_56' title="bbox 209 2228 1158 2270; baseline -0.001 -12"><span class='ocrx_word' id='word_1_450' title='bbox 209 2239 302 2268; x_wconf 80' lang='lat' dir='ltr'>usque</span> <span class='ocrx_word' id='word_1_451' title='bbox 325 2229 363 2258; x_wconf 86' lang='lat' dir='ltr'>ad</span> <span class='ocrx_word' id='word_1_452' title='bbox 386 2240 455 2268; x_wconf 77' lang='lat' dir='ltr'>app.</span> <span class='ocrx_word' id='word_1_453' title='bbox 477 2230 580 2258; x_wconf 84' lang='lat' dir='ltr'>addidi</span> <span class='ocrx_word' id='word_1_454' title='bbox 604 2240 618 2258; x_wconf 87' lang='lat' dir='ltr'>e</span> <span class='ocrx_word' id='word_1_455' title='bbox 642 2230 697 2258; x_wconf 90' lang='lat' dir='ltr'>Gu.</span> <span class='ocrx_word' id='word_1_456' title='bbox 719 2233 743 2261; x_wconf 87' lang='grc'>1.</span> <span class='ocrx_word' id='word_1_457' title='bbox 764 2233 791 2261; x_wconf 74' lang='lat'>2.</span> <span class='ocrx_word' id='word_1_458' title='bbox 814 2228 975 2270; x_wconf 70' lang='lat' dir='ltr'>(slipulmn</span> <span class='ocrx_word' id='word_1_459' title='bbox 998 2235 1028 2259; x_wconf 86' lang='lat' dir='ltr'>et</span> <span class='ocrx_word' id='word_1_460' title='bbox 1050 2241 1158 2258; x_wconf 65' lang='lat' dir='ltr'>sumu-</span> 
     </span>
     <span class='ocr_line' id='line_1_57' title="bbox 210 2272 1159 2309; baseline 0.002 -9"><span class='ocrx_word' id='word_1_461' title='bbox 210 2278 343 2300; x_wconf 78' lang='lat' dir='ltr'>mentum</span> <span class='ocrx_word' id='word_1_462' title='bbox 365 2282 423 2300; x_wconf 81' lang='lat' dir='ltr'>om.</span> <span class='ocrx_word' id='word_1_463' title='bbox 447 2283 514 2301; x_wconf 89' lang='lat' dir='ltr'>cum</span> <span class='ocrx_word' id='word_1_464' title='bbox 537 2273 668 2304; x_wconf 74' lang='lat' dir='ltr'>Gu.2.3.</span> <span class='ocrx_word' id='word_1_465' title='bbox 685 2283 730 2300; x_wconf 85' lang='lat' dir='ltr'>va.</span> <span class='ocrx_word' id='word_1_466' title='bbox 745 2273 845 2309; x_wconf 81' lang='lat' dir='ltr'>Arev.)</span> <span class='ocrx_word' id='word_1_467' title='bbox 858 2276 887 2304; x_wconf 82' lang='grc'>3.</span> <span class='ocrx_word' id='word_1_468' title='bbox 911 2284 956 2302; x_wconf 79' lang='lat' dir='ltr'>va.</span> <span class='ocrx_word' id='word_1_469' title='bbox 977 2272 1071 2301; x_wconf 80' lang='lat' dir='ltr'>Verba</span> <span class='ocrx_word' id='word_1_470' title='bbox 1090 2278 1159 2302; x_wconf 78' lang='lat' dir='ltr'>sunt</span> 
     </span>
    </p>
   </div>
   <div class='ocr_carea' id='block_1_31' title="bbox 209 2315 1159 2397">
    <p class='ocr_par' dir='ltr' id='par_1_31' title="bbox 209 2315 1159 2397">
     <span class='ocr_line' id='line_1_58' title="bbox 209 2315 1159 2353; baseline 0 -9"><span class='ocrx_word' id='word_1_471' title='bbox 209 2325 225 2344; x_wconf 80' lang='lat' dir='ltr'>e</span> <span class='ocrx_word' id='word_1_472' title='bbox 249 2315 285 2344; x_wconf 87' lang='lat' dir='ltr'>V.</span> <span class='ocrx_word' id='word_1_473' title='bbox 308 2316 438 2344; x_wconf 81' lang='lat' dir='ltr'>Sentent.</span> <span class='ocrx_word' id='word_1_474' title='bbox 467 2316 513 2344; x_wconf 79' lang='lat' dir='ltr'>tit.</span> <span class='ocrx_word' id='word_1_475' title='bbox 537 2318 564 2348; x_wconf 82' lang='lat'>8.</span> <span class='ocrx_word' id='word_1_476' title='bbox 596 2333 632 2337; x_wconf 83' lang='lat'>——</span> <span class='ocrx_word' id='word_1_477' title='bbox 667 2318 709 2352; x_wconf 87' lang='lat'>17)</span> <span class='ocrx_word' id='word_1_478' title='bbox 734 2315 781 2343; x_wconf 89' lang='lat' dir='ltr'>Sic</span> <span class='ocrx_word' id='word_1_479' title='bbox 807 2316 861 2343; x_wconf 87' lang='lat' dir='ltr'>Gu.</span> <span class='ocrx_word' id='word_1_480' title='bbox 890 2319 915 2346; x_wconf 82' lang='lat'>1.</span> <span class='ocrx_word' id='word_1_481' title='bbox 946 2332 985 2338; x_wconf 82' lang='lat'><em>-</em></span> <span class='ocrx_word' id='word_1_482' title='bbox 1011 2315 1159 2353; x_wconf 67' lang='lat' dir='ltr'>pmficliac</span> 
     </span>
     <span class='ocr_line' id='line_1_59' title="bbox 212 2356 1157 2397; baseline -0.001 -11"><span class='ocrx_word' id='word_1_483' title='bbox 212 2357 292 2396; x_wconf 86' lang='lat' dir='ltr'>vulg.</span> <span class='ocrx_word' id='word_1_484' title='bbox 315 2375 353 2380; x_wconf 93' lang='lat'>—</span> <span class='ocrx_word' id='word_1_485' title='bbox 392 2356 438 2397; x_wconf 81' lang='lat'>18)</span> <span class='ocrx_word' id='word_1_486' title='bbox 470 2360 565 2397; x_wconf 85' lang='lat' dir='ltr'>Caput</span> <span class='ocrx_word' id='word_1_487' title='bbox 595 2357 689 2387; x_wconf 80' lang='lat' dir='ltr'>XXV.</span> <span class='ocrx_word' id='word_1_488' title='bbox 721 2358 828 2388; x_wconf 82' lang='lat' dir='ltr'>XXVI.</span> <span class='ocrx_word' id='word_1_489' title='bbox 852 2358 975 2389; x_wconf 77' lang='lat' dir='ltr'>XXVII.</span> <span class='ocrx_word' id='word_1_490' title='bbox 1003 2369 1058 2386; x_wconf 82' lang='lat' dir='ltr'>om.</span> <span class='ocrx_word' id='word_1_491' title='bbox 1091 2358 1157 2388; x_wconf 85' lang='lat' dir='ltr'>cod.</span> 
     </span>
    </p>
   </div>
   <div class='ocr_carea' id='block_1_32' title="bbox 1196 1715 2151 2397">
    <p class='ocr_par' dir='ltr' id='par_1_32' title="bbox 1196 1715 2151 2397">
     <span class='ocr_line' id='line_1_60' title="bbox 1196 1715 2151 1756; baseline -0.001 -9"><span class='ocrx_word' id='word_1_492' title='bbox 1196 1719 1303 1748; x_wconf 78' lang='lat' dir='ltr'>Zittnv,</span> <span class='ocrx_word' id='word_1_493' title='bbox 1328 1735 1368 1739; x_wconf 89' lang='lat'>-—</span> <span class='ocrx_word' id='word_1_494' title='bbox 1393 1715 1438 1756; x_wconf 79' lang='lat'>19&gt;</span> <span class='ocrx_word' id='word_1_495' title='bbox 1462 1728 1513 1744; x_wconf 66' lang='lat' dir='ltr'>nec</span> <span class='ocrx_word' id='word_1_496' title='bbox 1530 1735 1567 1739; x_wconf 72' lang='lat'>—</span> <span class='ocrx_word' id='word_1_497' title='bbox 1586 1727 1636 1743; x_wconf 81' lang='lat' dir='ltr'>nec</span> <span class='ocrx_word' id='word_1_498' title='bbox 1660 1715 1709 1745; x_wconf 86' lang='lat' dir='ltr'>Ar.</span> <span class='ocrx_word' id='word_1_499' title='bbox 1736 1732 1772 1737; x_wconf 88' lang='lat'>—</span> <span class='ocrx_word' id='word_1_500' title='bbox 1798 1715 1843 1754; x_wconf 69' lang='lat'>20)</span> <span class='ocrx_word' id='word_1_501' title='bbox 1867 1716 1971 1754; x_wconf 56' lang='lat' dir='ltr'>ligula</span> <span class='ocrx_word' id='word_1_502' title='bbox 1995 1716 2044 1745; x_wconf 81' lang='lat' dir='ltr'>Ar.</span> <span class='ocrx_word' id='word_1_503' title='bbox 2070 1727 2085 1745; x_wconf 89' lang='lat' dir='ltr'>e</span> <span class='ocrx_word' id='word_1_504' title='bbox 2105 1716 2151 1746; x_wconf 73' lang='lat' dir='ltr'>Ci-</span> 
     </span>
     <span class='ocr_line' id='line_1_61' title="bbox 1197 1757 2150 1799; baseline -0.001 -10"><span class='ocrx_word' id='word_1_505' title='bbox 1197 1772 1255 1792; x_wconf 84' lang='lat' dir='ltr'>cer,</span> <span class='ocrx_word' id='word_1_506' title='bbox 1277 1762 1351 1799; x_wconf 89' lang='lat' dir='ltr'>Top.</span> <span class='ocrx_word' id='word_1_507' title='bbox 1375 1762 1403 1795; x_wconf 89' lang='lat'>6,</span> <span class='ocrx_word' id='word_1_508' title='bbox 1428 1760 1477 1790; x_wconf 73' lang='lat'>29.</span> <span class='ocrx_word' id='word_1_509' title='bbox 1501 1759 1552 1787; x_wconf 88' lang='lat' dir='ltr'>ubi</span> <span class='ocrx_word' id='word_1_510' title='bbox 1575 1764 1634 1788; x_wconf 79' lang='lat' dir='ltr'>est:</span> <span class='ocrx_word' id='word_1_511' title='bbox 1658 1757 1824 1786; x_wconf 50' lang='lat' dir='ltr'>Herminius</span> <span class='ocrx_word' id='word_1_512' title='bbox 1847 1765 1889 1786; x_wconf 63' lang='lat' dir='ltr'>est</span> <span class='ocrx_word' id='word_1_513' title='bbox 1906 1761 2048 1797; x_wconf 68' lang='lat' dir='ltr'>pecunia,</span> <span class='ocrx_word' id='word_1_514' title='bbox 2072 1770 2150 1798; x_wconf 81' lang='lat' dir='ltr'>quae</span> 
     </span>
     <span class='ocr_line' id='line_1_62' title="bbox 1196 1800 2150 1840; baseline -0.004 -8"><span class='ocrx_word' id='word_1_515' title='bbox 1196 1810 1289 1832; x_wconf 63' lang='lat' dir='ltr'>&#39;HOI&#39;lf</span> <span class='ocrx_word' id='word_1_516' title='bbox 1310 1804 1447 1831; x_wconf 39' lang='lat' dir='ltr'>(llliCIIIdL-S&#39;</span> <span class='ocrx_word' id='word_1_517' title='bbox 1469 1800 1514 1830; x_wconf 67' lang='lat' dir='ltr'>(ld</span> <span class='ocrx_word' id='word_1_518' title='bbox 1541 1803 1713 1840; x_wconf 46' lang='lat' dir='ltr'>(llbe&#39;HIlI-llm</span> <span class='ocrx_word' id='word_1_519' title='bbox 1730 1802 1865 1840; x_wconf 63' lang='lat' dir='ltr'>IICI‘I&#39;Cllil</span> <span class='ocrx_word' id='word_1_520' title='bbox 1887 1802 1952 1830; x_wconf 60' lang='lat' dir='ltr'>ills?</span> <span class='ocrx_word' id='word_1_521' title='bbox 1973 1818 2015 1824; x_wconf 80' lang='lat'>··—</span> <span class='ocrx_word' id='word_1_522' title='bbox 2036 1819 2077 1823; x_wconf 89' lang='lat'><strong>—</strong></span> <span class='ocrx_word' id='word_1_523' title='bbox 2098 1814 2150 1831; x_wconf 74' lang='lat' dir='ltr'>nec</span> 
     </span>
     <span class='ocr_line' id='line_1_63' title="bbox 1198 1845 2148 1883; baseline -0.002 -8"><span class='ocrx_word' id='word_1_524' title='bbox 1198 1858 1232 1875; x_wconf 76' lang='lat' dir='ltr'>etz</span> <span class='ocrx_word' id='word_1_525' title='bbox 1263 1853 1319 1875; x_wconf 76' lang='grc' dir='ltr'><em>ιιιιι</em></span> <span class='ocrx_word' id='word_1_526' title='bbox 1353 1846 1455 1883; x_wconf 74' lang='lat' dir='ltr'>legata</span> <span class='ocrx_word' id='word_1_527' title='bbox 1485 1850 1675 1879; x_wconf 59' lang='lat' dir='ltr'>tes-lamento,</span> <span class='ocrx_word' id='word_1_528' title='bbox 1718 1850 1772 1872; x_wconf 75' lang='lat' dir='ltr'>aut</span> <span class='ocrx_word' id='word_1_529' title='bbox 1805 1845 1993 1883; x_wconf 63' lang='lat' dir='ltr'>possessione</span> <span class='ocrx_word' id='word_1_530' title='bbox 2024 1851 2148 1876; x_wconf 79' lang='lat' dir='ltr'>retenta.</span> 
     </span>
     <span class='ocr_line' id='line_1_64' title="bbox 1197 1886 2148 1928; baseline -0.001 -10"><span class='ocrx_word' id='word_1_531' title='bbox 1197 1890 1253 1918; x_wconf 85' lang='lat' dir='ltr'>Sed</span> <span class='ocrx_word' id='word_1_532' title='bbox 1282 1888 1380 1928; x_wconf 85' lang='lat' dir='ltr'>potius</span> <span class='ocrx_word' id='word_1_533' title='bbox 1404 1888 1550 1916; x_wconf 77' lang='lat' dir='ltr'>Isidorum</span> <span class='ocrx_word' id='word_1_534' title='bbox 1574 1898 1687 1916; x_wconf 85' lang='lat' dir='ltr'>errasse</span> <span class='ocrx_word' id='word_1_535' title='bbox 1713 1886 1910 1923; x_wconf 81' lang='lat' dir='ltr'>crediderim,</span> <span class='ocrx_word' id='word_1_536' title='bbox 1933 1897 2023 1926; x_wconf 88' lang='lat' dir='ltr'>quam</span> <span class='ocrx_word' id='word_1_537' title='bbox 2048 1898 2148 1918; x_wconf 80' lang='lat' dir='ltr'>omnes</span> 
     </span>
     <span class='ocr_line' id='line_1_65' title="bbox 1197 1928 2148 1970; baseline -0.002 -8"><span class='ocrx_word' id='word_1_538' title='bbox 1197 1931 1286 1962; x_wconf 85' lang='lat' dir='ltr'>codd.</span> <span class='ocrx_word' id='word_1_539' title='bbox 1308 1936 1466 1970; x_wconf 83' lang='lat' dir='ltr'>corruptos</span> <span class='ocrx_word' id='word_1_540' title='bbox 1490 1941 1551 1959; x_wconf 90' lang='lat' dir='ltr'>esse</span> <span class='ocrx_word' id='word_1_541' title='bbox 1580 1930 1639 1959; x_wconf 84' lang='lat' dir='ltr'>hoc</span> <span class='ocrx_word' id='word_1_542' title='bbox 1663 1931 1739 1959; x_wconf 87' lang='lat' dir='ltr'>loco.</span> <span class='ocrx_word' id='word_1_543' title='bbox 1765 1949 1801 1952; x_wconf 96' lang='lat'><strong>—</strong></span> <span class='ocrx_word' id='word_1_544' title='bbox 1831 1928 1880 1970; x_wconf 66' lang='lat'>21)</span> <span class='ocrx_word' id='word_1_545' title='bbox 1898 1937 1954 1958; x_wconf 80' lang='lat' dir='ltr'>aut</span> <span class='ocrx_word' id='word_1_546' title='bbox 1978 1929 2065 1959; x_wconf 73' lang='lat' dir='ltr'>rebus</span> <span class='ocrx_word' id='word_1_547' title='bbox 2092 1930 2148 1960; x_wconf 92' lang='lat' dir='ltr'>Gu.</span> 
     </span>
     <span class='ocr_line' id='line_1_66' title="bbox 1200 1971 2147 2014; baseline -0.003 -10"><span class='ocrx_word' id='word_1_548' title='bbox 1200 1979 1224 2006; x_wconf 90' lang='lat'>1.</span> <span class='ocrx_word' id='word_1_549' title='bbox 1250 1993 1286 1997; x_wconf 90' lang='lat'>—-</span> <span class='ocrx_word' id='word_1_550' title='bbox 1318 1972 1367 2014; x_wconf 68' lang='lat'>22)</span> <span class='ocrx_word' id='word_1_551' title='bbox 1390 1973 1484 2001; x_wconf 68' lang='lat' dir='ltr'>culitis</span> <span class='ocrx_word' id='word_1_552' title='bbox 1508 1974 1557 2002; x_wconf 83' lang='lat' dir='ltr'>Ar.</span> <span class='ocrx_word' id='word_1_553' title='bbox 1580 1990 1621 1996; x_wconf 90' lang='lat'>—</span> <span class='ocrx_word' id='word_1_554' title='bbox 1644 1972 1689 2011; x_wconf 63' lang='lat'>23)</span> <span class='ocrx_word' id='word_1_555' title='bbox 1714 1973 1763 2001; x_wconf 82' lang='lat' dir='ltr'>Sic</span> <span class='ocrx_word' id='word_1_556' title='bbox 1788 1973 1875 2002; x_wconf 78' lang='lat' dir='ltr'>Arev.</span> <span class='ocrx_word' id='word_1_557' title='bbox 1897 1989 1939 1995; x_wconf 95' lang='lat'>—</span> <span class='ocrx_word' id='word_1_558' title='bbox 1959 1971 2030 2001; x_wconf 79' lang='lat' dir='ltr'>inde</span> <span class='ocrx_word' id='word_1_559' title='bbox 2052 1979 2077 2001; x_wconf 72' lang='lat' dir='ltr'>et</span> <span class='ocrx_word' id='word_1_560' title='bbox 2100 1985 2147 2002; x_wconf 73' lang='lat' dir='ltr'>res</span> 
     </span>
     <span class='ocr_line' id='line_1_67' title="bbox 1197 2015 2145 2056; baseline -0.001 -10"><span class='ocrx_word' id='word_1_561' title='bbox 1197 2019 1296 2056; x_wconf 51' lang='lat' dir='ltr'>vulg„</span> <span class='ocrx_word' id='word_1_562' title='bbox 1318 2017 1397 2055; x_wconf 86' lang='lat' dir='ltr'>quod</span> <span class='ocrx_word' id='word_1_563' title='bbox 1420 2021 1519 2045; x_wconf 83' lang='lat' dir='ltr'>ortum</span> <span class='ocrx_word' id='word_1_564' title='bbox 1542 2026 1557 2044; x_wconf 89' lang='lat' dir='ltr'>e</span> <span class='ocrx_word' id='word_1_565' title='bbox 1579 2027 1659 2054; x_wconf 87' lang='lat' dir='ltr'>seqq.</span> <span class='ocrx_word' id='word_1_566' title='bbox 1686 2034 1722 2038; x_wconf 89' lang='lat'>-</span> <span class='ocrx_word' id='word_1_567' title='bbox 1747 2015 1794 2054; x_wconf 62' lang='lat'>24)</span> <span class='ocrx_word' id='word_1_568' title='bbox 1818 2017 1867 2044; x_wconf 75' lang='lat' dir='ltr'>las</span> <span class='ocrx_word' id='word_1_569' title='bbox 1889 2022 1990 2045; x_wconf 78' lang='lat' dir='ltr'>autem</span> <span class='ocrx_word' id='word_1_570' title='bbox 2009 2026 2028 2044; x_wconf 85' lang='lat' dir='ltr'>a</span> <span class='ocrx_word' id='word_1_571' title='bbox 2052 2017 2145 2048; x_wconf 86' lang='lat' dir='ltr'>Gu.1.</span> 
     </span>
     <span class='ocr_line' id='line_1_68' title="bbox 1197 2057 2145 2100; baseline -0.002 -12"><span class='ocrx_word' id='word_1_572' title='bbox 1197 2077 1237 2081; x_wconf 89' lang='lat'>—</span> <span class='ocrx_word' id='word_1_573' title='bbox 1261 2058 1308 2100; x_wconf 64' lang='lat'>25)</span> <span class='ocrx_word' id='word_1_574' title='bbox 1325 2066 1400 2087; x_wconf 77' lang='lat' dir='ltr'>recte</span> <span class='ocrx_word' id='word_1_575' title='bbox 1423 2059 1479 2087; x_wconf 84' lang='lat' dir='ltr'>Gu.</span> <span class='ocrx_word' id='word_1_576' title='bbox 1500 2060 1525 2088; x_wconf 84' lang='grc'>1.</span> <span class='ocrx_word' id='word_1_577' title='bbox 1546 2061 1573 2090; x_wconf 83' lang='grc'>2.</span> <span class='ocrx_word' id='word_1_578' title='bbox 1597 2075 1639 2080; x_wconf 91' lang='lat'>—-—</span> <span class='ocrx_word' id='word_1_579' title='bbox 1663 2061 1728 2086; x_wconf 67' lang='lat' dir='ltr'>[ure</span> <span class='ocrx_word' id='word_1_580' title='bbox 1749 2069 1796 2087; x_wconf 80' lang='lat' dir='ltr'>va.</span> <span class='ocrx_word' id='word_1_581' title='bbox 1821 2076 1855 2080; x_wconf 83' lang='lat'>—-</span> <span class='ocrx_word' id='word_1_582' title='bbox 1881 2057 1926 2098; x_wconf 70' lang='lat'>26)</span> <span class='ocrx_word' id='word_1_583' title='bbox 1949 2060 2015 2087; x_wconf 79' lang='lat' dir='ltr'>inre</span> <span class='ocrx_word' id='word_1_584' title='bbox 2037 2069 2081 2087; x_wconf 76' lang='lat' dir='ltr'>va.</span> <span class='ocrx_word' id='word_1_585' title='bbox 2105 2075 2145 2081; x_wconf 96' lang='lat'>—</span> 
     </span>
     <span class='ocr_line' id='line_1_69' title="bbox 1197 2100 2146 2142; baseline -0.001 -12"><span class='ocrx_word' id='word_1_586' title='bbox 1197 2100 1281 2142; x_wconf 71' lang='lat' dir='ltr'>quod</span> <span class='ocrx_word' id='word_1_587' title='bbox 1301 2108 1375 2130; x_wconf 68' lang='lat' dir='ltr'>recte</span> <span class='ocrx_word' id='word_1_588' title='bbox 1400 2102 1445 2130; x_wconf 62' lang='lat' dir='ltr'>vel</span> <span class='ocrx_word' id='word_1_589' title='bbox 1466 2103 1563 2138; x_wconf 62' lang='lat' dir='ltr'>[Tu-ste,</span> <span class='ocrx_word' id='word_1_590' title='bbox 1597 2102 1653 2129; x_wconf 71' lang='lat' dir='ltr'>hoc</span> <span class='ocrx_word' id='word_1_591' title='bbox 1683 2104 1761 2129; x_wconf 59' lang='lat' dir='ltr'>iuste</span> <span class='ocrx_word' id='word_1_592' title='bbox 1790 2101 1837 2130; x_wconf 64' lang='lat' dir='ltr'>vel</span> <span class='ocrx_word' id='word_1_593' title='bbox 1854 2107 1945 2138; x_wconf 71' lang='lat' dir='ltr'>recte,</span> <span class='ocrx_word' id='word_1_594' title='bbox 1973 2101 2056 2140; x_wconf 73' lang='lat' dir='ltr'>quod</span> <span class='ocrx_word' id='word_1_595' title='bbox 2077 2101 2146 2130; x_wconf 78' lang='lat' dir='ltr'>bene</span> 
     </span>
     <span class='ocr_line' id='line_1_70' title="bbox 1200 2144 2145 2184; baseline -0.001 -10"><span class='ocrx_word' id='word_1_596' title='bbox 1200 2146 1236 2174; x_wconf 77' lang='lat' dir='ltr'>al.</span> <span class='ocrx_word' id='word_1_597' title='bbox 1261 2163 1295 2167; x_wconf 93' lang='lat'>—</span> <span class='ocrx_word' id='word_1_598' title='bbox 1329 2145 1403 2173; x_wconf 81' lang='lat' dir='ltr'>Tun]</span> <span class='ocrx_word' id='word_1_599' title='bbox 1426 2145 1482 2173; x_wconf 69' lang='lat' dir='ltr'>lzoc</span> <span class='ocrx_word' id='word_1_600' title='bbox 1506 2146 1582 2172; x_wconf 71' lang='lat' dir='ltr'>iuste</span> <span class='ocrx_word' id='word_1_601' title='bbox 1613 2156 1667 2184; x_wconf 81' lang='lat' dir='ltr'>pro</span> <span class='ocrx_word' id='word_1_602' title='bbox 1689 2144 1745 2172; x_wconf 74' lang='lat' dir='ltr'>lzoc</span> <span class='ocrx_word' id='word_1_603' title='bbox 1768 2150 1842 2172; x_wconf 68' lang='lat' dir='ltr'>recte</span> <span class='ocrx_word' id='word_1_604' title='bbox 1863 2144 1970 2183; x_wconf 85' lang='lat' dir='ltr'>scripsi</span> <span class='ocrx_word' id='word_1_605' title='bbox 1999 2155 2014 2173; x_wconf 85' lang='lat' dir='ltr'>e</span> <span class='ocrx_word' id='word_1_606' title='bbox 2039 2145 2096 2176; x_wconf 81' lang='lat' dir='ltr'>Gu.</span> <span class='ocrx_word' id='word_1_607' title='bbox 2119 2147 2145 2176; x_wconf 83' lang='lat'>1.</span> 
     </span>
     <span class='ocr_line' id='line_1_71' title="bbox 1201 2186 2145 2224; baseline 0 -8"><span class='ocrx_word' id='word_1_608' title='bbox 1201 2189 1287 2217; x_wconf 82' lang='lat' dir='ltr'>Arev.</span> <span class='ocrx_word' id='word_1_609' title='bbox 1313 2205 1349 2209; x_wconf 91' lang='lat'><strong>—</strong></span> <span class='ocrx_word' id='word_1_610' title='bbox 1370 2190 1414 2222; x_wconf 70' lang='lat'>97)</span> <span class='ocrx_word' id='word_1_611' title='bbox 1438 2187 1486 2215; x_wconf 87' lang='lat' dir='ltr'>Sic</span> <span class='ocrx_word' id='word_1_612' title='bbox 1501 2189 1557 2216; x_wconf 89' lang='lat' dir='ltr'>Gu.</span> <span class='ocrx_word' id='word_1_613' title='bbox 1575 2190 1601 2219; x_wconf 86' lang='lat'>1.</span> <span class='ocrx_word' id='word_1_614' title='bbox 1625 2188 1734 2224; x_wconf 71' lang='lat' dir='ltr'>(mala)</span> <span class='ocrx_word' id='word_1_615' title='bbox 1760 2189 1787 2218; x_wconf 71' lang='lat'>2.</span> <span class='ocrx_word' id='word_1_616' title='bbox 1810 2186 1858 2215; x_wconf 82' lang='lat' dir='ltr'>Ar.</span> <span class='ocrx_word' id='word_1_617' title='bbox 1903 2186 1990 2224; x_wconf 82' lang='lat' dir='ltr'>vulg.</span> <span class='ocrx_word' id='word_1_618' title='bbox 2009 2189 2085 2217; x_wconf 69' lang='lat' dir='ltr'>sais.</span> <span class='ocrx_word' id='word_1_619' title='bbox 2103 2203 2145 2208; x_wconf 94' lang='lat'>-</span> 
     </span>
     <span class='ocr_line' id='line_1_72' title="bbox 1199 2228 2145 2270; baseline -0.001 -12"><span class='ocrx_word' id='word_1_620' title='bbox 1199 2230 1247 2270; x_wconf 66' lang='lat'>28)</span> <span class='ocrx_word' id='word_1_621' title='bbox 1275 2231 1323 2258; x_wconf 89' lang='lat' dir='ltr'>Sic</span> <span class='ocrx_word' id='word_1_622' title='bbox 1346 2231 1401 2258; x_wconf 89' lang='lat' dir='ltr'>Gu.</span> <span class='ocrx_word' id='word_1_623' title='bbox 1421 2232 1446 2261; x_wconf 87' lang='lat'>1.</span> <span class='ocrx_word' id='word_1_624' title='bbox 1470 2241 1517 2260; x_wconf 80' lang='lat' dir='ltr'>va.</span> <span class='ocrx_word' id='word_1_625' title='bbox 1540 2241 1602 2259; x_wconf 80' lang='lat' dir='ltr'>var.</span> <span class='ocrx_word' id='word_1_626' title='bbox 1626 2230 1691 2259; x_wconf 83' lang='lat' dir='ltr'>lect.</span> <span class='ocrx_word' id='word_1_627' title='bbox 1716 2241 1761 2270; x_wconf 85' lang='lat' dir='ltr'>ap.</span> <span class='ocrx_word' id='word_1_628' title='bbox 1780 2228 1873 2258; x_wconf 80' lang='lat' dir='ltr'>Goth.</span> <span class='ocrx_word' id='word_1_629' title='bbox 1898 2230 1985 2258; x_wconf 86' lang='lat' dir='ltr'>Arev.</span> <span class='ocrx_word' id='word_1_630' title='bbox 2010 2245 2052 2252; x_wconf 84' lang='lat'>—-</span> <span class='ocrx_word' id='word_1_631' title='bbox 2073 2231 2145 2257; x_wconf 75' lang='lat' dir='ltr'>irri-</span> 
     </span>
     <span class='ocr_line' id='line_1_73' title="bbox 1200 2273 2144 2312; baseline 0 -11"><span class='ocrx_word' id='word_1_632' title='bbox 1200 2279 1278 2301; x_wconf 72' lang='lat' dir='ltr'>tetur</span> <span class='ocrx_word' id='word_1_633' title='bbox 1302 2274 1398 2304; x_wconf 78' lang='lat' dir='ltr'>Gu.2.</span> <span class='ocrx_word' id='word_1_634' title='bbox 1423 2283 1467 2311; x_wconf 89' lang='lat' dir='ltr'>pr.</span> <span class='ocrx_word' id='word_1_635' title='bbox 1494 2289 1533 2295; x_wconf 92' lang='lat'>-—·</span> <span class='ocrx_word' id='word_1_636' title='bbox 1557 2275 1699 2302; x_wconf 65' lang='lat' dir='ltr'>retinetur</span> <span class='ocrx_word' id='word_1_637' title='bbox 1720 2274 1756 2301; x_wconf 83' lang='lat' dir='ltr'>al.</span> <span class='ocrx_word' id='word_1_638' title='bbox 1781 2288 1822 2293; x_wconf 92' lang='lat'>—</span> <span class='ocrx_word' id='word_1_639' title='bbox 1844 2274 1989 2301; x_wconf 75' lang='lat' dir='ltr'>irritatur</span> <span class='ocrx_word' id='word_1_640' title='bbox 2010 2273 2090 2312; x_wconf 85' lang='lat' dir='ltr'>vulg.</span> <span class='ocrx_word' id='word_1_641' title='bbox 2111 2288 2144 2294; x_wconf 91' lang='lat'><em>-</em></span> 
     </span>
     <span class='ocr_line' id='line_1_74' title="bbox 1200 2315 2141 2355; baseline 0 -12"><span class='ocrx_word' id='word_1_642' title='bbox 1200 2318 1246 2352; x_wconf 69' lang='lat'>29)</span> <span class='ocrx_word' id='word_1_643' title='bbox 1270 2318 1344 2354; x_wconf 72' lang='lat' dir='ltr'>quia</span> <span class='ocrx_word' id='word_1_644' title='bbox 1369 2317 1405 2344; x_wconf 87' lang='lat' dir='ltr'>al.</span> <span class='ocrx_word' id='word_1_645' title='bbox 1429 2332 1470 2339; x_wconf 94' lang='lat'>—·-</span> <span class='ocrx_word' id='word_1_646' title='bbox 1500 2315 1549 2355; x_wconf 80' lang='lat'>30)</span> <span class='ocrx_word' id='word_1_647' title='bbox 1573 2317 1620 2345; x_wconf 81' lang='lat' dir='ltr'>Sic</span> <span class='ocrx_word' id='word_1_648' title='bbox 1647 2317 1703 2345; x_wconf 88' lang='lat' dir='ltr'>Gu.</span> <span class='ocrx_word' id='word_1_649' title='bbox 1731 2319 1756 2347; x_wconf 85' lang='lat'>1.</span> <span class='ocrx_word' id='word_1_650' title='bbox 1780 2331 1821 2337; x_wconf 90' lang='lat'>—</span> <span class='ocrx_word' id='word_1_651' title='bbox 1847 2317 1910 2343; x_wconf 70' lang='lat' dir='ltr'>sive</span> <span class='ocrx_word' id='word_1_652' title='bbox 1931 2315 2010 2353; x_wconf 76' lang='lat' dir='ltr'>vulg.</span> <span class='ocrx_word' id='word_1_653' title='bbox 2034 2331 2071 2337; x_wconf 89' lang='lat'>—</span> <span class='ocrx_word' id='word_1_654' title='bbox 2095 2315 2141 2350; x_wconf 82' lang='lat'>31)</span> 
     </span>
     <span class='ocr_line' id='line_1_75' title="bbox 1199 2356 2141 2397; baseline -0.001 -11"><span class='ocrx_word' id='word_1_655' title='bbox 1199 2370 1290 2387; x_wconf 73' lang='lat' dir='ltr'>snum</span> <span class='ocrx_word' id='word_1_656' title='bbox 1313 2358 1380 2388; x_wconf 81' lang='lat' dir='ltr'>add.</span> <span class='ocrx_word' id='word_1_657' title='bbox 1406 2369 1449 2387; x_wconf 77' lang='lat' dir='ltr'>va.</span> <span class='ocrx_word' id='word_1_658' title='bbox 1472 2375 1513 2380; x_wconf 90' lang='lat'>—-</span> <span class='ocrx_word' id='word_1_659' title='bbox 1535 2360 1580 2397; x_wconf 72' lang='lat'>32)</span> <span class='ocrx_word' id='word_1_660' title='bbox 1609 2359 1692 2397; x_wconf 78' lang='lat' dir='ltr'>Vulg.</span> <span class='ocrx_word' id='word_1_661' title='bbox 1714 2357 1780 2388; x_wconf 82' lang='lat' dir='ltr'>add.</span> <span class='ocrx_word' id='word_1_662' title='bbox 1805 2358 1950 2390; x_wconf 72' lang='lat' dir='ltr'>arbitrio.</span> <span class='ocrx_word' id='word_1_663' title='bbox 1975 2356 2054 2397; x_wconf 86' lang='lat' dir='ltr'>quod</span> <span class='ocrx_word' id='word_1_664' title='bbox 2079 2367 2141 2387; x_wconf 83' lang='lat' dir='ltr'>voc.</span> 
     </span>
    </p>
   </div>
  </div>
 </body>
</html>
