2203 2829
171 91 244 126 292
870 92 1046 127 {SIDORI
1073 92 1254 128 HISPAL.
1283 92 1427 127 EPISC.

334 185 393 220 92.
448 183 622 231 Gipedes'
651 185 798 229 pedestri
839 187 967 230 praelio
1007 188 1134 232 magis,
1167 199 1268 231 quam
1299 187 1443 230 equestri
1470 193 1544 220 sunt
1570 189 1639 231 usi,
1677 192 1710 221 et
1735 185 1801 221 ex²
1832 187 1899 222 hac
1925 200 2024 223 causa
2049 196 2122 224 sunt

170 238 280 272 vocati
293 233 315 270 ³.

333 288 392 321 93.
455 289 624 321 Sarmatae
659 288 850 330 patentibus
886 289 1012 334 campis
1047 289 1274 333 inequitabant
1308 285 1451 322 armati4
1484 291 1575 335 prius
1618 303 1718 334 quam
1759 302 1816 324 eos
1856 291 2018 325 Lentulus
2053 292 2123 326 Da-

168 341 269 374 nubio
298 340 518 385 prohiberet,
547 343 646 381 atque
673 339 753 372 inde
780 340 825 372 ob
853 341 998 373 studium
1026 353 1194 374 armorum
1221 342 1394 374 Sarmatae
1421 342 1600 387 nuncupati
1628 343 1860 376 existimantur.

331 391 389 423 94.
445 391 553 422 Lanns
581 390 697 422 fluvius
725 391 829 423 fertur
856 393 941 424 ultra
966 393 1170 435 Danubium,
1198 406 1216 426 a
1240 404 1306 436 quo
1342 392 1440 424 Alani
1467 393 1546 427 dicti
1575 401 1658 435 sunt,
1683 395 1766 429 sicut
1793 400 1825 428 et
1844 395 1964 439 populi
1989 394 2122 429 inhabi-

168 439 295 476 tantes⁵
322 443 409 475 iuxta
438 442 645 474 Lemannum
672 442 807 475 fluvium
830 444 985 477 Alemani
1012 452 1186 479 vocantur.
1240 445 1291 477 De
1319 444 1439 487 quibus
1466 444 1666 479 Lucanus⁶t

394 501 594 534 Deseruere
622 513 709 536 cavo
735 505 886 537 tentoria
908 504 998 550 fixa
1025 506 1214 539 Lemanno.

331 560 389 595 95.
444 560 714 607 Longobardos⁷
741 565 844 609 vulgo
873 565 982 597 ferunt
1009 564 1219 598 nominatos*
1246 577 1263 596 a
1294 563 1422 608 prolixa
1451 564 1556 598 barba
1584 570 1616 598 et
1643 577 1810 610 nunquam
1839 571 1941 599 tonsa.

329 612 387 648 96.
444 611 668 647 Vandelicns⁹
694 615 797 648 amnis
824 616 867 648 ab
895 618 1048 650 extremis
1077 618 1212 650 Galliae
1242 627 1439 661 erumpens,
1481 616 1568 649 iuxta
1598 628 1698 661 quem
1732 618 1869 651 fluvium
1903 614 2118 659 habitassem,

166 672 197 697 et
224 675 263 698 ex
291 676 332 697 eo
360 662 526 699 traxisseu
553 677 674 699 nomen
702 667 844 700 Vandali
861 664 884 684 ¹²
910 669 1137 713 perhibentur.

332 716 390 751 97.
446 718 667 751 Germanicae
680 715 702 735 ¹³
728 725 845 764 gentes
869 720 995 761 dictae,
1024 721 1115 764 qnod
1143 720 1205 752 sint
1233 719 1388 752 immania
1417 729 1581 763 corpora,
1610 720 1835 764 immanesque
1868 721 2017 753 nationes
2045 732 2118 753 sae-

163 767 300 800 vissimis
327 767 467 802 duratae
493 770 693 814 frigoribus,
729 772 785 814 qui
814 783 921 804 mores
958 784 995 805 ex
1025 774 1097 817 ipso
1126 772 1213 805 coeli
1245 772 1358 816 rigore
1386 776 1569 813 traxerunt,
1608 768 1772 805 feroces¹⁴
1799 772 1898 804 animi
1926 777 1957 804 et
1985 783 2119 815 semper

163 818 335 862 indomiti,
364 825 461 864 raptu
488 827 674 865 venatuque
702 822 855 855 viventes.
910 824 1041 856 Horum
1070 825 1234 868 plurimae
1261 829 1377 868 gentes
1400 822 1509 854 variae
1537 823 1652 863 armis,
1682 823 1863 857 discolores
1890 823 2026 863 habitu,
2054 824 2119 856 lin-

162 871 238 915 guis
266 870 428 912 dissonae,
453 877 484 904 et
512 873 640 917 origine
668 875 907 908 vocabulorum
936 876 1092 915 incertae,
1117 881 1151 908 ut
1177 875 1355 907 Tolosates
1371 871 1403 917 ¹⁵,
1432 874 1600 918 Angriari,
1630 874 1742 915 Quadi
1756 872 1789 915 ¹⁶,
1817 875 1951 920 Tungri
1966 872 1997 916 ¹³,
2020 874 2118 907 Mar-

164 923 332 964 comanni,
360 924 531 968 Bructeri,
560 925 741 967 Chamavi,
770 924 1027 971 wangionesffl,
1054 928 1245 968 Tubantes,
1273 938 1415 970 quorum
1443 926 1628 959 immanitas
1656 927 1830 960 barbariae
1859 927 1959 960 etiam
1987 927 2019 959 in
2038 927 2117 970 ipsis

163 974 334 1008 vocabulis
362 975 537 1008 horrorem
566 977 733 1020 quendam
761 978 934 1022 significat.

326 1025 386 1059 98.
439 1027 541 1060 Suevi
567 1040 644 1073 pars
673 1029 919 1063 Germanorum
948 1030 1079 1062 fuerunt
1106 1029 1137 1061 in
1165 1030 1231 1062 fine
1258 1028 1509 1073 Septentrionis.

1565 1029 1616 1061 De
1644 1030 1763 1073 quibus
1790 1029 1945 1063 Lucanus
1959 1026 1995 1062 ¹⁹:

390 1086 520 1120 Fundit
549 1088 594 1121 ab
624 1093 779 1122 extremo
799 1089 926 1135 flavos
954 1091 1116 1135 aquilone
1144 1088 1289 1122 Suevos.

162 1142 315 1183 Quorum
343 1145 441 1179 fnisse
469 1153 598 1180 centum
626 1160 735 1193 pagos
763 1154 795 1181 et
821 1151 969 1193 populos
997 1151 1092 1183 multi
1112 1144 1377 1194 prodiderunt²⁰.

1434 1147 1520 1180 Dicti
1538 1153 1648 1181 antem
1664 1149 1763 1182 Suevi
1779 1154 1938 1193 putantur
1965 1161 1984 1181 a
2003 1153 2116 1182 monte

160 1194 290 1239 Snevo,
317 1197 373 1238 qui
402 1198 444 1230 ab
473 1204 545 1231 ortu
574 1200 699 1232 initium
727 1200 928 1233 Germaniae
956 1198 1070 1241 suit²¹,
1106 1202 1197 1233 cuius
1225 1200 1302 1232 loca
1329 1198 1547 1231 incoluerunt.

325 1246 383 1280 99.
438 1250 696 1294 Burgundiones
723 1251 893 1294 quondam
921 1264 939 1283 a
968 1252 1128 1284 Romanis
1156 1251 1291 1283 subacta
1322 1250 1467 1281 interiori
1478 1247 1502 1266 ²²
1526 1250 1708 1282 Germania
1729 1262 1791 1295 per
1815 1256 1997 1284 castrorum
2026 1248 2114 1283 limi·

159 1300 208 1329 tes
235 1298 334 1341 positi
363 1311 381 1331 a
409 1299 549 1333 Tiberio
578 1301 721 1335 Caesare
749 1303 780 1335 in
811 1315 968 1347 magnam
996 1303 1236 1336 convaluerunt
1248 1299 1273 1318 ²³
1300 1306 1456 1345 gentem,
1498 1305 1599 1344 atque
1627 1302 1671 1333 ita
1697 1313 1819 1334 nomen
1847 1314 1886 1334 ex
1914 1303 1996 1336 locis
2024 1314 2113 1335 snm—

159 1354 314 1391 pserunt,
344 1351 419 1393 quia
448 1353 565 1385 crebra
593 1365 655 1397 per
681 1354 799 1387 limites
828 1354 1018 1388 habitacula
1042 1355 1216 1388 constituta
1243 1354 1369 1398 burgos

1381 1349 1405 1368 2}

1433 1352 1537 1396 vulgo
1567 1357 1696 1386 vocant.
1752 1353 1796 1386 Hi
1828 1359 1948 1397 postea
1972 1355 2114 1387 rebelles

159 1399 320 1432 Romanis
348 1400 496 1436 effecti25
525 1405 600 1448 plns
632 1417 732 1449 quam
761 1407 932 1451 octoginta
957 1407 1063 1439 millia
1091 1412 1293 1439 armatorum
1322 1405 1414 1449 ripae
1440 1404 1554 1436 Rheni
1582 1404 1725 1437 fluminis
1753 1405 1962 1446 insederunt,
1991 1411 2024 1438 et
2051 1417 2113 1438 no-

159 1461 236 1483 men
262 1453 369 1496 gentis
397 1455 616 1489 obtinuerunt.

326 1503 409 1536 100.
462 1506 631 1539 Saxonum
659 1504 765 1551 gens²

159 1552 250 1585 litate
278 1553 409 1590 habilis.

160 1605 298 1638 caeteris
323 1607 470 1650 piraticis
480 1605 513 1643 ²⁹.

767 1505 778 1523 u

245 1714 275 1755 1)
300 1716 426 1756 Gipidex
458 1719 514 1747 Gu.
538 1723 563 1750 1.
597 1736 633 1741 —
672 1722 700 1757 2)
732 1732 765 1749 ex
794 1732 850 1749 om.
882 1724 938 1751 Gu.
960 1724 990 1753 2.
1022 1739 1059 1742 ——
1083 1720 1113 1762 3)

160 1756 247 1794 Vulg.
270 1760 315 1786 ιἰα
344 1763 459 1796 vocali,
490 1762 541 1790 sed
565 1764 610 1790 ita
637 1773 694 1791 om.
721 1765 777 1794 Gu.
799 1767 827 1795 1.
850 1781 890 1785 —
919 1770 991 1792 sant
1015 1769 1112 1793 autem

160 1799 261 1828 addidi
285 1811 299 1829 e
323 1802 378 1830 Gu.
400 1807 424 1833 1.
445 1814 490 1842 pr.
512 1815 558 1833 va.
578 1822 620 1828 —
641 1805 669 1844 4)
693 1806 741 1834 Sic
766 1808 821 1836 Gn.
839 1811 864 1837 1.
890 1824 923 1828 -
949 1807 1034 1844 Vulg.
1059 1818 1112 1834 111⁴-

159 1843 237 1869 matt'
262 1844 483 1881 inequitabant.
505 1863 548 1868 —-
576 1846 605 1888 5)
629 1848 835 1877 inhabitantes
859 1852 915 1877 Gu.
941 1852 968 1880 2.
995 1860 1040 1888 pr.
1065 1859 1110 1877 va·

160 1886 210 1913 Ar.
227 1900 269 1905 —
293 1885 375 1924 Vulg.
397 1888 579 1918 habitantes.
603 1906 641 1912 —
667 1893 696 1928 6)
714 1892 823 1920 Lucan.
842 1892 864 1925 I,
886 1894 958 1924 396.
973 1908 1014 1913 —-
1035 1903 1112 1920 (mu

159 1937 216 1965 pro
240 1937 314 1954 cavo
338 1939 383 1956 va.
409 1946 450 1952 -——
480 1934 509 1967 7)
533 1933 672 1970 Langoh.
704 1935 760 1963 Gu.
781 1939 810 1966 2.
830 1935 867 1963 al.
890 1951 931 1956 —
963 1937 990 1970 8)
1005 1936 1112 1970 fertur

159 1970 330 1997 nominasse
352 1972 408 2000 Gn.
424 1976 450 2003 2.
467 1974 502 2001 al.
528 1991 564 1996 --
588 1978 761 2004 nominasse
784 1980 840 2006 Gu.
857 1981 882 2008 1.
905 1992 947 1998 —-
968 1979 999 2012 9)
1022 1978 1110 2004 san-

159 2011 282 2050 dallcgaes
305 2012 341 2041 al.
370 2029 412 2034 —
446 2016 622 2045 Vindilicus
652 2019 700 2047 Ar.
728 2035 765 2041 —
803 2019 981 2048 ls‘z'nclelicus
1004 2029 1050 2047 va.
1069 2036 1110 2040 —

160 2055 207 2092 10)
226 2054 414 2083 inhabitasse
438 2058 492 2087 Gu.
508 2061 537 2088 2.
554 2060 591 2087 al.
614 2070 660 2098 pr.
684 2071 729 2089 va.
753 2078 794 2083 ——
818 2060 864 2102 11)
887 2063 1034 2089 transisse
1051 2062 1107 2092 Gn.

158 2098 189 2128 2.
213 2113 253 2118 -
276 2098 322 2133 12)
343 2098 496 2127 lb‘andali
520 2100 570 2130 Ar.
593 2113 639 2140 pr.
658 2112 704 2130 va.
728 2119 769 2124 —
794 2104 836 2142 13)
863 2105 1045 2132 Germaniae
1060 2105 1107 2132 Ar.

162 2155 197 2161 —
224 2139 270 2176 14)
294 2140 344 2168 Sic
366 2141 421 2169 Gu.
446 2145 469 2172 1.
493 2143 531 2171 al.
553 2159 594 2165 -—
615 2146 726 2180 ferocis
749 2147 829 2184 vulg.
855 2163 891 2168 —-
917 2147 963 2183 15)
987 2147 1035 2173 Sic
1060 2148 1107 2174 Ar.

159 2197 201 2203 —
225 2181 379 2211 Colorates
402 2184 457 2212 Gu.
475 2187 501 2215 1.
525 2185 552 2215 4.
573 2201 614 2207 —
643 2187 793 2215 Tolerates
816 2189 895 2226 vulg.
919 2205 960 2210 -—
988 2189 1108 2216 Tolera-

160 2228 207 2250 tae
229 2233 275 2252 va.
298 2242 337 2248 —
370 2227 510 2254 Olarates
532 2227 568 2254 al.
593 2238 638 2265 ap.
665 2229 754 2259 Goth,
779 2246 820 2252 ——
853 2231 897 2269 16)
920 2231 970 2258 Sic
993 2231 1042 2259 Ar.
1067 2248 1106 2252 —

159 2265 246 2303 Vulg.
276 2267 392 2304 Samsi,
429 2268 616 2307 Variqaadt‘.
642 2289 679 2292 —
708 2272 798 2299 Ληιεί
820 2274 897 2301 Vari
922 2273 1027 2309 Quadi
1050 2274 1105 2303 Gu.

158 2308 187 2338 4.
211 2324 252 2330 -
283 2309 373 2338 Ανηεί
403 2310 482 2339 Vari
513 2311 661 2350 Quadicz't'
692 2313 748 2341 Gn.
775 2318 801 2344 1.
825 2331 865 2337 -—
900 2316 1002 2343 Samsi
1027 2315 1107 2344 Ῑ”ιιι·ι’

160 2350 218 2380 Gu,
242 2354 270 2383 2.
306 2352 412 2389 Quadi
433 2365 489 2383 om.
512 2372 551 2376 —-
588 2355 632 2384 Al.
662 2355 826 2384 Amsirari.
850 2374 887 2379 —-
921 2358 964 2386 Al.
995 2360 1104 2394 ἡάηιεί,

806 1508 838 1540 in
865 1507 993 1541 Oceani
1005 1505 1029 1524 ²⁷
1063 1508 1213 1540 litoribus
1226 1504 1250 1524 ²⁶³
1278 1512 1310 1539 et
1334 1506 1514 1550 paludibus
1542 1507 1634 1539 inviis
1664 1507 1740 1547 sita,
1768 1507 1888 1541 virtute
1915 1513 2015 1552 atque
2041 1509 2113 1552 agi>

464 1557 566 1591 Unde
593 1563 625 1591 et
652 1559 842 1603 appellata,
870 1560 963 1603 quod
990 1560 1029 1592 sit
1056 1559 1176 1593 durum
1205 1563 1237 1592 et
1270 1557 1508 1590 validissimum
1537 1569 1642 1602 genus
1676 1558 1850 1592 hominum
1879 1566 1911 1592 et
1943 1565 2112 1604 praestans

1163 1723 1260 1757 Vani,
1285 1719 1397 1758 Quadi.
1420 1736 1462 1742 —
1489 1718 1535 1759 17)
1559 1720 1688 1757 stlungrc'
1711 1719 1767 1747 Gu.
1786 1722 1811 1749 1.
1828 1735 1871 1740 —
1895 1720 2030 1758 Turingi
2052 1721 2107 1750 Gu.

1158 1765 1187 1795 4.
1216 1781 1255 1785 -
1284 1764 1433 1792 (mamare
1455 1772 1510 1800 pro
1536 1760 1665 1791 Comma·
1694 1762 1802 1800 scripsi
1829 1772 1896 1790 cum
1927 1763 1976 1792 Ar.
2000 1779 2042 1783 —
2068 1767 2108 1795 18)

1160 1808 1351 1844 llltngionfs
1377 1805 1485 1843 scripsi
1508 1815 1575 1832 cum
1600 1805 1648 1832 Ar.
1672 1815 1728 1843 pro
1754 1805 1949 1842 Blangianae
1971 1805 2049 1843 vulg.
2066 1822 2108 1826 —

1156 1848 1329 1888 Blangiani
1351 1849 1407 1877 Gn.
1436 1851 1460 1878 1.
1477 1847 1504 1878 4.
1550 1847 1653 1875 Multis
1677 1847 1771 1875 modis
1795 1852 1936 1886 corrupta
1964 1853 2033 1876 sunt
2050 1858 2107 1876 no-

1155 1893 1243 1921 mina.
1266 1909 1307 1914 —
1338 1891 1382 1928 19)
1410 1891 1519 1918 Lucan.
1544 1889 1581 1925 11,
1601 1890 1666 1925 51.‚
1698 1889 1750 1918 ubi
1773 1894 1817 1918 est
1839 1889 1974 1920 Emdat,
1997 1906 2037 1911 —
2060 1894 2105 1925 90)

1156 1935 1205 1962 Sic
1228 1936 1284 1965 Gu,
1312 1938 1336 1965 1.
1361 1945 1406 1963 va.
1439 1949 1478 1953 —
1503 1932 1672 1970 prodet-unt
1711 1932 1768 1960 Gu.
1790 1935 1819 1963 2.
1843 1951 1880 1954 -
1913 1932 2106 1960 tradiderunt

1155 1978 1238 2013 vulg,
1263 1995 1302 1999 -
1325 1976 1373 2015 Ο1)
1390 1975 1438 2003 Sic
1462 1975 1519 2002 Gu.
1540 1978 1564 2005 1.
1589 1991 1626 1996 -
1641 1976 1730 2010 fucit
1750 1975 1829 2013 vulg.
1853 1991 1894 1996 —
1917 1974 1963 2015 22)
1982 1976 2031 2003 Sic
2049 1976 2104 2003 Gn.

1158 2024 1183 2049 1.
1203 2008 1245 2042 .-
1267 2020 1353 2056 Vulg.
1376 2019 1522 2046 interim-e.
1550 2033 1584 2037 —
1611 2016 1658 2056 23)
1683 2017 1731 2045 Sic
1748 2017 1805 2047 Gu.
1824 2021 1849 2048 1.
1876 2027 1921 2046 va.
1946 2027 2007 2046 var.
2037 2017 2103 2046 lect.

1153 2073 1200 2101 ap.
1225 2061 1370 2090 Goth.—
1394 2060 1478 2096 Vulg.
1496 2060 1652 2087 coluerunt
1679 2060 1726 2087 Ar.
1752 2075 1791 2081 —
1815 2059 1992 2087 coaluerunt
2015 2060 2051 2088 al.
2076 2066 2104 2089 et

1152 2115 1213 2133 var.
1245 2105 1312 2133 lect.
1344 2113 1390 2141 ap.
1420 2101 1510 2131 Goth.
1539 2108 1703 2131 creverunt.
1732 2119 1773 2123 —-
1803 2105 1848 2135 24)
1871 2101 1979 2139 [nages
2002 2103 2103 2134 Gu.1.

1151 2164 1192 2170 --
1209 2157 1329 2185 purges
1351 2146 1388 2174 al.
1413 2161 1449 2166 -
1474 2149 1520 2180 25)
1539 2145 1587 2173 Sic
1604 2147 1659 2175 (ἆυ,
1679 2148 1705 2176 1.
1722 2147 1750 2175 2.
1775 2144 1825 2172 Ar.
1847 2160 1881 2164 —
1910 2145 2103 2184 Vulg.eff'ectc'

1151 2191 1240 2218 Rom.
1269 2206 1308 2210 —
1339 2186 1386 2226 26)
1407 2198 1505 2225 genas
1529 2188 1584 2217 Gu.
1611 2191 1638 2219 2.
1664 2203 1704 2208 —
1735 2184 1782 2225 27)
1805 2188 1901 2214 maris
1925 2188 1994 2218 add.
2011 2188 2101 2226 vulg„

1151 2231 1231 2270 quod
1256 2242 1313 2260 om.
1337 2230 1393 2258 Gn.
1414 2234 1438 2261 1.
1456 2233 1483 2260 2.
1506 2246 1546 2251 --
1578 2232 1621 2265 23)
1636 2229 1759 2267 sinibus
1779 2234 1805 2256 ct
1829 2230 1908 2258 litor.
1934 2230 1989 2260 Gu.
2010 2234 2035 2261 1.
2059 2248 2101 2252 —

1150 2276 1194 2311 99)
1218 2274 1251 2302 In
1274 2273 1404 2307 margine
1429 2272 1539 2300 Lucani
1563 2273 1674 2300 codicis
1690 2271 1864 2299 charactere
1887 2273 1958 2300 satis
1976 2273 2099 2311 antiquo

1150 2317 1286 2345 additur:
1318 2317 1380 2353 Qui
1398 2317 1490 2353 prius
1513 2315 1664 2343 Sicambri
1687 2314 1762 2342 dicti
1787 2325 1807 2342 (ι
1834 2315 1956 2342 civitate
1983 2316 2099 2343 Sicam-

1150 2359 1233 2395 bria,
1277 2369 1369 2397 quam
1405 2357 1602 2386 condiderunt
1637 2359 1723 2385 iuxta
1757 2356 1923 2385 Maeotide-⁹
1948 2357 2097 2396 paludes:
