2255 2819
237 102 313 136 516

929 99 1107 133 [SIDORI
1132 99 1312 133 HISPAL.
1340 97 1483 133 EPISC.

237 197 303 231 culi
330 196 426 240 nigri,
455 201 486 228 et
512 205 641 239 graves,
679 197 710 224 et
738 192 818 224 dum
846 203 961 224 aurum
985 192 1172 236 colligitur,
1201 205 1278 227 eum
1307 205 1346 225 eo
1374 197 1544 225 remanent
1560 190 1580 235 ¹,
1619 198 1737 238 postea
1763 195 1907 238 separati
1934 195 2116 229 conflantur
2145 200 2177 229 et

236 250 269 281 in
296 248 471 292 plumbum
499 247 610 279 album
638 243 853 276 resolvuntur.

402 315 433 349 2,
487 314 628 357 Nigrum
662 311 838 355 plumbum
880 313 967 345 circa
1001 312 1211 346 Cantabriam
1247 313 1410 352 abundat,
1446 313 1536 346 cuius
1565 314 1662 358 origo
1697 310 1846 357 duplex⁴
1880 320 1937 345 est.

236 363 369 401 solum⁵
397 377 435 398 ex
462 376 518 397 sua
545 375 628 395 vena
655 363 787 406 prodit,
816 369 870 396 aut
898 376 973 398 cum
1001 370 1141 409 argento
1169 366 1312 397 nascitur
1340 364 1512 408 mixtisque
1535 366 1624 397 venis
1658 366 1830 399 conflatur.

907 240 1013 277 lnde²
1044 249 1076 276 et
1103 245 1220 277 eadem
1247 246 1392 289 gravitas
1412 245 1552 288 plumbi,
1580 256 1665 288 quae
1693 245 1761 277 auri
1789 250 1837 278 est
1852 242 1873 277 ³.

1991 315 2059 347 Aut
2090 315 2178 347 enim

1883 365 1989 397 Huius
2026 361 2177 409 primus⁶

235 420 266 452 in
294 417 481 451 fornacibus
507 416 618 459 liquor
644 420 791 447 stannum
821 421 878 457 est,
906 413 1093 450 secundus⁷
1128 421 1323 461 argentum,
1358 415 1449 459 quod
1478 422 1625 449 remanet
1651 416 1866 462 superaddita
1892 428 1975 449 vena
2002 428 2177 460 rursusque

236 470 387 511 conflata,
414 468 452 500 fit
475 467 604 512 nigrum
634 467 818 511 plumbum.

398 535 431 568 3.
484 536 578 568 ludia
604 547 712 579 neque
739 548 804 577 aes,
832 547 939 579 neque
967 533 1165 580 plumbuma
1192 535 1305 576 habet,
1333 535 1475 580 gemmis
1502 540 1627 568 tantum
1655 541 1686 569 et
1713 537 1897 582 margaritis
1924 535 2010 569 haec
2039 547 2176 580 permu-

231 594 278 621 tat
291 584 312 620 ⁹.
1114 584 1136 603 ¹⁰

234 640 418 684 plumbum.

367 588 474 633 Nigro
503 588 643 632 plumbo
671 587 714 619 ad
742 587 866 619 fistulas
894 589 1098 631 laminasque

800 741 828 775 C
854 742 884 774 A
912 742 949 775 P.
1004 742 1126 774 xxlli.

399 827 430 859 l.
485 828 599 860 Stanni
627 827 833 872 etymologia
862 825 1100 872 (ἱποχωρίζων,
1129 827 1163 860 id
1192 833 1240 860 est
1267 839 1421 872 separans

1164 587 1294 620 utimur.

473 635 593 672 Nam¹¹
622 640 653 671 in
681 639 848 671 Britannia
876 651 1004 673 summo
1033 646 1140 672 terrae
1168 639 1257 672 corio
1270 635 1302 672 ¹².

1206 742 1243 774 Ι)
1268 754 1286 774 e

1349 587 1561 619 Laboriosius
1588 588 1620 619 in
1647 587 1808 632 Hispania
1843 593 1874 621 et
1910 588 2020 621 Gallia
2055 588 2178 621 eruitur

1345 745 1609 774 stanno.

1437 824 1460 843 13

1488 833 1520 860 et
1546 839 1728 860 secernens.
1780 827 1891 860 Mixta
1917 828 2002 860 enim
2030 832 2062 860 et
2082 827 2176 859 adui-

233 884 336 912 terata
362 879 445 911 inter
472 890 506 911 se
539 889 600 922 per
626 879 738 923 ignem
766 879 901 911 metalla
929 879 1094 919 dissociat,
1123 885 1155 911 et
1182 880 1224 911 ab
1252 891 1333 912 auro
1358 885 1388 912 et
1417 885 1556 923 argento
1584 891 1638 911 aes
1662 879 1906 923 plumbumque
1931 879 2086 918 secernit,
2114 879 2177 910 alia

232 941 367 974 quoque
391 930 526 962 metalla
549 931 590 962 ab
617 930 695 974 igne
723 931 883 971 defendit,
913 935 945 962 et
969 942 1044 963 cuni
1071 931 1112 963 sit
1141 936 1257 964 natura
1283 931 1366 964 aeris
1393 930 1537 974 ferrique
1565 931 1748 971 durissima,
1770 931 1795 963 si
1823 932 1946 973 absque
1970 935 2086 963 stanno
2102 929 2177 963 sue-

232 982 283 1022 rit,
310 982 413 1014 uritur
441 987 473 1014 et
500 989 674 1015 crematur.

397 1041 429 1073 2.
484 1040 644 1074 Stannum
670 1041 790 1072 illitum
816 1041 918 1073 aereis
945 1042 1027 1074 vasis
1055 1053 1210 1086 saporem
1245 1042 1325 1076 facit
1357 1043 1566 1086 graviorem,
1601 1047 1633 1074 et
1661 1042 1845 1086 compescit
1879 1041 1965 1073 virus
2004 1040 2176 1084 aeruginis.

521 1089 543 1109 Η

231 1092 378 1135 Specula
408 1092 506 1125 etiam
571 1104 610 1125 ex
638 1103 678 1125 eo
699 1097 934 1136 temperantur.

783 1194 812 1227 C
839 1195 869 1226 A
898 1195 934 1228 P.
988 1195 1108 1229 XXlV.

397 1280 427 1312 l.
480 1280 653 1313 Electrum
687 1285 861 1322 vocatum,
897 1281 988 1323 quod
1027 1281 1071 1312 ad
1093 1280 1224 1312 radium
1260 1280 1340 1313 solis
1374 1280 1492 1313 clarius
1536 1291 1616 1312 auro
1655 1286 1864 1325 argentoque
1905 1281 2061 1312 reluceat.

962 1332 1176 1366 Desaecatius
1204 1337 1251 1365 est
1275 1332 1361 1365 enim
1389 1331 1456 1365 hoc
1483 1332 1654 1364 metallum
1683 1332 1835 1364 omnibus
1862 1331 2014 1364 metallis.

672 1329 694 1348 103
888 1329 898 1347 7

231 1331 317 1364 enim
344 1343 362 1363 a
385 1332 494 1376 poetis
522 1333 660 1365 Elector
724 1328 908 1367 vocatur-¹,

396 1391 429 1424 2.
484 1392 591 1424 Huius
622 1392 680 1424 tria
695 1388 718 1408 ¹⁵³
754 1403 888 1436 genera.

1187 1195 1268 1228 Dc

990 1092 1131 1126 Cerussa
1158 1105 1295 1137 quoque
1322 1105 1360 1126 ex
1389 1105 1440 1134 ρο,
1462 1089 1582 1127 sicut*
1605 1104 1644 1126 ex
1671 1093 1824 1137 plumbo,
1852 1093 2036 1126 conficitur.

1330 1196 1617 1230 electro.

2117 1280 2177 1313 Sol

943 1391 1074 1433 Unum,
1107 1392 1199 1435 quod
1231 1403 1270 1424 ex
1303 1392 1371 1436 pini
1400 1391 1573 1424 arboribus
1602 1392 1695 1432 ssuit,
1733 1392 1826 1436 quod
1855 1392 2022 1425 succinum
2049 1390 2178 1428 dicitur,

231 1442 369 1474 alterum
398 1444 570 1475 metallum
589 1441 620 1483 ¹⁹,
648 1443 740 1486 quod
769 1444 960 1476 naturaliter
987 1444 1160 1484 invenitur,
1189 1450 1221 1476 et
1248 1445 1279 1476 in
1308 1444 1416 1488 pretio
1444 1443 1607 1487 liabetur,
1642 1445 1790 1484 tertium,
1826 1444 1919 1487 quod
1946 1444 1984 1475 fit
2010 1442 2054 1475 de
2075 1441 2177 1474 tribus

230 1493 379 1537 partibus
407 1496 476 1526 auri
505 1500 536 1526 et
563 1496 692 1539 argenti
720 1507 792 1527 una.

847 1495 938 1535 Quas
965 1501 1086 1539 partes,
1111 1497 1210 1528 etiam
1237 1496 1262 1528 si

230 1549 352 1577 teresse
365 1541 390 1560 ²³
417 1543 575 1586 natun1²¹,
603 1558 644 1578 an
672 1547 808 1587 factum,
837 1553 1013 1590 utrumque
1041 1549 1127 1580 enim
1156 1547 1303 1579 eiusdem

1275 1492 1301 1512 ²⁰
1328 1495 1474 1527 naturale
1494 1495 1600 1527 solvas
1613 1491 1637 1511 ²¹
1876 1495 1977 1529 Unde
1986 1490 2011 1510 ²²
2030 1493 2110 1526 nihil
2127 1493 2178 1525 in—

1320 1543 1344 1563 ²⁵
1371 1551 1506 1578 naturae
1534 1552 1590 1578 est.

1641 1521 1649 1537 ,
1672 1496 1824 1529 invenies.

395 1605 429 1637 3.
483 1605 667 1647 Electrum,
694 1606 786 1648 quod
816 1608 962 1639 naturale
991 1604 1082 1647 estffi,
1109 1607 1271 1641 eiusmodi
1298 1611 1434 1639 naturae
1461 1602 1560 1645 est²⁷,
1593 1612 1629 1639 ut
1658 1607 1690 1638 in
1725 1606 1876 1639 convivio
1912 1610 1944 1637 et
1978 1605 2021 1637 ad
2051 1604 2177 1636 lumina

231 1655 351 1688 clarius
380 1656 504 1689 cunctis
530 1657 672 1689 metallis
699 1658 845 1702 fulgeat,
883 1664 914 1690 et
936 1671 1097 1692 venenum
1131 1659 1264 1703 prodat.

1318 1659 1406 1690 Nam
1442 1657 1468 1690 si
1494 1668 1534 1690 eo
1547 1654 1573 1674 ²⁹
1607 1658 1761 1690 infundas
1794 1668 1967 1696 venenum,
2001 1655 2176 1688 stridorem

233 1706 301 1738 edit
328 1712 359 1739 et
386 1708 516 1741 colores
540 1709 646 1741 varios
668 1708 699 1741 in
727 1710 866 1742 modum
896 1722 989 1743 arcus
1017 1712 1169 1745 coelestis
1197 1710 1323 1743 emittit.

318 1828 343 1857 1)
363 1833 533 1855 rsmancant
556 1838 602 1855 va.
627 1844 665 1849 —
698 1827 727 1867 2)
747 1828 825 1856 Inest
848 1829 880 1858 Z.
903 1845 944 1851 —
965 1832 993 1866 3)
1017 1835 1059 1856 :st
1082 1828 1185 1857 addidi

232 1876 247 1894 e
271 1865 327 1893 GU·
345 1869 369 1897 1⁴
386 1871 416 1898 2.
442 1887 477 1890 —
505 1870 658 1908 4)t1·2·plf.r
681 1871 711 1898 Z.
735 1887 776 1891 -—
801 1872 829 1906 5)
847 1872 932 1898 solus
955 1872 984 1900 Z,
1009 1888 1049 1893 —
1073 1874 1100 1908 6)
1117 1873 1185 1909 pri-

232 1919 315 1936 mum
338 1910 368 1936 Z.
390 1928 423 1930 —
451 1914 477 1945 7)
502 1912 666 1941 secandam
691 1914 719 1940 Z.
745 1932 782 1935 —
807 1912 837 1953 8)
851 1915 899 1942 Sic
922 1915 952 1944 Z.
979 1915 1035 1943 Gu.
1054 1917 1079 1945 1.
1098 1917 1127 1945 2.
1146 1933 1183 1936 ——

232 1961 326 1989 neque
344 1952 460 1990 plumb.
492 1965 583 1992 neque
607 1967 657 1982 ‹tc-5
686 1956 766 1994 vulg.
790 1973 833 1978 -u
862 1956 890 1994 9)
910 1963 1105 1995 permutatur
1129 1958 1184 1984 Gu.

232 1996 261 2024 2.
287 2012 323 2016 -
348 2000 529 2031 pernotatur
557 2000 612 2025 Gu.
635 2001 660 2028 1.
689 2014 730 2019 -
769 1999 815 2035 10)
849 1999 896 2027 Sic
921 2001 968 2029 Ar.
1001 2011 1048 2028 va.
1077 2017 1110 2020 -
1137 2001 1184 2037 Ji-

232 2036 333 2063 SillltzS
366 2037 557 2076 lamina-sque
591 2040 653 2068 sine
690 2050 825 2079 praepos,
867 2041 911 2069 acl
947 2043 977 2071 Z.
1016 2043 1072 2071 Gu.
1100 2046 1125 2073 1.
1152 2059 1185 2062 —

224 2079 346 2116 fistulis
375 2080 557 2119 laminisque
588 2083 665 2119 vulg.
694 2099 734 2104 -
773 2086 817 2115 11)
840 2095 971 2123 namque
994 2095 1039 2114 va.
1064 2102 1103 2107 —
1138 2085 1184 2122 12)

233 2121 391 2159 colligitur
428 2122 496 2151 add.
533 2134 577 2152 va.
610 2140 648 2145 -
695 2128 736 2157 15)
769 2124 883 2154 dicitur
924 2127 993 2156 add.
1033 2128 1114 2165 vulg.
1144 2144 1187 2148 --

234 2163 299 2192 Om.
335 2165 365 2192 Z.
405 2164 458 2192 Gu.
491 2168 516 2196 1.
552 2175 598 2193 va.
636 2166 683 2193 Ar.
725 2168 870 2196 Graecum
905 2180 960 2198 om.
988 2180 1033 2208 pr.
1062 2187 1101 2192 --
1142 2168 1185 2208 Η)

235 2207 325 2233 eliam
356 2217 414 2236 om.
447 2207 503 2235 Gu.
531 2210 558 2238 1.
593 2223 632 2228 —-
670 2207 712 2245 15)
743 2216 823 2236 swa!
853 2217 878 2238 et
909 2213 957 2241 Ar.
982 2229 1019 2233 ——
1061 2211 1104 2250 16)
1136 2212 1185 2239 Sic

235 2248 264 2276 Z.
290 2250 346 2277 Gu.
369 2251 395 2280 1.
416 2251 444 2281 2.
471 2249 519 2279 Ar.
541 2267 579 2271 —
606 2250 731 2277 clasma
752 2252 832 2287 vulg.
862 2269 895 2273 —-
937 2257 983 2289 17)
1013 2255 1186 2292 appellatur

235 2300 282 2318 va.
304 2307 345 2312 —
375 2292 418 2328 18)
442 2298 512 2320 sunt
534 2292 603 2320 add.
628 2291 710 2328 vulg.
733 2308 774 2313 —
798 2295 862 2323 Om.
886 2297 916 2323 Z.
946 2298 1001 2324 Gu.
1027 2301 1053 2327 1.
1080 2300 1106 2328 2.
1138 2307 1184 2335 pr.

236 2343 281 2361 va.
311 2332 360 2362 Ar.
391 2349 432 2355 —-
470 2337 513 2368 19>
535 2334 650 2362 dicitur
671 2333 737 2364 add.
765 2335 821 2363 Gu.
848 2339 872 2366 1.
895 2341 922 2369 2,
944 2355 985 2359 —
1016 2337 1063 2378 ΞΟ)
1095 2341 1186 2367 (tium

1229 1839 1285 1856 om.
1309 1838 1356 1855 va.
1388 1846 1424 1850 —
1459 1830 1505 1864 21)
1529 1827 1577 1855 Sic
1602 1828 1658 1855 Gu.
1681 1831 1708 1858 1.
1740 1830 1767 1858 2.
1799 1837 1844 1865 pr.
1874 1837 1919 1856 va.
1944 1827 1992 1855 Ar.
2017 1842 2055 1848 —
2085 1831 2176 1853 natu-

1228 1881 1296 1898 rum
1318 1870 1454 1898 resolvas
1475 1870 1555 1908 vulg.
1584 1886 1623 1891 —
1648 1873 1691 1903 ε22)
1723 1868 1806 1897 Unde
1828 1875 1853 1896 et
1874 1869 1968 1907 vulg,
1993 1868 2045 1897 sed
2067 1873 2094 1896 et
2117 1878 2176 1898 om.

1230 1915 1286 1941 Gu.
1309 1916 1334 1944 1.
1359 1916 1386 1943 2.
1408 1923 1454 1941 va.
1472 1913 1520 1943 Ar.
1536 1929 1577 1933 —
1600 1914 1644 1949 2¹3)
1662 1913 1709 1940 Sic
1726 1913 1759 1941 Z.
1775 1912 1833 1941 Cu.
1854 1914 1879 1943 1.
1900 1914 1929 1942 2.
1944 1922 1989 1940 va.
2007 1913 2176 1939 -interest

1228 1956 1307 1994 vulg.
1326 1972 1362 1976 —
1394 1954 1440 1994 Ἥ)
1463 1957 1503 1982 stt
1527 1955 1594 1983 add.
1618 1956 1698 1993 vulg.
1719 1971 1760 1976 —-
1779 1955 1845 1983 Om.
1861 1955 1889 1982 Z.
1904 1955 1959 1982 Gu.
1978 1957 2002 1984 1.
2020 1956 2047 1985 2.
2070 1964 2117 1982 va.
2133 1968 2175 1975 —

1228 2016 1260 2019 —
1290 1997 1335 2036 2²5)
1357 1998 1454 2026 huius
1476 1999 1506 2025 Z.
1527 2015 1567 2020 --
1613 2000 1659 2035 Es»)
1683 1999 1731 2026 Sic
1754 1998 1811 2027 Gu.
1837 2000 1863 2027 1.
1884 2014 1920 2018 —-
1949 1995 2034 2035 qnod
2053 2001 2095 2023 est
2109 2001 2173 2024 nat.

1229 2041 1309 2078 vulg.
1326 2057 1367 2062 -—-
1390 2046 1431 2068 cst
1454 2051 1511 2069 om.
1543 2041 1599 2071 Cu,
1624 2044 1652 2072 2.
1685 2057 1725 2062 —
1760 2043 1806 2077 27)
1830 2045 1960 2068 naturae
1982 2050 2037 2078 pro
2060 2044 2175 2066 natura

1229 2085 1258 2111 Z.
1285 2085 1340 2112 Gu.
1360 2086 1384 2113 1.
1409 2093 1456 2111 va.
1480 2083 1529 2111 Ar.
1556 2101 1593 2105 —
1632 2082 1677 2122 25)
1701 2085 1733 2111 in
1757 2094 1787 2110 co
1810 2093 1855 2111 va.
1887 2098 1929 2103 —
1965 2083 2012 2118 ΞΒ)
2035 2081 2099 2109 Hoc
2122 2091 2175 2108 ca-

1230 2131 1285 2164 put
1306 2136 1361 2153 om.
1385 2125 1450 2153 cod,
1476 2127 1581 2153 Zittav.
1603 2141 1644 2146 —
1666 2124 1715 2165 30)
1739 2136 1898 2163 agnoscere
1921 2125 1976 2152 Gu.
2000 2127 2026 2154 1.
2052 2141 2089 2145 -—
2126 2121 2173 2162 31)

1231 2168 1293 2196 Lib.
1317 2167 1446 2206 Sapient.
1474 2172 1519 2203 11,
1543 2170 1592 2199 31.
1615 2185 1656 2189 —
1694 2168 1744 2206 32)
1761 2170 1839 2196 enim
1862 2166 1963 2195 addidi
1989 2177 2004 2195 e
2029 2167 2084 2194 Gu.
2101 2169 2125 2196 1.
2143 2167 2172 2195 2-

1228 2221 1274 2239 va.
1298 2211 1349 2238 Ar.
1381 2227 1419 2230 —
1457 2210 1503 2250 30¹)
1528 2211 1575 2238 Sic
1611 2211 1668 2240 Gu.
1696 2213 1720 2241 1.
1746 2213 1774 2241 2.
1801 2227 1835 2231 —
1863 2209 1985 2248 pondus
2008 2214 2069 2239 nat.
2093 2206 2173 2243 vulg.

1228 2269 1268 2274 -
1298 2255 1342 2285 3⁴)
1370 2263 1486 2292 quoquc
1509 2253 1611 2281 addidi
1635 2263 1650 2281 e
1682 2253 1738 2281 Gu.
1760 2257 1787 2284 1.
1809 2256 1838 2284 2.
1870 2263 1917 2284 va.
1945 2252 1994 2280 Ar.
2018 2267 2057 2272 —-
2087 2247 2173 2287 quid-

1229 2306 1284 2334 que
1308 2305 1353 2333 pr.
1384 2311 1425 2317 —
1463 2296 1510 2333 35)
1526 2296 1574 2324 Sic
1598 2300 1693 2325 totum
1716 2296 1815 2323 locum
1840 2295 1980 2323 exhibent
2003 2293 2059 2320 Gu.
2083 2295 2106 2322 1.
2122 2291 2171 2320 Ar.

1227 2355 1261 2359 —
1284 2337 1370 2375 Vulg.
1394 2337 1467 2367 haec
1490 2343 1623 2367 tantum:
1655 2339 1780 2366 Primus
1802 2339 1918 2375 Jstes
1939 2337 1971 2363 in
1992 2334 2107 2362 heremo
2121 2334 2171 2371 fi-
