2255 2819
211 123 285 158 6⁰0

907 112 1084 147 ISIDORI
1109 111 1288 145 HISPAL.
1316 112 1460 148 EPISC.

376 211 409 244 4.
462 202 667 249 Pleraeque¹
697 208 807 237 autem
843 206 983 238 vestium
1019 211 1074 239 aut
1101 201 1147 239 a²
1175 210 1347 249 tempore,
1384 217 1452 249 quo
1487 207 1629 240 maxime
1656 208 1688 240 in
1715 219 1777 240 usu
1803 212 1892 249 sunt,
1929 208 2151 252 appellantur,

214 272 270 300 aut
293 277 312 298 a
339 263 431 304 locis,
458 261 515 294 ubi
543 258 597 290 vel
618 256 762 301 primum
791 256 964 290 confectae
981 254 1003 298 ³,
1037 258 1090 290 vel
1127 258 1269 290 maxime
1302 256 1548 301 venditantur⁴,
1584 263 1639 292 aut
1675 272 1694 292 a
1720 271 1844 304 genere
1872 260 2012 301 coloris,
2050 266 2106 292 aut
2134 272 2152 292 a

214 317 345 351 nomine
371 316 588 357 repertorum.

377 364 410 396 5.
463 360 570 394 Vestis
595 358 816 401 antiquissima
843 357 1017 391 hominum
1054 359 1115 391 fuit
1148 360 1388 403 perizomatum

679 410 758 443 Hoc
781 410 926 454 primum
954 411 1051 455 primi
1078 412 1233 443 mortales
1261 423 1278 443 e
1306 411 1391 444 foliis
1419 412 1574 445 arborum
1607 414 1669 446 sibi
1704 414 1870 454 fecerunt,
1905 413 2041 457 quando
2077 419 2154 457 post

213 416 367 464 genitalia
396 415 627 456 conteguntur.

1404 355 1434 401 ⁵,
1468 361 1502 393 id
1537 367 1585 395 est
1623 361 1897 402 succinctorium,
1924 372 1992 405 quo
2027 367 2154 395 tantum

213 466 529 515 praevaricationem
552 463 781 496 erubescentes
808 462 967 505 pudenda
1001 463 1150 495 velarunt
1166 460 1186 494 ⁶.
1241 463 1341 495 Cuius
1376 474 1469 495 usum
1505 465 1670 506 quaedam
1706 466 1868 498 barbarae
1901 470 2035 509 gentes,
2071 465 2153 498 dum

212 516 306 554 sunt²
334 516 462 556 nudae,
497 525 602 558 usque
627 513 733 546 hodie
760 518 880 546 tenent.

935 515 1030 546 Haec
1058 519 1089 547 et
1116 515 1314 558 campestria
1341 520 1590 559 nuncupantur,
1617 527 1679 560 pro
1707 528 1757 557 eo,
1786 517 1879 561 quod
1907 516 2031 549 eisdem
2058 516 2153 550 iuve-

212 583 279 611 nes,
307 570 363 613 qui
390 568 468 600 nudi
497 570 690 599 exercentur
716 565 748 596 in
776 576 908 609 campa,
936 565 1095 609 pudenda
1124 566 1286 610 operiunt.

374 619 408 652 (5.
461 618 593 651 Tunica
619 617 716 649 vestis
744 617 965 659 antiquissima
989 618 1175 661 appellata,
1215 618 1291 660 quia
1326 614 1384 650 inS
1417 623 1510 650 motu
1545 617 1724 651 incedentis
1752 630 1868 652 sonum
1896 619 1985 652 facit.

563 669 712 702 Primum
739 673 849 700 autem
876 669 969 701 fuere
997 669 1125 701 tunicae
1153 665 1350 713 1)elliceae⁰,
1385 670 1504 712 quibus
1531 674 1609 714 post
1643 669 1802 703 offensam
1830 677 1863 703 et
1889 670 2084 703 eiectionem
2110 670 2154 702 de

213 675 297 707 enim
328 683 426 705 sonus
454 676 510 703 est.

212 725 366 770 paradiso
394 722 501 755 Adam
529 725 562 753 et
588 721 659 753 Eva
685 719 789 751 induti
816 724 897 752 sunt.

2038 618 2154 651 Tonus

378 774 409 806 ἴ.
464 772 595 805 Talaris
616 771 726 804 tunica
753 771 860 808 (licta,
888 782 928 803 eo
957 771 1048 814 quod
1076 771 1119 802 ad
1133 768 1155 787 ¹⁰
1182 772 1265 803 talos
1293 783 1396 814 usque
1424 771 1624 811 descendat,
1652 777 1685 804 et
1708 771 1750 803 ad
1778 772 1882 815 pedes
1910 772 2044 813 defluat,
2072 772 2154 806 sicut

213 826 403 872 pectorali5‚
431 824 507 867 quia
535 823 626 867 apud
650 823 799 865 antiquos
826 823 932 854 brevis
960 827 1039 863 erat,
1062 827 1096 855 ut
1120 827 1245 855 tantum
1273 829 1389 867 pectus
1417 824 1573 868 operiret,
1601 823 1679 856 licet
1705 834 1791 856 nunc
1816 823 1983 868 profusior
2009 820 2102 856 estu.

377 875 409 909 8.
462 871 702 917 Manicleata¹2
734 875 862 915 tunica,
904 873 937 906 id
973 879 1021 906 est
1054 874 1233 915 manicata,
1269 886 1310 907 eo
1343 876 1435 918 quod
1472 875 1597 907 habeat
1637 875 1803 916 manicas,
1848 886 1948 918 quam
1989 870 2154 921 χειροδύ-

213 944 275 977 την
292 925 314 945 ¹³
342 927 465 961 Graeci
488 931 618 960 vocant.

376 978 409 1010 9.
463 977 650 1011 Dalmatica
676 977 771 1009 vestis
798 977 941 1020 primum
969 977 1001 1008 in
1028 976 1195 1009 Dalmatia
1228 977 1400 1020 provincia
1425 973 1623 1009 Graeciae¹¹
1650 981 1739 1010 texta
1753 973 1775 993 ¹⁵
1803 982 1868 1016 est,
1902 976 2011 1009 tunica
2044 987 2154 1009 sacer-

214 1031 331 1063 dotalis
359 1029 504 1062 candida
531 1040 606 1061 cum
635 1028 737 1061 clavis
765 1039 803 1059 ex
830 1039 987 1071 purpura.

491 1075 672 1118 Russata'ss,
700 1090 798 1122 quam
827 1079 949 1111 Graeci
976 1078 1198 1122 phoeniceam
1214 1076 1235 1095 Π
1274 1084 1410 1118 vocant,
1448 1090 1506 1111 nos
1534 1078 1725 1112 coccineam
1740 1075 1773 1118 ¹³,
1800 1084 1932 1123 reperta
1946 1075 1968 1095 ¹⁰
2003 1091 2022 1110 a
2045 1078 2155 1112 Lace-

214 1132 396 1165 daemoniis
425 1131 465 1162 ad
495 1130 672 1163 celandum
701 1131 820 1163 coloris
847 1130 1057 1161 similitudine
1084 1130 1287 1173 sanguinem,
1320 1131 1472 1173 quotiens
1493 1131 1565 1173 quis
1592 1130 1623 1161 in
1652 1130 1722 1163 acie
1743 1131 1977 1167 vulneraretur,
2005 1141 2046 1162 ne
2073 1140 2156 1163 con-

213 1183 385 1228 templanti
423 1182 609 1215 adversario
646 1182 772 1214 animus
807 1187 1011 1225 augesceret.

214 1236 311 1268 etiam
353 1234 467 1266 russati
503 1230 751 1265 vocabantur²¹.
804 1232 944 1264 Solebat
960 1230 983 1248 Ἠ
1131 1228 1156 1247 ²²

1020 1232 1118 1263 etiam

1064 1181 1140 1213 Hac
1152 1178 1176 1196 ²⁰

1190 1232 1314 1275 pridie,

1210 1181 1272 1212 sub
1303 1182 1490 1215 consulibus
1527 1182 1669 1213 Romani
1704 1182 1750 1213 usi
1787 1187 1860 1214 sunt
1891 1182 2028 1221 milites,
2066 1180 2155 1213 unde

1359 1244 1458 1275 quam
1494 1232 1720 1265 dimicandum
1747 1238 1846 1271 esset,
1883 1237 1955 1265 ante
1991 1232 2156 1276 principia

214 1287 292 1331 poni
307 1283 342 1325 ²⁴,
370 1286 462 1327 quasi
490 1285 672 1317 admonitio
701 1289 732 1315 et
759 1283 916 1316 indicium
947 1283 1075 1315 futurae
1104 1294 1249 1327 pugnae.

378 1336 437 1369 ll.

214 1389 298 1421 (litos
327 1399 398 1420 acu.

490 1336 651 1370 Laculata
675 1341 732 1375 est,
758 1347 843 1378 quae
871 1336 962 1368 lacus
989 1334 1167 1378 quadratos
1197 1334 1359 1377 quosdam
1396 1345 1470 1367 cun]
1506 1334 1634 1378 pictura
1670 1332 1774 1366 habet
1808 1335 1970 1373 intextos,
2005 1338 2060 1366 aut
2094 1333 2156 1365 ad-

313 1438 537 1483 Hyacinthina
565 1438 661 1470 vestis
690 1443 736 1470 est
763 1449 862 1470 aereo
878 1434 902 1454 ²⁵
930 1437 1045 1470 colore
1073 1437 1300 1481 resplendens,

382 1490 437 1524 12.

215 1541 403 1573 malvellam
412 1537 448 1573 ²⁸.

491 1490 701 1523 Molochinia
713 1486 748 1529 π’,
775 1501 860 1533 quae
888 1489 1071 1521 malvarum
1084 1487 1105 1504 Ἠ
1135 1489 1273 1521 stamine
1295 1487 1480 1527 conficitur,
1508 1498 1608 1529 quam
1637 1487 1690 1519 alii
1719 1487 1918 1520 molocinam
1947 1492 2077 1527 vocant,
2103 1486 2157 1518 alii

380 1591 437 1623 13.
490 1591 690 1624 Bombicina
717 1596 765 1624 est
777 1587 802 1607 ²⁰
829 1602 847 1623 a
874 1591 1031 1624 bombice
1057 1591 1252 1630 vermiculo,
1279 1590 1338 1633 qui
1365 1588 1554 1634 longissima
1581 1589 1638 1622 fila
1665 1600 1705 1621 ex
1731 1600 1765 1621 se
1779 1586 1805 1605 ³⁰
1831 1594 1988 1633 generat,
2016 1599 2156 1631 quorum

216 1648 342 1675 textura
369 1643 598 1676 bombicinum
624 1643 752 1681 (licitur,
780 1643 1023 1686 conficiturque
1050 1643 1083 1675 in
1110 1643 1214 1675 insula
1238 1641 1349 1677 Choo.

317 1694 528 1738 Apocalama
541 1695 564 1726 *.

380 1745 438 1778 14.
491 1745 606 1779 Serica
633 1756 652 1777 a
680 1744 785 1778 serico
813 1744 913 1788 dicta,
942 1745 995 1777 vel
1021 1744 1115 1788 quod
1139 1755 1212 1777 eam
1239 1743 1336 1776 Seres
1359 1741 1457 1787 primi
1483 1741 1649 1775 miserunt.

305 1834 333 1873 1)
362 1836 506 1874 Pleraque
531 1837 587 1865 Gu.
610 1840 636 1868 1.
665 1852 707 1858 —
745 1834 776 1875 2)
799 1847 819 1863 a
842 1846 899 1864 om.
929 1837 985 1864 Gu.
1010 1839 1037 1866 1.
1062 1852 1103 1857 —
1134 1838 1165 1873 3)

219 1878 369 1913 confectae
392 1878 493 1906 addidi
516 1890 530 1907 e
553 1880 609 1907 Gu.
632 1882 657 1909 1.
678 1882 706 1910 2.
730 1889 776 1907 va.
805 1879 855 1907 Ar.
875 1896 909 1899 —
937 1881 968 1915 4)
992 1879 1039 1906 Sic
1065 1879 1119 1906 Gu.
1138 1882 1165 1909 1.

219 1922 248 1951 2.
272 1919 321 1947 Ar.
344 1919 388 1947 ed.
412 1921 497 1949 Goth.
522 1937 562 1943 —
587 1920 782 1949 vendicantur
799 1921 877 1958 vulg.
896 1937 932 1941 —
971 1920 1000 1961 5)
1015 1932 1167 1959 [mumma

220 1962 269 1989 Ar.
292 1977 334 1982 ——
371 1964 397 1999 6)
415 1963 462 1990 Sic
487 1964 540 1993 Gu.
559 1968 585 1994 1.
610 1964 660 1992 Ar.
684 1980 720 1985 —
745 1965 918 1992 velaverunt
942 1964 997 1994 Gu.
1019 1968 1046 1995 2.
1070 1964 1104 1993 al,
1126 1979 1166 1984 -—

220 2003 362 2031 velabant
386 2005 466 2041 vulg.
490 2021 529 2026 —
564 2006 592 2044 7)
617 2012 687 2034 San!
711 2016 764 2044 pro
787 2008 847 2033 sint
872 2007 926 2036 Gn.
960 2010 984 2036 1.
1008 2022 1050 2027 -—
1086 2010 1111 2038 S)
1136 2007 1166 2032 ιή

221 2056 278 2075 oin.
303 2046 358 2074 Gu.
386 2049 412 2077 1.
437 2062 476 2067 -—-
499 2048 528 2083 9)
553 2048 600 2075 Sic
624 2048 680 2078 Gu.
698 2051 724 2079 1.
741 2051 768 2079 2.
792 2067 830 2071 --
850 2049 922 2086 pell.
947 2054 1008 2076 tun.
1031 2049 1167 2085 vulg.—

222 2086 268 2127 10)
287 2087 330 2116 ad
351 2098 410 2117 om.
434 2098 480 2116 va.
506 2105 540 2109 -
569 2094 611 2122 11)
638 2091 686 2118 Sic
711 2092 767 2121 Gu.
795 2093 822 2122 1.
844 2093 874 2120 2.
898 2091 934 2118 al.
956 2106 996 2112 —
1022 2093 1062 2118 sit
1086 2091 1166 2127 vulg.

221 2146 263 2152 -—
288 2131 329 2159 De
343 2130 509 2158 indicativo
532 2135 599 2168 post
620 2132 688 2159 licet
712 2133 781 2161 vide
799 2133 994 2160 Ruddimann.
1028 2133 1114 2162 Imtt.
1137 2133 1168 2160 L.

222 2173 282 2201 Lat.
306 2172 338 2200 T.
361 2172 396 2200 11.
421 2183 448 2210 p.
473 2173 542 2203 346.
565 2177 625 2201 not.
648 2176 675 2203 9.
700 2191 736 2195 —
773 2178 811 2211 [2)
834 2176 1002 2202 Manis-leta
1028 2176 1084 2202 Gu.
1105 2178 1129 2205 1.
1153 2184 1168 2202 e

223 2225 279 2243 ras.
304 2231 337 2235 —
367 2215 549 2242 Menalcam
572 2214 632 2250 Ar„
664 2216 742 2252 quod
774 2217 803 2243 in
828 2217 926 2246 Closs.
957 2222 1000 2246 est
1023 2218 1170 2245 Mmmlfflz

224 2257 320 2295 χειρίς.
345 2273 386 2279 —-
410 2259 453 2295 13)
476 2253 648 2295 χειριὸώτον
670 2257 718 2286 Ar.
742 2274 783 2278 —
810 2260 848 2290 14)
876 2261 1021 2287 (hamme
1043 2270 1100 2288 oni.
1124 2269 1169 2287 va.

224 2315 264 2321 -—
296 2299 341 2334 15)
363 2304 498 2326 contexta
522 2300 578 2326 Gu.
599 2301 627 2330 2.
648 2314 691 2320 -—
720 2299 765 2334 16)
789 2300 907 2328 lio-suta
931 2303 987 2329 Gu.
1011 2305 1036 2333 1.
1061 2313 1106 2330 va.
1128 2318 1168 2322 —

228 2343 270 2377 17)
289 2341 436 2377 feniciam
459 2342 514 2369 Gu.
542 2344 568 2371 1.
587 2342 616 2371 2.
639 2355 679 2362 —
712 2342 753 2376 18)
778 2343 928 2370 succinam
952 2345 1008 2372 Gu.
1032 2347 1057 2375 1.
1083 2346 1110 2373 2.
1130 2361 1167 2364 —

228 2380 272 2421 19)
289 2382 374 2421 Vulg.
398 2394 456 2421 rep.
474 2388 525 2419 est,
551 2382 603 2411 sed
621 2388 662 2410 est
685 2391 742 2410 om.
765 2382 821 2410 Gu.
842 2385 867 2412 1.
890 2386 936 2412 Ar.
956 2400 994 2405 —
1018 2387 1065 2422 20)
1080 2387 1169 2413 Hanc

1210 1836 1266 1863 Gu.
1294 1838 1321 1867 2.
1349 1851 1391 1855 —
1427 1833 1475 1870 21)
1496 1843 1568 1860 rosa
1597 1832 1764 1860 vocabatur
1790 1833 1847 1860 Gu.
1873 1835 1897 1862 1.
1923 1849 1955 1852 —
1984 1833 2080 1859 rasati
2109 1841 2155 1860 va.

1209 1894 1251 1899 --
1273 1878 1320 1914 02)
1346 1876 1485 1905 Solebam
1510 1875 1566 1904 Gu.
1589 1878 1615 1906 1.
1639 1879 1667 1907 2.
1692 1885 1737 1913 pr.
1760 1885 1805 1904 va.
1832 1889 1869 1895 -—·
1907 1876 1952 1908 23)
1975 1874 2023 1902 Sic
2046 1874 2103 1902 Gu.
2130 1876 2156 1904 1.

1210 1923 1239 1951 2.
1264 1930 1308 1948 va,
1335 1919 1382 1948 Ar.
1406 1937 1442 1940 —
1467 1919 1545 1945 enim
1566 1918 1645 1955 vulg.
1674 1933 1716 1939 —-
1750 1918 1796 1956 24)
1821 1917 1953 1955 proponi
1975 1916 2031 1944 Gu.
2055 1917 2083 1946 2.
2111 1926 2156 1943 va.

1210 1964 1260 1990 Ar.
1278 1980 1315 1985 —
1341 1963 1387 1997 25)
1411 1961 1458 1989 Sic
1482 1960 1539 1988 Gu.
1564 1963 1587 1990 1.
1605 1962 1633 1991 2.
1657 1970 1704 1989 va.
1729 1959 1765 1988 al.
1783 1975 1825 1982 -—-
1840 1960 1922 1986 aerio
1946 1959 2026 1996 vulg.
2048 1973 2090 1979 —-
2110 1960 2156 1994 25)

1210 2005 1259 2032 Sic
1286 2004 1368 2033 Arev.
1388 2019 1429 2025 —
1452 2002 1615 2030 Molocima
1638 2002 1717 2039 vulg.
1741 2018 1782 2023 —
1804 2002 1972 2029 Malocinia
1997 2001 2053 2029 Gu.
2081 2002 2108 2029 1.
2129 2002 2156 2031 2.

1213 2063 1249 2068 --
1274 2046 1319 2085 27)
1338 2059 1352 2074 e
1374 2046 1465 2074 malz).
1488 2055 1534 2072 va.
1558 2045 1595 2074 al.
1620 2061 1656 2066 —
1680 2042 1727 2084 28)
1751 2044 1799 2072 Sic
1822 2044 1877 2074 Gu.
1900 2046 1926 2075 1.
1949 2059 1990 2065 —
2011 2043 2070 2070 alii
2090 2052 2157 2069 me-

1213 2090 1302 2117 locin.
1337 2089 1395 2116 alii
1431 2087 1560 2115 malive-ll.
1598 2097 1661 2116 voc.
1696 2087 1775 2124 vulg.
1799 2103 1836 2107 —
1874 2085 2035 2114 maloelam
2056 2083 2093 2112 al.
2115 2099 2157 2106 ·—-

1212 2132 1341 2159 arellam
1363 2141 1408 2157 va.
1434 2147 1469 2150 —
1496 2130 1602 2158 moloc.
1625 2139 1680 2168 pro
1703 2130 1804 2158 melae.
1838 2128 1944 2167 scripsi
1976 2137 2044 2156 cum
2068 2126 2155 2155 Arev.

1211 2190 1253 2194 —
1276 2173 1320 2211 2⁴2)
1344 2179 1386 2199 eat
1409 2183 1468 2202 om.
1502 2172 1558 2199 Gu.
1583 2175 1611 2203 2.
1636 2181 1681 2199 va.
1712 2187 1751 2193 —-
1787 2170 1833 2210 30)
1858 2171 1907 2199 Sic
1931 2171 1987 2200 Gu.
2012 2172 2039 2200 1.
2063 2183 2101 2190 -·
2124 2178 2156 2194 θῶ·

1211 2216 1317 2252 sefila
1340 2215 1419 2253 vulg.
1444 2230 1484 2236 -
1518 2225 1550 2241 fx
1579 2225 1609 2241 Se
1631 2224 1687 2242 om.
1711 2214 1767 2243 Gu.
1790 2216 1817 2245 2.
1847 2228 1888 2236 --
1920 2213 1969 2249 31)
1989 2218 2100 2240 stamen
2124 2220 2156 2237 ez

1211 2258 1274 2285 lino
1302 2259 1356 2286 Gu.
1375 2262 1398 2288 1.
1422 2273 1462 2279 -
1491 2258 1620 2284 stamine
1642 2257 1705 2284 lino
1728 2256 1784 2285 Gu.
1809 2258 1837 2287 2.
1872 2271 1913 2277 --
1946 2252 1995 2291 32)
2020 2253 2155 2290 Olopur-

1206 2310 1292 2338 pura
1315 2300 1369 2327 Gu.
1405 2302 1430 2330 1.
1455 2301 1483 2329 2.
1513 2317 1550 2322 —-
1585 2299 1714 2335 Olosora
1743 2308 1789 2337 pr.
1819 2307 1864 2326 va.
1889 2314 1926 2319 -
1965 2293 2014 2334 33)
2037 2305 2070 2321 ex
2092 2299 2155 2322 tota

1206 2353 1301 2380 purp.
1331 2342 1386 2370 Gu.
1413 2346 1439 2373 1.
1475 2360 1512 2364 —
1548 2339 1596 2379 34)
1622 2342 1700 2368 Sunt
1724 2342 1778 2378 qui
1800 2345 1826 2366 et
1848 2349 1893 2367 va.
1920 2352 1961 2359 —
1994 2338 2043 2372 35)
2066 2336 2154 2364 bissi»

1211 2395 1282 2412 num
1307 2384 1364 2412 Gu.
1386 2387 1410 2414 1.
1436 2400 1477 2405 —
1505 2382 1551 2420 36)
1575 2393 1635 2410 esse
1657 2393 1713 2410 om.
1737 2392 1782 2411 va.
1810 2398 1844 2402 —
1869 2378 1917 2418 37)
1933 2379 1981 2407 Sic
2003 2378 2057 2407 Gu.
2076 2382 2100 2410 1.
2126 2382 2154 2413 2.
