2264 2830
778 108 1024 145 ORIGlNUM
1059 110 1202 145 LIBER
1230 112 1288 147 111.
1927 115 1999 148 103

690 252 1358 296 LIBERIII.

221 363 491 400 PRAEFATIO
519 364 605 398 ΜΒ.
633 364 799 397 TERTn
827 364 889 397 DE
917 363 1157 406 QUATUOR
1184 363 1519 406 SEQUENTlssL'S
1548 364 1834 401 DlSClPLlNlS.

219 451 479 485 Illutltemale'cu
491 446 515 467 ²⁷
542 449 660 483 Latine
697 449 817 484 dicitur
852 449 1043 483 doctrinalis
1072 450 1223 490 scientia,
1271 460 1356 493 quae
1384 448 1584 484 abstractam
1620 452 1807 485 considerat
1834 453 2000 496 quantita-

55 509 133 538 tem.
185 503 361 537 Abstracta
389 503 474 535 enim
502 503 664 545 quantitas
692 507 754 541 est,
783 513 882 546 quam
909 502 1078 535 intellectu
1113 514 1132 535 a
1160 502 1297 534 materia
1332 506 1520 544 separantes
1533 499 1557 518 ²⁸
1583 504 1636 536 vel
1673 504 1714 537 ab
1743 505 1813 537 aliis·
1843 504 2001 538 acciden—

55 556 161 596 tibus,
189 562 223 587 ut
250 559 298 587 est
319 566 396 599 par,
425 556 548 598 impar:
577 554 629 586 vel
658 554 700 586 ab
728 554 798 586 aliis
819 549 1090 587 huiuscemodi²⁹
1117 554 1148 586 in
1176 554 1247 586 sola
1275 553 1525 586 ratiocinatione
1552 559 1738 590 tractamus.
1793 555 1896 589 Cuius
1925 568 2001 600 <pe-

57 607 122 640 cies
148 612 221 640 sunt
234 611 388 649 quatuor,
413 606 447 638 id
475 612 523 638 est
534 602 559 622 ³⁰
582 605 809 647 Aritlunetica‚
838 604 978 644 Musica,
1007 602 1251 647 Geometria³¹,
1281 600 1535 640 Astronomia³².
1590 607 1810 641 Arithmetica
1825 614 1871 640 est
1901 608 2002 641 disci-

55 658 146 703 plina
172 659 385 691 numerabilis
412 658 601 701 quantitatis
613 654 638 674 ³³
663 657 845 691 secundum
873 669 918 692 se.
972 657 1102 690 Musica
1122 663 1169 690 est
1194 657 1390 701 disciplina,
1417 668 1503 700 quae
1529 656 1571 689 de
1591 660 1732 691 numeris
1762 660 1918 703 loquitur,
1945 659 2002 702 qui

54 710 87 743 in
114 709 199 744 sonis
226 706 474 743 inveniuntur³⁴.
529 709 721 742 Geometria
750 715 798 742 est
826 709 1002 754 disciplina
1030 708 1264 754 magnitudinis
1292 714 1323 741 et
1348 708 1541 741 formarum.
1596 710 1808 744 Astronomia
1830 717 1878 743 est
1904 709 2002 743 disci-

53 761 166 808 plina,
200 773 287 806 quae
314 773 429 796 cursus
458 761 650 795 coelestium
678 760 823 794 siderum
852 765 952 804 atque
980 761 1103 805 figuras
1131 760 1396 805 contemplatur,
1421 765 1520 803 atque
1547 772 1662 795 omnes
1684 761 1895 795 habitudines
1924 762 2003 794 stel—

55 815 172 848 larum.
225 814 317 855 Quas
345 813 534 859 disciplinas
561 813 720 858 deinceps
748 813 850 857 paulo
879 813 973 845 latius
1000 808 1273 854 indicabimusae’,
1314 818 1349 845 ut
1377 823 1488 846 earum
1516 823 1635 846 causae
1663 820 1893 859 competenter
1924 825 2002 858 po<—

55 867 117 900 sint
143 865 270 899 ostendi
284 862 318 897 ³¹⁵.

353 957 502 992 CAP.
556 958 581 991 l.
657 957 720 991 De
766 957 989 991 vocabulo
1039 957 1366 991 arithmeticae
1413 957 1704 1003 disciplinae.

225 1037 255 1071 1.
308 1035 528 1069 Arithmetica
564 1040 611 1068 est
648 1035 824 1079 disciplina
857 1046 1082 1068 numerorum.
1151 1034 1275 1068 Graeci
1312 1034 1398 1067 enim
1433 1036 1607 1068 numerum
1643 1032 1809 1082 α’ριθμόν
1836 1031 2001 1068 vocantu,

55 1089 166 1130 Quam
195 1088 371 1133 scriptores
398 1086 595 1121 secularium
623 1087 791 1120 literarum
818 1086 902 1120 inter
929 1087 1122 1131 disciplinas
1155 1086 1407 1120 mathematicas
1438 1086 1516 1120 ideo
1544 1087 1686 1132 primam
1723 1099 1792 1120 esse
1820 1088 2004 1124 voluerunt,

54 1141 210 1184 quoniam
221 1136 246 1156 ³⁸
272 1141 344 1183 ipsa
372 1143 407 1171 ut
433 1135 526 1180 sit³⁹‚
566 1138 656 1172 nulla
692 1139 756 1171 alia
783 1138 913 1184 indiget
939 1139 1123 1184 disciplina.

220 1190 252 1224 2.
305 1190 435 1224 Musica
462 1196 572 1223 autem
601 1196 633 1224 et
659 1187 888 1225 Geometriaffl
915 1196 948 1224 et
973 1190 1204 1230 astronomia,
1239 1201 1325 1233 quae
1356 1194 1536 1233 sequuntur
1548 1185 1591 1231 ⁴¹,
1626 1194 1661 1222 ut
1688 1189 1748 1222 sint
1771 1194 1871 1232 atque
1900 1189 2003 1221 subsi-

55 1249 158 1284 stant,
193 1243 282 1277 istius
308 1247 410 1287 egent
435 1242 568 1276 auxilio.

714 1325 785 1358 De
838 1324 1164 1358 auctoribus
1217 1326 1336 1358 eius.

219 1403 252 1436 3.
294 1398 468 1435 Numeri⁴²
489 1401 697 1446 disciplinam
724 1401 817 1446 apud
839 1401 990 1435 Graecos
1016 1402 1163 1446 primum
1191 1402 1421 1447 Pythagoram
1449 1406 1620 1434 autumant
1632 1396 1656 1416 ⁴³
1684 1400 1937 1444 conscripsisse,
1966 1412 2005 1433 ac

56 1455 177 1489 deinde
199 1466 217 1487 a
244 1453 455 1488 Nicomacho
481 1453 632 1487 diffusius
655 1465 725 1487 esse
751 1453 944 1497 dispositam
958 1449 992 1495 ¹⁴,
1021 1464 1123 1497 quam
1150 1453 1241 1498 apud
1269 1454 1405 1486 Latinos
1427 1453 1552 1498 primus
1569 1452 1745 1496 Apuleius,
1773 1451 1896 1484 deinde
1913 1451 2004 1484 Boe—

55 1508 117 1541 tius
143 1506 386 1540 transtulerunt.

575 1588 726 1623 CAP.
777 1589 818 1622 11.
897 1588 1037 1635 Quid
1088 1590 1159 1624 sit
1212 1600 1471 1623 numerus.

217 1667 381 1700 Numerus
408 1671 518 1699 autem
546 1670 594 1699 est
620 1665 799 1700 multitudo
827 1677 868 1700 ex
895 1667 1070 1701 unitatibus
1104 1668 1290 1701 constituta.
1344 1667 1432 1700 Nam
1460 1666 1561 1700 unum
1589 1675 1701 1698 semen
1727 1663 1855 1697 numeri
1872 1659 1893 1680 ¹⁵
1922 1675 1999 1700 esse,

55 1730 121 1753 non
147 1730 320 1752 numerum
349 1718 488 1751 dicimus
498 1714 532 1750 ⁴⁶.

55 1843 96 1850 —
117 1829 164 1864 23)
183 1827 231 1856 Sic
249 1828 305 1856 Gu.
320 1830 346 1859 1.
363 1844 400 1848 ——
423 1827 608 1866 singulatim
621 1827 670 1856 Ar.
689 1845 726 1850 -—
745 1827 910 1865 sigillatim
923 1827 1002 1865 vulg.
1048 1834 1074 1856 et
1088 1829 1190 1865 Asin,
1213 1827 1264 1856 sed
1280 1834 1306 1855 et
1324 1837 1380 1856 om.
1399 1828 1454 1855 Gu.
1467 1830 1493 1858 1.
1516 1841 1557 1849 —
1583 1827 1631 1863 33)
1655 1824 1887 1854 innumerabilis
1903 1825 1934 1854 Ζ.
1951 1834 1996 1852 va.

56 1887 93 1892 ——
117 1869 163 1908 24)
193 1869 311 1908 quidem
335 1870 390 1900 Gu.
408 1872 435 1901 1.
467 1889 505 1893 -—
546 1868 594 1910 25)
620 1881 719 1909 genus
749 1881 801 1898 nec
830 1871 929 1898 multa
951 1876 1003 1899 etc.
1047 1887 1088 1894 —
1111 1870 1330 1902 numeralis-al,
1357 1885 1398 1891 —-
1422 1869 1575 1897 numerata.
1596 1874 1702 1908 quant.
1726 1878 1781 1907 pro
1795 1867 1874 1906 vulg.
1892 1874 1996 1906 quant.

56 1913 113 1941 Gu.
128 1915 155 1942 1.
184 1928 225 1934 —
254 1914 302 1949 26)
324 1912 372 1940 Sic
395 1912 450 1944 Gu.
472 1916 497 1943 1.
519 1929 561 1934 —
590 1913 671 1942 nihil
692 1913 773 1951 vulg.
797 1928 838 1934 —
868 1913 1005 1951 Explicit
1048 1925 1131 1944 num.
1146 1912 1268 1942 exhibet
1282 1914 1338 1942 Gu.
1359 1916 1387 1943 1.
1410 1928 1451 1934 —
1481 1911 1530 1950 34)
1553 1912 1603 1940 Sic
1619 1912 1675 1942 Gu.
1693 1914 1719 1942 1.
1741 1926 1782 1932 —
1806 1912 1866 1939 inu.
1884 1912 1915 1938 in
1934 1921 1995 1938 son.

55 1955 138 1983 liber.
156 1954 267 1993 Incipit
277 1956 432 1994 praefatio
450 1954 486 1983 de
502 1961 634 1994 quatuor
649 1955 846 1995 sequentihus
862 1955 1004 1994 discipli-
1047 1957 1128 1995 vulg.
1150 1973 1187 1979 —
1211 1955 1260 1995 35)
1275 1955 1451 1983 indicamus
1464 1955 1494 1982 Z.
1512 1954 1568 1983 Gu.
1585 1957 1614 1986 2.
1633 1964 1680 1994 pr.
1705 1971 1743 1976 —
1767 1955 1814 1990 36)
1837 1952 1886 1980 Sic
1899 1953 1954 1982 Gu.
1968 1955 1994 1983 1-

55 1999 103 2027 nis
122 1997 178 2025 Gu.
198 2000 223 2029 1.
247 2008 293 2036 pr.
324 1998 457 2035 (explicit
476 1998 551 2026 liber
577 1998 651 2037 0111.)
680 2015 721 2020 —
751 1997 837 2027 Finit
859 1998 932 2027 liber
958 2009 1001 2026 se·
1043 2002 1072 2031 2.
1087 2003 1139 2029 Ar.
1164 2016 1202 2020 —
1222 2004 1353 2037 possunt
1368 1996 1486 2026 ostenda·
1501 1997 1532 2026 Z.
1554 2013 1597 2019 —
1620 2007 1763 2026 causa...
1780 1997 1881 2035 possit
1899 1995 1934 2023 al.
1954 2010 1994 2015 —

54 2038 191 2075 sunda-9,
221 2042 328 2078 incipit
351 2040 424 2068 liber
438 2040 492 2071 Ill.
509 2042 666 2080 praefatio
687 2040 723 2069 de
743 2047 878 2080 quatuor
898 2040 1001 2070 subse·
1038 2044 1160 2081 possint
1174 2043 1301 2080 agnosci
1318 2041 1398 2079 vulg.
1416 2056 1458 2061 -—
1478 2039 1524 2079 37)
1548 2039 1596 2068 Sic
1611 2040 1668 2068 Gu.
1685 2043 1712 2071 1.
1729 2055 1769 2059 —
1792 2037 1899 2066 dicunt
1913 2037 1992 2073 vulg.

57 2083 217 2122 quentibus
232 2083 414 2121 disciplinis.
430 2099 472 2104 -—
493 2086 542 2121 27)
566 2084 626 2113 Csr.
643 2084 813 2113 Cassiodor.
830 2083 999 2113 Mathemat.
1046 2103 1083 2108 —
1107 2087 1152 2121 38)
1179 2086 1254 2123 quia
1277 2084 1317 2113 al.
1340 2099 1383 2106 —
1405 2093 1462 2122 quo
1487 2082 1524 2112 aL
1545 2098 1584 2104 —
1608 2086 1655 2119 39)
1678 2082 1747 2122 ipsa
1769 2092 1828 2109 non
1842 2082 1881 2108 sit
1898 2080 1928 2107 Z.
1953 2097 1989 2101 —›

56 2136 86 2165 p.
104 2127 172 2158 567.
195 2135 330 2164 seqq.——
353 2124 398 2163 28)
421 2135 600 2163 separamus
615 2127 651 2158 al.
669 2144 707 2148 —-
730 2126 775 2166 29)
791 2127 839 2155 Sic
854 2127 909 2155 Gu.
931 2130 956 2157 1.
973 2130 1002 2159 2.
1045 2133 1079 2155 ut
1097 2129 1137 2155 sit
1161 2127 1200 2156 al.
1221 2143 1263 2149 —
1284 2126 1333 2164 Δ40)
1358 2126 1545 2155 Geometrica
1562 2125 1618 2155 Gu.
1640 2129 1670 2158 2.
1703 2141 1745 2147 -
1779 2125 1826 2163 41)
1849 2128 1990 2151 secuntur

55 2178 102 2207 pr.
120 2178 165 2196 va.
182 2185 224 2190 —
245 2166 293 2208 30)
318 2166 353 2196 id
366 2173 407 2195 est
423 2178 481 2198 om.
499 2168 530 2196 Z.
545 2184 586 2192 —-
608 2169 654 2208 31)
680 2170 781 2199 Geom.
796 2170 877 2198 Mus.
894 2170 926 2198 Z.
939 2169 1000 2206 Ar„
1043 2171 1074 2198 Z.
1093 2171 1149 2199 Gu.
1164 2172 1193 2201 2.
1217 2179 1263 2209 pr.
1290 2185 1332 2191 —
1364 2170 1412 2207 42)
1436 2169 1584 2197 ,Numeros
1606 2168 1653 2196 vel
1672 2168 1790 2195 numeri
1811 2166 1847 2197 al.
1871 2181 1912 2188 —
1942 2164 1988 2197 43)

55 2210 107 2250 qui
123 2210 208 2239 etiam
224 2210 253 2239 in
269 2211 468 2250 explicatione
485 2209 591 2239 harum
610 2211 838 2251 disciplinarum
854 2211 935 2241 hunc
951 2222 1001 2240 or-
1044 2218 1244 2252 aucupantur
1258 2212 1289 2240 Z.
1312 2228 1354 2233 —-
1376 2217 1537 2249 aucupant
1559 2211 1614 2240 Gu.
1633 2212 1662 2241 2.
1676 2209 1713 2238 al.
1738 2225 1778 2231 -—-
1809 2211 1987 2245 nuncupant

56 2253 154 2282 dinem
177 2254 317 2282 servavit.
342 2252 461 2281 Gothici
484 2257 512 2281 et
533 2258 605 2283 vett.
622 2254 722 2291 editt„
753 2260 880 2284 testante
900 2255 1001 2292 ΛΜΝ,
1043 2256 1099 2284 Gu.
1123 2260 1148 2288 1.
1165 2255 1201 2283 al.
1221 2271 1257 2276 --
1282 2256 1330 2291 44)
1354 2253 1403 2282 Sic
1420 2255 1450 2282 Z.
1475 2254 1530 2283 Gu.
1550 2255 1577 2285 1.
1592 2256 1619 2286 2,
1635 2269 1674 2275 -—-
1698 2262 1825 2291 compos
1843 2251 1922 2288 vulg.
1944 2263 1986 2270 —

56 2297 175 2324 musica
196 2302 222 2324 et
240 2297 406 2335 geometria
427 2300 455 2324 et
481 2305 551 2324 mox
575 2296 654 2335 prius
677 2298 819 2326 musicam
837 2298 1000 2336 explicant,
1042 2297 1087 2336 45)
1110 2300 1229 2326 numeri
1250 2308 1345 2325 semen
1372 2297 1428 2325 Gu.
1444 2300 1470 2328 1.
1493 2312 1534 2318 —
1557 2295 1604 2336 46)
1628 2295 1676 2324 Sic
1695 2295 1750 2324 Gu.
1772 2297 1797 2326 1.
1819 2309 1859 2316 —
1880 2291 1983 2336 solunt

56 2347 144 2376 quam
159 2339 358 2377 geometriam.
384 2354 420 2360 —
447 2338 635 2368 Geomem'ca
649 2340 707 2370 Gu.
725 2343 752 2373 2.
775 2356 817 2362 -
846 2343 890 2374 32)
914 2340 1000 2378 Vulg.
1042 2341 1123 2379 vulg.
1146 2340 1226 2370 Mhi]
1242 2340 1350 2369 horum
1369 2339 1509 2369 exhibent
1525 2339 1618 2370 Gu.2.
1641 2339 1689 2366 Ar.
1708 2343 1736 2367 et
1752 2336 1841 2364 Grial.
1859 2345 1873 2363 e
1888 2331 1981 2372 gotin-
