2264 2830
769 97 1014 132 ORlGlNUM
1048 100 1193 134 LIBER
1221 103 1328 137 XVII.

250 193 306 226 18.
361 192 547 236 caprificus
574 191 756 236 appellata,
785 203 825 224 eo
852 192 945 236 quod
974 193 1128 237 parietes,
1156 196 1274 238 quibus
1298 197 1493 237 innascitur,
1517 198 1623 242 carpit
1640 195 1668 232 ¹¹⁵.

998 246 1062 278 Alii
1100 248 1295 291 caprilicuin
1331 254 1448 292 putant
1463 246 1483 265 Η
1516 247 1679 291 dictarum,
1715 263 1756 284 co
1791 249 1913 295 qu0d³⁰
1948 256 2029 289 licus

85 252 117 279 et
150 245 264 290 prodit
292 255 330 277 ex
358 245 508 284 latebris,
545 244 662 287 quibus
689 249 854 287 concepta
888 249 944 278 est.

84 298 184 331 arbor
211 297 278 330 eius
305 296 454 329 remedio
481 296 688 330 fecundetur.

253 347 307 380 19.

84 400 264 444 virgultum
273 396 294 415 ⁵¹
324 400 419 431 rubet
428 395 463 433 ⁵².

84 452 187 485 sames
225 462 264 484 ac
275 447 299 466 ⁵⁴
326 449 462 494 penuria
491 450 699 483 confovetur.

518 399 577 430 Est
615 400 699 431 enim
729 410 838 430 morus
855 397 880 413 ”¹⁸

250 501 308 534 20.
361 502 574 545 Sycomorus‚
600 498 716 535 sicut³⁰
753 512 864 534 morus
892 500 1058 535 Graecahu

734 553 832 586 Hanc
858 554 966 586 Latini
991 554 1119 588 Celsum
1143 555 1317 600 appellant
1344 556 1386 588 ab
1415 557 1602 598 altitudine,
1638 560 1713 602 quia
1742 572 1806 593 non
1833 566 1879 593 est
1906 562 2025 600 brevis,

82 554 176 598 quod
203 555 241 587 sit
263 553 381 586 folium
409 553 513 586 simile
541 563 634 586 moro
649 550 683 587 ⁶³.

83 611 119 640 ut
145 617 266 639 moruS.

246 655 305 690 21.

82 704 202 743 ceatffl.
253 708 352 740 Hanc
379 704 481 739 ίιΙίο115
518 707 650 740 nomine
671 707 780 739 Latini
813 708 1006 752 iuglandem
1039 714 1178 748 vocant,
1207 710 1301 752 quasi
1329 711 1414 742 loris
1444 711 1614 755 glandem.

1955 109 2029 142 5³5

1866 199 1911 234 ιῧῖ

1721 200 1860 244 Erumpi
1942 206 2029 237 euim

360 348 478 380 Morus
505 359 524 379 a
551 347 688 379 Graecis
715 351 842 387 vocata,
870 359 969 390 quain
998 348 1107 380 Latini
1135 350 1254 382 rubum
1283 351 1471 393 appellant,
1509 364 1548 384 eo
1583 352 1674 395 quod
1712 354 1834 388 fructus
1873 357 1940 389 eius
1976 358 2027 390 vel

869 396 871 399 ’
914 399 1085 440 situ-stris,
1122 401 1246 434 fructus
1285 402 1443 440 all‘erens,
1478 404 1595 445 quibus
1629 405 1660 436 in
1695 405 1826 438 deserto
1856 415 2027 451 pastorum

754 450 861 482 lluius
890 450 971 482 solia
999 449 1252 494 supcriactata*
1278 454 1420 496 serpenti
1431 451 1464 493 ⁷¹¹⁵,
1494 452 1628 487 sertui-³¹⁷
1655 454 1836 489 iuterimi⁷¹⁸.

1093 505 1225 536 nomina
1261 510 1342 537 sunt.
1397 503 1527 537 Dicta‘il
1563 512 1670 539 autem
1705 519 1918 552 sy‘coiiioruS,
1954 507 2026 543 εκ)Μ

360 655 435 688 Nux
462 655 651 700 appellata,
685 655 776 699 quod
812 657 945 697 umbra,
981 657 1033 688 vel
1061 657 1262 690 stillicidium
1290 658 1448 692 folIorum
1478 660 1544 691 cius
1571 662 1730 704 proximis
1763 663 1936 696 arboribus
1965 675 2025 695 no-

1669 714 1745 746 Fuit
1781 715 1866 747 enim
1902 712 2025 747 llaec¹''⁵

81 761 180 793 arbor
207 763 400 793 consecrata
427 759 509 799 lovi,
538 759 628 792 cuius
654 770 791 803 pomum
820 764 942 791 tantam
970 759 1035 791 vim
1063 759 1177 801 habet,
1205 767 1238 793 ut
1266 762 1360 794 missa
1371 759 1394 778 ⁰⁷
1422 763 1506 795 inter
1531 769 1699 808 suspectos
1733 765 1934 805 herbarum,
1974 767 2024 798 vel

80 813 261 857 fungorum
289 810 392 850 cibos,
416 811 574 853 quicquid
602 811 633 843 in
662 811 706 843 eis
733 811 929 842 virulentum
958 817 1016 850 est,
1040 811 1162 844 exudet
1173 810 1207 853 '''⁴‚
1235 813 1352 856 rapiat,
1377 812 1591 859 extinguat*'⁹.

244 862 303 895 22.
358 862 469 895 Nuces
494 867 604 895 autem
618 859 643 879 ⁷⁰
668 862 866 907 generaliter
893 862 1046 894 dicuntur
1073 863 1183 895 omnia
1211 876 1313 908 poma
1326 862 1348 881 ⁷¹
1377 867 1468 899 corio
1497 867 1621 900 duriori
1649 871 1736 900 tecta
1747 863 1787 907 ⁷²,
1824 874 1859 900 ut
1894 868 2023 911 pineae,

79 925 179 948 nuces
195 911 229 955 ⁷³,
258 913 441 955 avellanae,
467 914 606 959 glandes
618 909 651 954 ⁷⁴,
678 919 860 953 castaneae,
890 913 1101 958 amygdalae.

220 967 264 999 At
276 962 301 983 ⁷⁵
328 970 442 998 contra
468 976 571 1009 poma
598 965 707 997 omnia
733 965 849 997 mollia
860 962 886 982 7⁰
912 966 1001 998 mala
1028 966 1116 999 dicta
1142 973 1229 1007 sunt,
1258 968 1316 1001 sed
1341 980 1416 1003 cuni
1444 970 1630 1004 adiectione
1653 975 1822 1011 terrarum,
1850 971 1882 1003 in
1905 971 2024 1013 quibus

77 966 166 1000 tecti.

1155 916 1245 949 Hinc
1273 921 1305 949 et
1327 918 1437 950 nuclei
1458 918 1555 959 dicti,
1592 919 1685 962 quod
1719 919 1780 951 sint
1813 918 1898 951 duro
1932 919 2024 952 corio

78 1022 175 1050 antea
202 1022 278 1050 nata
304 1013 423 1057 sumn,
451 1022 486 1049 ut
511 1017 654 1059 Persica,
680 1017 816 1057 Punica,
842 1016 989 1058 Matana,
1017 1017 1180 1061 Cydonia,
1209 1025 1271 1053 etc.

245 1069 303 1101 23.
356 1068 549 1113 Amygdala
577 1068 746 1101 Graecum
774 1066 932 1101 nomenffl
959 1074 1022 1109 est,
1057 1071 1149 1113 quod
1166 1068 1190 1087 ³⁰
1216 1071 1335 1105 Latine
1362 1084 1427 1105 nux
1464 1073 1567 1117 longa
1603 1070 1782 1106 vocaturffl.

970 1121 1021 1154 De
1045 1133 1109 1164 qua
1139 1120 1345 1166 Virgilius&

78 1120 242 1154 nuciclam
255 1117 279 1137 ⁸¹
308 1124 443 1161 vocant,
464 1121 557 1163 quasi
589 1120 752 1153 minorem
788 1132 916 1154 nucem.

314 1171 401 1204 Cum
427 1182 464 1205 se
490 1183 562 1204 nux
585 1171 744 1216 plurima
772 1172 867 1205 silvis

302 1219 458 1255 Induit8³
481 1223 515 1256 ἰη
529 1222 674 1268 florem.

1838 1073 1934 1104 Hanc
1969 1073 2022 1104 alii

240 1272 299 1305 24.
351 1274 487 1308 Cunctis
513 1275 599 1307 enim
627 1274 800 1307 arboribus
825 1274 918 1318 prior
944 1286 978 1306 se
1005 1274 1088 1307 flore
1117 1275 1208 1307 vestit
1221 1272 1255 1313 ω,
1290 1281 1323 1308 et
1357 1276 1399 1308 ad
1428 1274 1635 1309 inferendaffi
1662 1287 1764 1320 poma
1801 1276 1930 1308 arbusta
1966 1288 2018 1308 se-

74 1325 208 1367 quentia
234 1325 414 1368 praevenit.

176 1376 359 1409 Avellanae
371 1374 395 1393 ⁸⁰
419 1376 461 1407 ab
479 1376 641 1408 Avellano
658 1375 863 1420 Campaniae
881 1376 1022 1419 oppido,
1051 1377 1106 1409 ubi
1123 1377 1302 1417 abundant,
1325 1378 1580 1422 cognominatae
1594 1384 1675 1410 sunt.
1717 1378 1812 1411 Haec
1824 1374 1847 1393 '⁹⁷
1865 1391 1884 1410 a
1906 1378 2016 1411 Grae-

75 1427 120 1460 cis
146 1427 305 1460 Ponticae
331 1427 552 1471 appellantur,
580 1439 621 1460 eo
647 1427 740 1470 quod
766 1428 854 1461 circa
881 1428 1055 1460 Ponticum
1084 1440 1173 1460 mare
1205 1428 1374 1462 abundant
1389 1426 1422 1461 ⁶²³.

240 1478 299 1511 25.

351 1479 548 1512 Castaneam
575 1479 686 1511 Latini
713 1491 732 1511 a
759 1479 893 1512 Graeco
921 1479 1094 1523 appellant
1121 1480 1296 1513 vocabulo.

1349 1481 1447 1514 Hanc
1480 1480 1568 1512 enim
1580 1477 1605 1496 ⁸⁹
1645 1477 1859 1515 κάστανον90
1887 1486 2017 1517 vocant,

75 1539 115 1561 eo
144 1526 274 1573 quodssl
302 1530 428 1564 fructus
453 1531 522 1564 eius
544 1530 670 1575 gemini
703 1530 735 1563 in
759 1531 898 1563 modum
930 1531 1159 1564 testiculorum
1195 1533 1279 1564 intra
1306 1531 1494 1566 folliculum
1530 1531 1691 1564 reconditi
1724 1535 1812 1572 sunt,
1845 1532 1901 1574 qui
1936 1531 2016 1564 dum

72 1645 120 1686 49)
142 1646 190 1675 Sic
214 1645 273 1677 Gu.
294 1649 320 1678 1.
344 1647 392 1675 Ar.
415 1663 455 1670 -—
478 1646 594 1676 dictam
617 1647 698 1684 vulg.
720 1662 763 1668 —-
793 1645 840 1684 50)
863 1658 894 1675 eo
919 1647 1022 1676 addidi

73 1700 88 1718 e
111 1689 169 1718 Gu.
199 1691 225 1719 1.
248 1692 276 1720 2.
300 1706 339 1711 —
362 1688 409 1729 51)
433 1690 482 1718 Sic
505 1691 561 1718 Gu.
586 1692 613 1720 1.
636 1692 664 1720 2.
683 1690 858 1728 (virgulta).
881 1705 922 1711 —-
938 1690 1022 1728 Vulg.

63 1733 192 1768 fructus
214 1732 261 1759 vel
283 1732 420 1770 virgulta
441 1734 625 1770 —sruclus
647 1734 710 1760 cius
735 1732 812 1759 velut
836 1732 964 1770 vitgulti
974 1734 1021 1761 Ar.

75 1790 110 1795 —
141 1775 185 1810 52)
211 1773 259 1801 Sic
288 1775 343 1804 Gu.
364 1777 390 1806 1.
412 1777 440 1805 2.
467 1792 501 1796 -—
534 1775 641 1802 rubent
668 1774 750 1812 vulg.
779 1790 820 1796 —
857 1776 905 1810 53)
935 1785 1021 1803 mora

74 1817 129 1846 Gu.
149 1817 176 1845 2.
205 1831 246 1837 —
280 1817 327 1853 54)
350 1828 386 1844 ac
414 1827 468 1855 pro
493 1817 539 1845 vel
572 1818 628 1847 Gu.
653 1820 679 1848 1.
703 1819 732 1848 2.
765 1827 810 1855 pr.
836 1827 882 1845 va.
905 1816 956 1845 Ar.
979 1834 1021 1839 —

72 1859 120 1894 55)
143 1857 191 1886 Sic
216 1858 271 1886 Gu.
297 1861 324 1888 1.
348 1862 376 1890 2.
400 1860 437 1887 al.
460 1869 506 1889 va.
529 1876 570 1881 —
592 1861 781 1898 supezpoxitu
804 1859 884 1897 vulg.
909 1875 951 1880 —
973 1860 1020 1899 56)

72 1905 232 1938 setpentem
255 1901 311 1927 Gu.
338 1903 366 1930 2.
391 1918 428 1924 ·—
462 1900 508 1940 57)
532 1902 580 1930 Sic
604 1903 659 1931 Gu.
678 1907 703 1934 1.
721 1905 750 1933 2.
773 1912 817 1929 va.
842 1918 882 1923 —
906 1903 1018 1939 ferun-

72 1949 132 1973 tur.
148 1942 229 1980 vulg.
246 1942 296 1970 Est
309 1941 368 1971 hoc
383 1943 450 1972 loco
465 1944 512 1972 vel
524 1945 670 1975 ablativus
682 1945 847 1981 absolutus,
861 1945 901 1972 ita
917 1949 949 1973 ut
960 1946 1016 1981 fo—

72 1987 126 2021 lia,
148 1996 183 2012 ae
205 1985 331 2021 dicatur,
356 1986 402 2014 vel
421 1987 618 2016 nominativus
641 1988 807 2023 absolutus,
832 1987 882 2025 qui
900 1987 1015 2015 Isidoro

71 2033 114 2057 est
139 2028 287 2065 frequens.
313 2046 350 2050 —
385 2028 430 2066 ὃὸ)
454 2029 503 2056 Sic
528 2030 583 2057 Gu.
605 2033 630 2060 1.
647 2033 674 2062 2.
699 2041 744 2059 va.
769 2031 935 2058 interimere
949 2041 1016 2058 eum

70 2071 151 2108 vulg.
173 2087 213 2091 -—
236 2080 303 2097 eum
335 2081 390 2098 om.
425 2072 481 2100 Gu.
507 2074 531 2102 1.
548 2075 577 2103 2.
613 2088 655 2093 -
689 2075 737 2111 59)
763 2075 842 2100 sicut
875 2077 904 2101 ct
927 2073 1016 2110 vulg,

70 2113 122 2142 sed
144 2118 169 2140 ει
193 2122 252 2141 om.
281 2113 336 2141 Gu.
365 2115 392 2143 1.
416 2115 446 2143 2.
469 2131 502 2134 -
539 2112 586 2152 60)
607 2114 655 2142 Sic
679 2115 734 2144 Gu.
754 2119 778 2147 1.
794 2118 823 2146 2.
847 2125 892 2143 va.
910 2115 959 2144 Ar.
974 2131 1015 2136 —

71 2156 156 2193 Vulg.
182 2160 251 2182 sunt
282 2155 334 2184 Gr.
364 2166 442 2184 nom.
464 2172 506 2177 —
534 2156 588 2184 Ed.
620 2166 663 2194 pr.
695 2158 812 2186 Graeca
842 2163 912 2186 sunt
934 2168 1013 2188 nom,

69 2213 111 2221 —·
139 2196 184 2235 61)
209 2196 310 2224 dictu-s·
341 2198 397 2226 Gu.
421 2200 449 2228 2.
471 2214 512 2219 -
544 2198 588 2226 ΟΖ)
612 2199 668 2226 Ιιοο
692 2199 793 2228 (lictus
816 2210 862 2229 va.
885 2216 925 2221 --
965 2198 1012 2239 62)

70 2251 100 2269 eo
124 2239 225 2268 addidi
249 2249 264 2267 e
289 2240 346 2270 Gn.
368 2244 391 2270 l.
406 2243 435 2271 2.
458 2257 499 2262 —-
535 2239 582 2278 63)
603 2241 652 2269 Sic
677 2242 731 2269 Gu.
756 2246 782 2273 1.
804 2245 832 2273 2.
855 2259 896 2264 -
920 2243 1014 2280 soliis

70 2284 181 2312 similis
208 2293 290 2310 moro
319 2283 400 2320 vulg.
430 2298 471 2304 —
504 2285 552 2318 64)
574 2290 675 2311 noceat
700 2295 787 2321 prox.
809 2285 872 2314 arb.
903 2295 949 2315 va.
971 2301 1014 2306 —

71 2325 116 2364 65)
142 2326 203 2354 alio
226 2335 283 2353 om.
308 2325 363 2354 Gu.
387 2328 412 2357 1.
435 2342 476 2347 —
503 2326 548 2363 65)
567 2325 640 2354 lmec
663 2337 719 2355 om.
745 2337 790 2355 va.
814 2343 853 2349 —
876 2327 923 2366 67)
940 2329 1012 2355 mis-

1065 1658 1119 1676 sua·
1139 1658 1183 1677 va.
1206 1665 1248 1672 —
1278 1648 1324 1689 68)
1347 1648 1473 1677 exsudat
1496 1659 1542 1678 va.
1563 1665 1604 1670 —
1639 1650 1686 1685 69)
1715 1648 1801 1686 Vulg.
1832 1654 1920 1687 atque
1952 1656 2016 1683 ext„

1065 1691 1115 1719 sed
1139 1697 1228 1730 atquc
1251 1703 1308 1721 om.
1333 1692 1390 1720 Gu.
1412 1695 1437 1723 1.
1462 1708 1499 1713 —
1523 1696 1549 1718 et
1572 1697 1628 1722 ext.
1652 1691 1706 1719 Gu.
1723 1694 1751 1723 2.
1776 1707 1812 1712 —
1843 1691 1890 1727 70)
1914 1697 2015 1719 autem

1066 1744 1123 1762 om.
1142 1745 1188 1762 va.
1213 1753 1250 1757 —
1281 1735 1329 1772 71)
1351 1745 1443 1773 poma
1467 1744 1523 1762 om.
1547 1733 1597 1763 Ar.
1621 1749 1663 1754 —-
1700 1736 1744 1769 72)
1774 1734 1822 1761 Sic
1845 1732 1901 1761 Gu.
1925 1737 1950 1764 1.
1976 1753 2011 1756 -—

1064 1782 1142 1804 tecta
1164 1787 1223 1805 cor.
1245 1775 1366 1805 duriori
1388 1775 1523 1816 (duriore
1545 1776 1601 1804 Gu.
1621 1776 1665 1812 2.)
1689 1776 1771 1813 vulg.
1797 1793 1834 1797 —
1858 1775 1904 1814 73)
1925 1787 2014 1804 nuces

1064 1829 1120 1847 0111.
1145 1819 1194 1848 Ar.
1216 1837 1257 1841 —
1300 1820 1344 1858 74)
1367 1818 1531 1857 iuglandes
1553 1820 1603 1846 Ar.
1635 1834 1675 1840 -
1714 1822 1759 1855 75)
1783 1829 1818 1845 ac
1841 1818 1896 1846 Gu.
1923 1822 1950 1849 1.
1973 1835 2013 1840 —

1063 1864 1107 1897 76)
1132 1863 1235 1890 omnia
1258 1863 1365 1890 mollia
1383 1872 1477 1900 poma
1499 1872 1544 1889 va.
1567 1877 1609 1882 --
1632 1863 1675 1898 77)
1698 1866 1769 1888 sunt
1793 1860 1896 1888 addidi
1920 1870 1934 1888 e
1957 1861 2012 1889 Gu.

1065 1907 1090 1934 1.
1118 1921 1159 1926 —
1194 1903 1243 1944 73)
1275 1905 1322 1933 Sic
1350 1905 1406 1934 Gu,
1430 1907 1454 1936 1.
1478 1906 1506 1934 2.
1535 1900 1590 1942 (est
1614 1901 1685 1941 om.)
1716 1913 1761 1942 pr.
1791 1913 1836 1931 va.
1862 1919 1902 1924 —
1934 1914 2012 1931 nom.

1064 1948 1171 1977 Gracc.
1192 1947 1272 1984 vulg.
1296 1963 1336 1968 —
1366 1949 1411 1981 79)
1434 1957 1511 1984 qnae
1533 1946 1588 1973 Gu.
1612 1947 1642 1975 2.
1664 1955 1709 1973 va.
1739 1961 1775 1967 —
1801 1947 1849 1983 80)
1873 1947 2012 1984 appella-

1060 1994 1111 2016 tur
1134 2000 1179 2017 va.
1204 2006 1240 2010 —
1265 1989 1314 2026 81)
1337 1989 1385 2017 Sic
1408 1989 1456 2016 Ar.
1479 2005 1520 2010 —-
1542 1986 1689 2016 nuciclam
1711 1988 1791 2026 vulg.
1809 2005 1841 2009 —-
1863 1989 2011 2016 naculum

1060 2032 1115 2059 Gu.
1131 2034 1158 2062 2.
1184 2047 1224 2052 —
1262 2032 1309 2068 82)
1336 2032 1441 2068 Georg.
1466 2029 1490 2067 I,
1522 2033 1590 2063 187.
1621 2047 1663 2052 -
1707 2031 1754 2068 83)
1777 2029 1882 2058 induet
1908 2031 1964 2060 Gu.
1981 2034 2010 2062 2.

1061 2089 1097 2095 —
1124 2076 1167 2105 84)
1191 2075 1225 2101 in
1240 2074 1352 2111 florem
1376 2075 1522 2101 convertit
1551 2083 1596 2101 va.
1622 2090 1659 2095 —·
1694 2076 1738 2107 85)
1770 2073 1927 2111 inferenda
1952 2074 2008 2101 Gu.

1060 2118 1130 2146 1.2.
1153 2126 1198 2144 va.
1223 2133 1260 2136 —
1280 2115 1409 2152 ferenda
1440 2116 1521 2154 vulg.
1547 2131 1586 2136 —
1624 2115 1672 2152 86)
1697 2116 1746 2144 Sic
1772 2116 1868 2146 Gu.2.
1893 2126 1938 2154 pr.
1963 2126 2008 2142 va.

1058 2159 1108 2186 Ar.
1132 2174 1172 2179 —
1196 2159 1348 2186 Avellana
1371 2159 1450 2196 vulg.
1477 2175 1512 2180 —
1537 2156 1582 2196 87)
1606 2159 1676 2186 Hae
1699 2159 1754 2188 Gu.
1782 2162 1810 2190 2.
1834 2175 1875 2180 —
1896 2158 1942 2193 83)
1960 2157 2007 2184 Sic

1058 2202 1113 2229 Gu.
1135 2205 1161 2232 1.
1184 2205 1211 2233 2.
1236 2212 1280 2229 va.
1305 2218 1342 2222 —
1363 2200 1517 2229 abundent
1539 2201 1619 2238 vulg.
1650 2217 1691 2222 —
1727 2199 1774 2241 89)
1804 2202 1913 2229 Gracci
1937 2198 2004 2226 add.

1056 2244 1136 2281 vulg.
1161 2259 1199 2265 —
1227 2244 1291 2272 0111.
1316 2243 1372 2272 Gu.
1400 2247 1426 2275 1.
1454 2261 1486 2265 —
1512 2243 1561 2282 90)
1587 2249 1760 2271 castaneam
1786 2243 1841 2272 Gn.
1863 2245 1888 2272 1.
1905 2244 1933 2271 2-
1957 2249 2001 2277 PT·

1057 2294 1100 2314 va.
1124 2302 1164 2307 —
1195 2289 1240 2323 91)
1268 2287 1314 2315 Sic
1339 2287 1395 2317 Gu.
1417 2290 1441 2317 1.
1459 2290 1490 2319 2.
1516 2303 1557 2309 -
1578 2292 1702 2324 propter
1727 2284 1810 2323 quod
1830 2283 1907 2319 vulg.
