2203 2829
179 129 229 164 98

866 127 1043 162 ISIDORI
1081 127 1261 165 HISPAL.
1298 128 1440 163 EPlSC.

348 221 407 254 12.
459 219 648 254 Undecima
679 219 807 264 species
834 220 1041 255 diffinitionis
1069 227 1140 264 est,
1171 234 1272 266 quam
1300 223 1423 256 Graeci
1450 223 1527 259 κατ’
1555 226 1709 264 means.-
1735 223 1889 272 πλήρους
1913 224 2044 271 ὁμοίου
2073 229 2134 272 γε’-

183 287 275 318 νους,
303 273 413 306 Latini
436 285 498 317 per
525 271 743 316 indigentiam
770 272 860 316 pleni
888 285 929 307 ex
957 275 1079 308 eodem
1108 286 1233 320 genere
1260 275 1395 316 dicunt,
1422 279 1458 308 ut
1480 277 1505 308 si
1533 282 1732 320 quaeratur,
1759 278 1840 321 quid
1869 279 1907 311 sit
1935 278 2053 319 thesis,
2080 290 2134 312 re-

182 326 406 371 spondeatur,
434 326 487 359 cui
515 324 561 356 vis
590 324 682 356 deest
705 328 739 355 ut
765 324 804 356 sit
831 326 920 360 arsis.

347 385 406 419 13.
459 383 670 417 Duodecim
686 383 817 428 species
839 384 1042 418 diffinitionis
1071 391 1136 428 est,
1164 397 1265 430 quain
1288 386 1410 420 Graeci
1427 382 1522 421 nard
1540 384 1712 423 «ἔπαινον1
1743 393 1862 422 vocant
1874 384 1896 428 ²,
1924 388 1958 420 id
1985 394 2043 428 est,
2071 399 2132 432 per

182 437 336 478 laudem,
365 441 400 469 ut
427 436 558 469 Tunius
580 446 644 479 pro
672 434 849 469 Cluentio:
884 436 960 469 Lex
988 442 1038 471 est
1065 449 1160 471 mens
1188 442 1221 471 et
1247 434 1405 471 αηὶιηιιε3
1441 442 1475 470 et
1503 439 1683 472 consilium
1717 444 1749 473 et
1775 440 1946 474 sententia
1972 441 2132 473 civitatis.

183 489 228 522 Et
254 485 386 521 aliter⁴z
423 484 526 520 Ρω·ὁ
560 491 608 519 est
638 488 832 532 tranquilla
860 487 1014 524 libertas.

1070 490 1125 522 Fit
1152 496 1183 523 et
1216 501 1278 534 per
1304 490 1598 534 vituperationem,
1627 502 1727 534 quam
1754 489 1870 538 ψόγον
1899 489 2045 525 Graeci⁶
2072 502 2134 524 vo—

183 545 275 581 cant,
303 544 352 571 ut:
381 537 540 572 Servitus
567 542 617 572 est
639 542 858 583 postremum
884 541 1060 574 malorum
1088 538 1281 583 orn⁷1ium⁷,
1308 553 1374 574 non
1401 541 1506 574 modo
1534 540 1641 584 bello,
1676 544 1741 577 sed
1776 547 1888 577 morte
1914 553 2048 588 quoque
2074 554 2132 576 re-

178 591 349 636 pellenda
361 587 384 625 Β,

348 649 407 683 14.
459 646 730 683 Tertiadecima⁹
767 649 971 684 diffinitionis
1006 653 1133 696 species
1147 650 1179 693 ¹⁰,
1214 664 1314 696 quam
1342 652 1466 685 Graeci
1500 650 1593 688 κατοῖ
1626 651 1671 688 τό
1704 652 1792 700 πρός
1815 654 1853 689 τί
1867 650 1911 692 ¹¹,
1946 655 2054 688 Latini
2089 654 2133 688 ad

184 700 308 744 aliquid
336 706 475 742 vocant,
502 707 538 734 ut
565 706 611 733 est
637 701 739 734 illud:
768 701 877 735 Pater
904 708 973 747 est,
1002 705 1057 737 cui
1070 701 1093 721 ¹²
1117 708 1167 737 cst
1186 704 1296 751 filius.

1350 704 1522 737 Dominus
1550 709 1616 745 cst,
1645 705 1701 738 cui
1726 709 1775 738 cst
1801 717 1931 739 servus.

348 759 406 793 15.
461 761 722 803 Quartadecima
744 763 871 807 species
899 763 1104 797 diffinitionis
1132 769 1190 806 est,
1217 776 1317 808 quam
1340 765 1463 798 Graeci
1490 763 1583 800 κατά
1610 762 1676 800 τόν
1704 762 1836 812 ὄρονη,
1864 772 1898 799 ut
1918 761 2072 799 Cicerou
2099 765 2133 797 in

184 811 392 846 Rhetoricis:
425 813 545 846 Genus
569 817 634 853 est,
658 814 751 858 qnod
772 815 897 859 plures
920 816 1145 861 amplectitur
1166 820 1304 861 partes.

1357 816 1447 850 Item
1470 828 1562 861 pars
1573 814 1614 858 ¹⁵,
1643 827 1735 861 qnae
1761 816 1877 850 subest
1904 817 2039 863 generi.

347 871 405 905 16.
460 873 717 914 Quintadecima
751 876 878 919 species
906 875 1112 909 diffinitionis
1141 883 1204 919 est,
1247 888 1347 921 quam
1375 876 1498 910 Graeci
1528 873 1622 912 κατά
1650 877 1898 921 αἰτιολογίαν,
1942 877 2050 911 Latini
2078 888 2132 910 se-

184 922 331 956 cundum
358 924 405 956 rei
432 926 593 957 rationem
619 930 749 967 vocant,
778 931 830 959 ut:
860 927 946 960 Dies
973 932 1022 960 est
1048 929 1100 961 sol
1127 926 1270 974 super¹⁶
1294 925 1475 969 tert-amn,
1502 939 1571 961 noa*
1599 932 1649 961 est
1669 929 1722 961 sol
1742 928 1805 961 sub
1833 927 1983 962 terr-ism.

2037 929 2131 962 Scire

184 979 296 1007 autem
324 975 486 1010 debemus
514 976 702 1021 praedictas
732 979 859 1022 species
888 978 1123 1012 diffinitionum
1151 981 1271 1025 topicis
1298 980 1416 1013 merito
1445 992 1515 1013 esse
1542 980 1698 1021 sociatas,
1738 981 1893 1024 quoniam
1921 981 2003 1014 inter
2030 992 2132 1024 quae-

184 1025 262 1058 dam
289 1033 485 1072 argumenta
512 1033 586 1061 sunt
613 1029 741 1073 positae
753 1026 794 1069 ¹⁹,
823 1036 854 1062 et
881 1031 1046 1064 nonnullis
1069 1032 1151 1066 locis
1179 1037 1484 1066 commemorantur
1511 1032 1543 1064 in
1558 1032 1708 1076 Topicis.

1764 1033 1860 1067 Nunc
1874 1029 1899 1049 ²⁰
1926 1032 1969 1065 ad
1997 1032 2131 1076 Topica

184 1079 370 1119 veniamus,
398 1091 484 1122 quae
512 1085 585 1113 sunt
612 1087 886 1126 argumentorum
913 1083 1026 1124 sedes,
1054 1084 1163 1116 fontes
1190 1095 1343 1117 sensuum
1371 1090 1404 1117 et
1431 1083 1575 1128 origines
1602 1083 1795 1117 dictionum.

725 1192 754 1226 C
781 1193 812 1225 A
840 1193 878 1226 P.
932 1193 1035 1226 XXX.

349 1271 382 1305 1,
436 1273 604 1319 Topica²²
632 1281 679 1308 est
713 1277 889 1321 disciplina
922 1277 1194 1310 inveniemlorum
1231 1284 1513 1324 argumentorum.

183 1333 321 1362 corum,
350 1335 388 1356 ex
417 1326 536 1368 quibus
563 1335 759 1372 argumenta
787 1325 1005 1368 ducuntur²³,
1030 1330 1151 1373 triplex
1180 1336 1236 1365 est,

1117 1194 1199 1227 Dc

1257 1192 1597 1240 Topicis²¹.

1579 1279 1706 1311 Divisio
1737 1279 1949 1323 Topicorum
1985 1280 2050 1311 sive
2079 1280 2130 1311 lo-

1291 1331 1378 1363 Nam
1406 1331 1469 1363 alia
1496 1331 1528 1363 in
1544 1342 1584 1363 eo
1612 1332 1704 1374 ipso,
1733 1331 1775 1362 de
1798 1342 1865 1373 quo
1893 1331 2019 1375 agitur,
2048 1330 2131 1363 hae—

182 1379 273 1411 rent;
299 1374 385 1417 alia,
412 1388 499 1419 quae
522 1378 676 1412 dicuntur
700 1377 872 1420 effecta²⁴,
901 1391 987 1423 quae
1014 1381 1269 1424 quodammodo
1297 1394 1335 1414 ex
1363 1382 1462 1415 rebus
1484 1383 1554 1415 aliis
1582 1388 1686 1415 tracta
1714 1387 1907 1420 noscuntur3
1934 1382 2018 1423 alia,
2045 1393 2130 1424 quae

183 1431 390 1458 assumuntur
418 1430 626 1463 extrinsecus.

183 1481 264 1512 sunt,

679 1431 906 1476 Argumenta,
940 1443 1027 1475 quae
1054 1433 1085 1465 in
1108 1444 1148 1465 eo
1176 1434 1269 1477 ipso,
1303 1433 1347 1466 de
1381 1444 1448 1477 quo
1476 1435 1604 1479 agitur,
1646 1433 1803 1474 haerent,
1838 1434 1871 1466 in
1897 1434 1999 1466 tribus
2026 1433 2130 1466 divisa

318 1477 429 1511 Prima
454 1491 473 1512 a
499 1486 590 1519 t0t0;
616 1483 761 1515 secunda
789 1495 808 1515 a
834 1488 944 1527 parte3
971 1484 1066 1516 tertia
1089 1496 1107 1516 a
1135 1490 1221 1518 nota.

349 1537 382 1572 2.
435 1539 717 1583 Argumentum²³
745 1554 763 1574 a
791 1548 880 1583 toto,
921 1541 1033 1578 cum²⁶
1066 1544 1221 1577 diffinitio
1257 1543 1435 1578 adhibetur
1471 1543 1514 1576 ad
1542 1544 1596 1585 id,
1636 1543 1727 1587 quod
1755 1544 1940 1586 quaeritur,
1976 1544 2059 1578 sicut
2086 1544 2130 1577 ait

183 1586 326 1621 Cicero:
360 1588 487 1623 Gloria
515 1595 564 1623 est
592 1592 671 1626 laus
691 1598 786 1626 recte
801 1594 1010 1639 [ποιοῖ-ατη,
1034 1607 1317 1641 magnorumque
1344 1596 1379 1628 in
1404 1591 1622 1641 republica²⁷
1639 1595 1753 1641 fama
1781 1596 1994 1628 meritorum.

347 1647 381 1682 3.
435 1649 465 1681 A
483 1651 632 1693 partibus
653 1658 700 1686 est
720 1660 973 1698 argumentum,
1009 1667 1084 1689 cum
1109 1657 1152 1697 is,
1180 1658 1238 1700 qui
1263 1669 1297 1690 se
1320 1656 1489 1697 defendit,
1518 1660 1573 1688 aut
1602 1660 1704 1700 negat
1726 1655 1851 1688 factum
1865 1651 1899 1695 ²⁸,
1924 1660 1980 1687 aut
2003 1654 2129 1688 factum

182 1708 251 1730 esse
277 1696 385 1732 ἱιιτθ29
412 1700 570 1734 defendit.

266 1810 293 1838 1)
317 1810 482 1838 cateilenon
497 1821 543 1850 pr.
561 1821 607 1841 va.
630 1828 671 1833 ——
702 1812 733 1852 Ξ)
756 1821 863 1842 vocant
885 1826 942 1843 om.
962 1826 1008 1843 va.
1032 1832 1072 1837 —
1102 1816 1131 1856 3)

181 1849 228 1876 Sic
252 1848 308 1877 Gu.
327 1853 354 1882 1.
370 1854 399 1883 2.
421 1869 463 1873 —
492 1855 712 1893 consiliumque
734 1867 781 1885 va.
804 1874 843 1878 —
871 1864 897 1884 et
922 1858 1084 1886 consilium
1107 1865 1133 1886 et

179 1893 302 1919 animus
319 1893 399 1931 vulg.
419 1895 597 1934 intelligitur
611 1898 695 1926 locus
709 1900 769 1928 Cic.
784 1910 830 1938 pr.
847 1900 962 1930 cluent.
979 1902 1036 1937 53,
1058 1901 1131 1932 146:

181 1935 264 1962 Mens
279 1940 304 1962 et
320 1937 442 1965 animus
454 1944 479 1965 et
497 1941 659 1968 consilium
675 1947 700 1968 et
715 1944 863 1970 sententia
881 1945 1132 1982 civitati-sposila

181 1982 222 2003 est
243 1978 276 2004 in
293 1978 419 2016 legibus,
443 1997 484 2002 ——
506 1980 537 2020 4)
553 1983 600 2011 Sic
618 1984 674 2012 Gu.
690 1987 715 2016 1.
733 1988 762 2016 2.
782 1996 827 2024 pr.
843 1995 887 2013 va.
903 2001 945 2007 --
961 1987 1039 2013 ulter
1053 1987 1130 2024 vulg.

181 2035 220 2039 —
245 2020 274 2056 5)
299 2021 396 2050 Locus
414 2029 457 2051 est
473 2034 488 2052 e
506 2024 564 2053 Cic.
581 2025 654 2054 Phil.
670 2026 705 2063 II,
720 2026 770 2063 4¹4,
798 2030 865 2059 113.
890 2046 928 2050 —
953 2029 983 2067 6)
1007 2029 1055 2057 Sic
1072 2030 1128 2058 Gu.

183 2064 208 2091 1.
223 2077 266 2082 —
291 2064 342 2093 Gr.
359 2062 460 2104 ψόγον
476 2067 555 2105 vulg.
578 2084 619 2089 —
651 2071 681 2105 7)
703 2069 751 2097 Sic
769 2070 823 2099 Gu.
842 2074 869 2101 1.
884 2075 912 2099 et
928 2071 987 2100 Cic.
1003 2070 1078 2100 Phil.
1093 2072 1129 2107 Π,

180 2103 235 2140 44,
265 2106 334 2135 113.
358 2116 373 2134 e
392 2118 452 2137 rec.
471 2108 565 2139 Oreil.
593 2128 629 2131 —
653 2114 789 2139 omnium
812 2113 964 2141 malornm
985 2114 1064 2151 vulg.
1089 2131 1129 2136 —-

179 2145 207 2183 g)
229 2147 399 2184 repellenda
413 2156 453 2178 est
472 2152 529 2180 Gu.
545 2155 573 2183 2.
592 2163 637 2181 va.
655 2171 695 2175 -—-
713 2162 806 2183 morte
818 2158 910 2183 etiam
928 2156 1129 2195 repellendum

180 2188 276 2219 Cicer.
300 2205 341 2211 -—
363 2193 394 2225 9)
415 2194 544 2222 Decima
562 2196 618 2224 Gu.
637 2199 662 2228 1.
686 2212 728 2218 —
753 2200 794 2235 10)
818 2199 866 2226 Sic
883 2199 938 2227 Gu.
957 2203 983 2230 1.
1004 2215 1044 2220 ——
1067 2199 1127 2236 ‹lif-

171 2231 232 2269 fin.
252 2242 328 2269 spec.
348 2233 432 2272 vulg.
457 2252 499 2257 —-
522 2243 564 2264 est
588 2238 673 2266 omisi
691 2249 706 2267 e
725 2240 780 2268 Gu.
799 2243 825 2271 1.
850 2246 920 2280 post
941 2242 1063 2280 speeies.
1087 2257 1124 2263 ——

181 2273 228 2313 11)
253 2281 324 2303 cala
345 2280 394 2304 ton
414 2289 487 2316 pros
512 2281 558 2307 tin
575 2281 629 2308 Gu.
648 2283 673 2312 1.
690 2284 718 2312 2.
736 2283 762 2311 4.
794 2298 832 2303 —
865 2290 935 2311 cala
958 2290 1008 2311 ion
1019 2291 1125 2322 postea

179 2326 224 2354 pr.
241 2326 288 2346 va.
316 2335 353 2339 -——
379 2322 425 2357 12)
453 2323 540 2349 cuia-5
563 2323 670 2351 omisso
695 2330 734 2351 es!
757 2325 813 2352 Gu.
831 2327 859 2355 Q.
876 2332 903 2354 et
921 2327 962 2354 sic
982 2337 1059 2357 moti.
1084 2343 1124 2349 —-

184 2361 227 2394 13)
250 2359 299 2388 Sic
311 2361 367 2391 Gu.
386 2364 411 2392 1.
430 2366 458 2394 2.
476 2365 503 2395 4.
524 2362 607 2404 (cata
623 2371 674 2393 lon
692 2377 743 2394 rus
758 2366 925 2406 exhibent)3
952 2376 1125 2397 natator-rus

181 2410 224 2437 pr.
239 2412 284 2431 va.
310 2419 345 2424 —
370 2403 437 2445 diff}
452 2412 494 2435 est
517 2407 611 2438 κατοῖ
636 2406 705 2439 τὸν
725 2407 830 2449 ὅρον,
862 2412 971 2440 Latine
991 2424 1124 2451 gencra-

1180 1818 1220 1844 lis
1234 1818 1328 1855 vulg„
1352 1827 1429 1856 quae
1450 1816 1551 1845 Latina
1577 1825 1645 1849 om.,
1663 1815 1719 1845 Gu.
1744 1819 1769 1846 1.
1793 1831 1833 1837 -
1859 1816 1903 1852 14)
1927 1821 1960 1842 ut
1985 1813 2089 1843 addidi
2111 1825 2127 1844 e

1180 1862 1236 1889 Gu.
1254 1863 1282 1892 1.
1302 1875 1341 1882 -
1364 1863 1408 1894 15)
1433 1859 1518 1896 Vulg.
1538 1869 1615 1897 pars
1635 1864 1692 1894 est,
1718 1858 1768 1886 sed
1792 1864 1834 1885 est
1859 1868 1915 1886 om.
1932 1858 1987 1886 Gu.
2005 1861 2032 1888 1.
2051 1856 2126 1886 Vul-

1178 1908 1274 1941 gatam
1291 1902 1411 1931 exhibet
1429 1902 1488 1930 (lic.
1504 1901 1541 1930 de
1556 1901 1674 1933 Invent.
1686 1901 1706 1937 l,
1723 1903 1777 1939 28,
1793 1902 1844 1932 42.
1865 1919 1902 1924 ——
1929 1904 1973 1937 16)
1997 1900 2045 1928 Sic
2069 1900 2126 1930 Gu.

1180 1949 1206 1977 1.
1226 1956 1270 1974 va.
1294 1961 1335 1967 -—
1358 1955 1452 1983 Supra
1468 1943 1594 1981 vulg.—
1622 1943 1664 1981 17)
1689 1944 1737 1971 Sic
1758 1944 1813 1971 Gu.
1831 1946 1856 1974 1.
1875 1959 1917 1965 —
1933 1949 2030 1970 terras
2046 1943 2126 1980 vulg.

1179 2007 1216 2010 —
1243 1987 1287 2026 18)
1310 1988 1419 2015 subtus
1432 1988 1521 2014 terris
1536 1986 1573 2015 al.
1590 2004 1629 2008 —
1656 1988 1702 2021 19)
1722 1988 1827 2025 posita
1843 1987 1891 2015 Ar.
1908 2004 1945 2008 —
1969 1983 2016 2025 90)
2040 1984 2124 2024 Vulg.

1179 2032 1268 2059 Nunc
1282 2036 1380 2058 autem
1391 2053 1397 2062 ‚
1412 2029 1465 2058 sed
1480 2034 1581 2057 autem
1598 2039 1654 2058 om.
1670 2030 1724 2057 Gu.
1739 2033 1763 2060 1.
1776 2045 1818 2051 -
1840 2028 1888 2067 21)
1906 2029 1967 2057 cfr.
1982 2038 2049 2056 cum
2066 2027 2124 2056 hoc

1177 2074 1274 2112 capite
1288 2072 1455 2101 cassiodor.
1471 2082 1502 2111 p.
1519 2072 1590 2103 541.
1608 2077 1636 2100 et
1650 2072 1720 2103 554.
1743 2088 1785 2093 —
1806 2073 1855 2108 22)
1883 2071 1999 2108 Topt'ca
2015 2071 2124 2099 locali-⁹

1176 2126 1224 2144 va.
1251 2133 1289 2138 —
1321 2114 1369 2154 23)
1392 2114 1540 2143 dicuntur
1566 2113 1622 2143 Gu.
1644 2117 1710 2146 1.2.
1730 2125 1778 2153 pr,
1803 2131 1838 2136 -
1864 2112 1910 2151 24)
1934 2113 2043 2151 affecta
2070 2114 2121 2143 Ar.

1175 2158 1204 2187 h.
1220 2158 1239 2186 l.
1255 2163 1284 2187 et
1299 2157 1326 2198 ξ.
1343 2158 1371 2188 5.
1398 2174 1433 2179 -——
1458 2157 1505 2196 25)
1529 2162 1570 2184 ext
1588 2155 1655 2184 add.
1672 2166 1717 2185 va.
1741 2173 1783 2178 —
1804 2159 1850 2191 26)
1874 2166 1939 2183 cum
1955 2165 2012 2183 om.
2027 2156 2082 2185 Gu.
2094 2159 2122 2188 1.

1174 2216 1217 2222 —
1237 2200 1282 2240 27)
1306 2202 1338 2228 in
1354 2210 1444 2238 remp.
1465 2199 1552 2229 Arev.
1576 2199 1670 2227 Locus
1692 2204 1735 2228 est
1753 2209 1790 2228 ex
1807 2199 1869 2226 Cic.
1885 2202 1958 2226 orat.
1979 2208 2024 2236 pr.
2041 2198 2122 2227 Mar-

1173 2243 1238 2272 cell.
1254 2245 1289 2275 8:
1314 2243 1422 2271 Gloria
1444 2248 1485 2270 est
1508 2243 1641 2269 illustris
1665 2253 1702 2269 as·
1712 2246 1884 2280 pervagata
1906 2242 2074 2268 multorum
2095 2246 2122 2269 et

1172 2296 1371 2323 magnorum,
1403 2286 1450 2313 vd
1463 2287 1495 2312 in
1515 2295 1586 2312 suos
1601 2296 1694 2321 crues,
1726 2284 1773 2312 vel
1787 2285 1818 2311 in
1831 2285 1971 2321 patriam
1984 2305 1991 2319 ,
2022 2284 2070 2311 vel
2090 2284 2120 2312 in

1172 2339 1257 2356 omne
1268 2339 1364 2367 genu-r
1375 2328 1540 2364 hominum,
1553 2328 1649 2364 fama
1665 2329 1850 2356 meritorum.
1866 2342 1908 2347 ——
1922 2324 1968 2365 28)
1982 2327 2119 2363 factum,

1171 2376 1227 2399 aut
1241 2381 1297 2401 om.
1315 2371 1370 2399 Gu.
1392 2374 1417 2403 1.
1435 2375 1462 2403 2.
1481 2387 1516 2392 —-
1542 2370 1588 2407 29)
1612 2372 1643 2398 in
1659 2381 1689 2397 re
1706 2370 1762 2397 Gu.
1782 2372 1809 2400 1.
1828 2372 1858 2400 2.
1885 2385 1924 2390 -
1948 2370 1996 2406 30)
2022 2379 2054 2396 ex
2068 2368 2120 2397 ad-

1171 2413 1234 2443 didi
1256 2419 1272 2443 ‘e
1293 2414 1350 2445 Gu.
1368 2416 1393 2445 1.
1419 2431 1459 2435 —
1482 2418 1508 2440 et
1532 2422 1589 2452 pro
1614 2424 1645 2441 eo
1673 2411 1794 2442 exhibet
1820 2412 1876 2440 Gu.
1892 2414 1921 2443 2.
1944 2421 1990 2450 pr.
2008 2421 2056 2440 va.
2078 2427 2118 2434 --
