<?xml version="1.0" encoding="UTF-8"?>
<!DOCTYPE html PUBLIC "-//W3C//DTD XHTML 1.0 Transitional//EN"
    "http://www.w3.org/TR/xhtml1/DTD/xhtml1-transitional.dtd">
<html xmlns="http://www.w3.org/1999/xhtml" xml:lang="en" lang="en">
 <head>
  <title>
</title>
<meta http-equiv="Content-Type" content="text/html;charset=utf-8" />
  <meta name='ocr-system' content='tesseract 3.04.00' />
  <meta name='ocr-capabilities' content='ocr_page ocr_carea ocr_par ocr_line ocrx_word'/>
</head>
<body>
  <div class='ocr_page' id='page_1' title='image "./corpusgrammatico03linduoft_0465.png"; bbox 0 0 2264 2830; ppageno 0'>
   <div class='ocr_carea' id='block_1_1' title="bbox 784 102 1327 140">
    <p class='ocr_par' dir='ltr' id='par_1_1' title="bbox 784 102 1327 140">
     <span class='ocr_line' id='line_1_1' title="bbox 784 102 1327 140; baseline 0.004 -2"><span class='ocrx_word' id='word_1_1' title='bbox 784 102 1030 138; x_wconf 78' lang='lat' dir='ltr'>ORlGlNUM</span> <span class='ocrx_word' id='word_1_2' title='bbox 1064 104 1209 139; x_wconf 83' lang='lat' dir='ltr'><strong>LIBER</strong></span> <span class='ocrx_word' id='word_1_3' title='bbox 1239 106 1327 140; x_wconf 78' lang='lat' dir='ltr'>xlv.</span> 
     </span>
    </p>
   </div>
   <div class='ocr_carea' id='block_1_2' title="bbox 88 197 1316 243">
    <p class='ocr_par' dir='ltr' id='par_1_2' title="bbox 88 197 1316 243">
     <span class='ocr_line' id='line_1_2' title="bbox 88 197 1316 243; baseline -0.002 -8"><span class='ocrx_word' id='word_1_4' title='bbox 88 201 176 236; x_wconf 85' lang='lat' dir='ltr'>enim</span> <span class='ocrx_word' id='word_1_5' title='bbox 202 199 317 233; x_wconf 85' lang='lat' dir='ltr'>Gallia</span> <span class='ocrx_word' id='word_1_6' title='bbox 344 210 363 231; x_wconf 89' lang='lat' dir='ltr'>a</span> <span class='ocrx_word' id='word_1_7' title='bbox 390 198 537 232; x_wconf 84' lang='lat' dir='ltr'>candore</span> <span class='ocrx_word' id='word_1_8' title='bbox 565 198 704 243; x_wconf 84' lang='lat' dir='ltr'>populi,</span> <span class='ocrx_word' id='word_1_9' title='bbox 733 198 777 230; x_wconf 89' lang='lat' dir='ltr'>ita</span> <span class='ocrx_word' id='word_1_10' title='bbox 806 197 1005 230; x_wconf 71' lang='lat' dir='ltr'>Mauritania</span> <span class='ocrx_word' id='word_1_11' title='bbox 1032 210 1050 231; x_wconf 82' lang='lat' dir='ltr'>a</span> <span class='ocrx_word' id='word_1_12' title='bbox 1077 200 1173 241; x_wconf 79' lang='lat' dir='ltr'>nigro</span> <span class='ocrx_word' id='word_1_13' title='bbox 1201 200 1316 234; x_wconf 91' lang='lat' dir='ltr'>colore</span> 
     </span>
    </p>
   </div>
   <div class='ocr_carea' id='block_1_3' title="bbox 1950 108 2025 143">
    <p class='ocr_par' dir='ltr' id='par_1_3' title="bbox 1950 108 2025 143">
     <span class='ocr_line' id='line_1_3' title="bbox 1950 108 2025 143; baseline 0 -1"><span class='ocrx_word' id='word_1_14' title='bbox 1950 108 2025 143; x_wconf 65' lang='lat'>443</span> 
     </span>
    </p>
   </div>
   <div class='ocr_carea' id='block_1_4' title="bbox 1330 196 1352 216">
    <p class='ocr_par' dir='ltr' id='par_1_4' title="bbox 1330 196 1352 216">
     <span class='ocr_line' id='line_1_4' title="bbox 1330 196 1352 216; baseline 0 0"><span class='ocrx_word' id='word_1_15' title='bbox 1330 196 1352 216; x_wconf 66' lang='lat' dir='ltr'>{sa</span> 
     </span>
    </p>
   </div>
   <div class='ocr_carea' id='block_1_5' title="bbox 1380 200 2026 245">
    <p class='ocr_par' dir='ltr' id='par_1_5' title="bbox 1380 200 2026 245">
     <span class='ocr_line' id='line_1_5' title="bbox 1380 200 2026 245; baseline 0.006 -13"><span class='ocrx_word' id='word_1_16' title='bbox 1380 211 1501 232; x_wconf 88' lang='lat' dir='ltr'>nomen</span> <span class='ocrx_word' id='word_1_17' title='bbox 1530 200 1643 232; x_wconf 74' lang='lat' dir='ltr'>sortita</span> <span class='ocrx_word' id='word_1_18' title='bbox 1670 205 1727 234; x_wconf 82' lang='lat' dir='ltr'>est.</span> <span class='ocrx_word' id='word_1_19' title='bbox 1789 200 1891 233; x_wconf 76' lang='lat' dir='ltr'>Cuius</span> <span class='ocrx_word' id='word_1_20' title='bbox 1917 204 2026 245; x_wconf 85' lang='lat' dir='ltr'>prima</span> 
     </span>
    </p>
   </div>
   <div class='ocr_carea' id='block_1_6' title="bbox 86 248 2026 298">
    <p class='ocr_par' dir='ltr' id='par_1_6' title="bbox 86 248 2026 298">
     <span class='ocr_line' id='line_1_6' title="bbox 86 248 2026 298; baseline 0.002 -14"><span class='ocrx_word' id='word_1_21' title='bbox 86 252 260 298; x_wconf 86' lang='lat' dir='ltr'>provincia</span> <span class='ocrx_word' id='word_1_22' title='bbox 286 250 486 283; x_wconf 77' lang='lat' dir='ltr'>Mauritania</span> <span class='ocrx_word' id='word_1_23' title='bbox 520 250 683 283; x_wconf 74' lang='lat' dir='ltr'>Sitifensis</span> <span class='ocrx_word' id='word_1_24' title='bbox 711 254 775 289; x_wconf 74' lang='lat' dir='ltr'>est,</span> <span class='ocrx_word' id='word_1_25' title='bbox 816 261 901 292; x_wconf 82' lang='lat' dir='ltr'>quae</span> <span class='ocrx_word' id='word_1_26' title='bbox 927 250 1013 282; x_wconf 76' lang='lat' dir='ltr'>sitifi</span> <span class='ocrx_word' id='word_1_27' title='bbox 1041 250 1155 283; x_wconf 87' lang='lat' dir='ltr'>habuit</span> <span class='ocrx_word' id='word_1_28' title='bbox 1176 248 1197 268; x_wconf 69' lang='lat'>¹¹⁵</span> <span class='ocrx_word' id='word_1_29' title='bbox 1233 251 1416 296; x_wconf 87' lang='lat' dir='ltr'>oppidum,</span> <span class='ocrx_word' id='word_1_30' title='bbox 1460 263 1480 284; x_wconf 89' lang='lat' dir='ltr'>a</span> <span class='ocrx_word' id='word_1_31' title='bbox 1507 262 1574 295; x_wconf 84' lang='lat' dir='ltr'>quo</span> <span class='ocrx_word' id='word_1_32' title='bbox 1608 257 1642 284; x_wconf 83' lang='lat' dir='ltr'>et</span> <span class='ocrx_word' id='word_1_33' title='bbox 1667 252 1866 285; x_wconf 85' lang='lat' dir='ltr'>vocabulum</span> <span class='ocrx_word' id='word_1_34' title='bbox 1894 255 2026 287; x_wconf 78' lang='lat' dir='ltr'>traxisse</span> 
     </span>
    </p>
   </div>
   <div class='ocr_carea' id='block_1_7' title="bbox 87 302 417 388">
    <p class='ocr_par' dir='ltr' id='par_1_7' title="bbox 87 302 417 388">
     <span class='ocr_line' id='line_1_7' title="bbox 87 302 417 350; baseline -0.015 -12"><span class='ocrx_word' id='word_1_35' title='bbox 87 305 182 350; x_wconf 82' lang='lat' dir='ltr'>regio</span> <span class='ocrx_word' id='word_1_36' title='bbox 212 302 417 348; x_wconf 79' lang='lat' dir='ltr'>perhibetur.</span> 
     </span>
     <span class='ocr_line' id='line_1_8' title="bbox 257 354 311 388; baseline 0.037 -2"><span class='ocrx_word' id='word_1_37' title='bbox 257 355 272 386; x_wconf 80' lang='grc'><strong>1</strong></span> <span class='ocrx_word' id='word_1_38' title='bbox 282 354 311 388; x_wconf 93' lang='lat' dir='ltr'>l.</span> 
     </span>
    </p>
   </div>
   <div class='ocr_carea' id='block_1_8' title="bbox 88 406 270 441">
    <p class='ocr_par' dir='ltr' id='par_1_8' title="bbox 88 406 270 441">
     <span class='ocr_line' id='line_1_9' title="bbox 88 406 270 441; baseline -0.016 0"><span class='ocrx_word' id='word_1_39' title='bbox 88 419 128 441; x_wconf 91' lang='lat' dir='ltr'>ea</span> <span class='ocrx_word' id='word_1_40' title='bbox 147 406 270 439; x_wconf 86' lang='lat' dir='ltr'>datum.</span> 
     </span>
    </p>
   </div>
   <div class='ocr_carea' id='block_1_9' title="bbox 324 351 2026 451">
    <p class='ocr_par' dir='ltr' id='par_1_9' title="bbox 324 351 2026 451">
     <span class='ocr_line' id='line_1_10' title="bbox 366 351 1538 393; baseline 0.002 -9"><span class='ocrx_word' id='word_1_41' title='bbox 366 353 563 385; x_wconf 75' lang='lat' dir='ltr'>Mauritania</span> <span class='ocrx_word' id='word_1_42' title='bbox 591 363 669 385; x_wconf 74' lang='lat' dir='ltr'>vcro</span> <span class='ocrx_word' id='word_1_43' title='bbox 696 352 914 385; x_wconf 73' lang='lat' dir='ltr'>Caesariensis</span> <span class='ocrx_word' id='word_1_44' title='bbox 943 353 1074 384; x_wconf 78' lang='lat' dir='ltr'>colonia</span> <span class='ocrx_word' id='word_1_45' title='bbox 1102 353 1256 387; x_wconf 71' lang='lat' dir='ltr'>caesaria</span> <span class='ocrx_word' id='word_1_46' title='bbox 1284 354 1397 388; x_wconf 56' lang='lat' dir='ltr'>civitas</span> <span class='ocrx_word' id='word_1_47' title='bbox 1424 351 1538 393; x_wconf 74' lang='lat' dir='ltr'>suit⁸⁷‚</span> 
     </span>
     <span class='ocr_line' id='line_1_11' title="bbox 324 401 2026 451; baseline 0.001 -14"><span class='ocrx_word' id='word_1_48' title='bbox 324 405 494 447; x_wconf 82' lang='lat' dir='ltr'>Utraeque</span> <span class='ocrx_word' id='word_1_49' title='bbox 530 404 629 448; x_wconf 80' lang='lat' dir='ltr'>igitur</span> <span class='ocrx_word' id='word_1_50' title='bbox 654 404 846 448; x_wconf 76' lang='lat' dir='ltr'>provinciae</span> <span class='ocrx_word' id='word_1_51' title='bbox 862 401 882 420; x_wconf 55' lang='lat'>¹⁵</span> <span class='ocrx_word' id='word_1_52' title='bbox 908 404 969 436; x_wconf 81' lang='lat' dir='ltr'>sibi</span> <span class='ocrx_word' id='word_1_53' title='bbox 997 405 1193 438; x_wconf 85' lang='lat' dir='ltr'>coniunctae</span> <span class='ocrx_word' id='word_1_54' title='bbox 1225 406 1268 439; x_wconf 89' lang='lat' dir='ltr'>ab</span> <span class='ocrx_word' id='word_1_55' title='bbox 1295 406 1420 438; x_wconf 86' lang='lat' dir='ltr'>oriente</span> <span class='ocrx_word' id='word_1_56' title='bbox 1448 406 1638 438; x_wconf 77' lang='lat' dir='ltr'>Numidiam</span> <span class='ocrx_word' id='word_1_57' title='bbox 1665 405 1806 446; x_wconf 77' lang='lat' dir='ltr'>habent,</span> <span class='ocrx_word' id='word_1_58' title='bbox 1847 418 1866 439; x_wconf 88' lang='lat' dir='ltr'>a</span> <span class='ocrx_word' id='word_1_59' title='bbox 1892 412 2026 451; x_wconf 84' lang='lat' dir='ltr'>septen—</span> 
     </span>
    </p>
   </div>
   <div class='ocr_carea' id='block_1_10' title="bbox 1567 356 2027 399">
    <p class='ocr_par' dir='ltr' id='par_1_10' title="bbox 1567 356 2027 399">
     <span class='ocr_line' id='line_1_12' title="bbox 1567 356 2027 399; baseline 0.007 -13"><span class='ocrx_word' id='word_1_60' title='bbox 1567 360 1598 386; x_wconf 91' lang='lat' dir='ltr'>et</span> <span class='ocrx_word' id='word_1_61' title='bbox 1622 366 1743 387; x_wconf 85' lang='lat' dir='ltr'>nomen</span> <span class='ocrx_word' id='word_1_62' title='bbox 1768 356 1961 399; x_wconf 77' lang='lat' dir='ltr'>provinciae</span> <span class='ocrx_word' id='word_1_63' title='bbox 1987 367 2027 389; x_wconf 78' lang='lat' dir='ltr'>ex</span> 
     </span>
    </p>
   </div>
   <div class='ocr_carea' id='block_1_11' title="bbox 86 455 2027 551">
    <p class='ocr_par' dir='ltr' id='par_1_11' title="bbox 86 455 2027 551">
     <span class='ocr_line' id='line_1_13' title="bbox 86 455 2027 501; baseline 0 -10"><span class='ocrx_word' id='word_1_64' title='bbox 86 459 192 491; x_wconf 83' lang='lat' dir='ltr'>trione</span> <span class='ocrx_word' id='word_1_65' title='bbox 219 469 309 490; x_wconf 90' lang='lat' dir='ltr'>mare</span> <span class='ocrx_word' id='word_1_66' title='bbox 336 467 513 500; x_wconf 86' lang='lat' dir='ltr'>magnum,</span> <span class='ocrx_word' id='word_1_67' title='bbox 541 457 582 488; x_wconf 85' lang='lat' dir='ltr'>ab</span> <span class='ocrx_word' id='word_1_68' title='bbox 605 467 727 490; x_wconf 87' lang='lat' dir='ltr'>occasu</span> <span class='ocrx_word' id='word_1_69' title='bbox 754 456 875 489; x_wconf 87' lang='lat' dir='ltr'>llumen</span> <span class='ocrx_word' id='word_1_70' title='bbox 902 455 1069 495; x_wconf 85' lang='lat' dir='ltr'>Malvam,</span> <span class='ocrx_word' id='word_1_71' title='bbox 1097 469 1115 488; x_wconf 88' lang='lat' dir='ltr'>a</span> <span class='ocrx_word' id='word_1_72' title='bbox 1144 458 1281 490; x_wconf 87' lang='lat' dir='ltr'>meridie</span> <span class='ocrx_word' id='word_1_73' title='bbox 1308 463 1456 490; x_wconf 89' lang='lat' dir='ltr'>montem</span> <span class='ocrx_word' id='word_1_74' title='bbox 1483 458 1654 498; x_wconf 79' lang='lat' dir='ltr'>Astrixim,</span> <span class='ocrx_word' id='word_1_75' title='bbox 1682 458 1738 501; x_wconf 86' lang='lat' dir='ltr'>qui</span> <span class='ocrx_word' id='word_1_76' title='bbox 1765 458 1920 493; x_wconf 78' lang='lat' dir='ltr'>discernit</span> <span class='ocrx_word' id='word_1_77' title='bbox 1944 459 2027 492; x_wconf 87' lang='lat' dir='ltr'>inter</span> 
     </span>
     <span class='ocr_line' id='line_1_14' title="bbox 87 508 1216 551; baseline -0.001 -8"><span class='ocrx_word' id='word_1_78' title='bbox 87 510 288 543; x_wconf 79' lang='lat' dir='ltr'>foecundam</span> <span class='ocrx_word' id='word_1_79' title='bbox 315 514 435 541; x_wconf 87' lang='lat' dir='ltr'>terram</span> <span class='ocrx_word' id='word_1_80' title='bbox 461 512 493 540; x_wconf 81' lang='lat' dir='ltr'>ct</span> <span class='ocrx_word' id='word_1_81' title='bbox 520 518 634 541; x_wconf 78' lang='lat' dir='ltr'>arenas</span> <span class='ocrx_word' id='word_1_82' title='bbox 659 508 803 541; x_wconf 76' lang='lat' dir='ltr'>iacentes</span> <span class='ocrx_word' id='word_1_83' title='bbox 829 518 934 551; x_wconf 86' lang='lat' dir='ltr'>usque</span> <span class='ocrx_word' id='word_1_84' title='bbox 961 508 1004 540; x_wconf 90' lang='lat' dir='ltr'>ad</span> <span class='ocrx_word' id='word_1_85' title='bbox 1032 509 1216 542; x_wconf 82' lang='lat' dir='ltr'>Oceanum.</span> 
     </span>
    </p>
   </div>
   <div class='ocr_carea' id='block_1_12' title="bbox 253 556 811 592">
    <p class='ocr_par' dir='ltr' id='par_1_12' title="bbox 253 556 811 592">
     <span class='ocr_line' id='line_1_15' title="bbox 253 556 811 592; baseline -0.004 0"><span class='ocrx_word' id='word_1_86' title='bbox 253 559 309 592; x_wconf 81' lang='lat'>12.</span> <span class='ocrx_word' id='word_1_87' title='bbox 787 556 811 575; x_wconf 71' lang='lat'>⁴⁰</span> 
     </span>
    </p>
   </div>
   <div class='ocr_carea' id='block_1_13' title="bbox 362 559 775 604">
    <p class='ocr_par' dir='ltr' id='par_1_13' title="bbox 362 559 775 604">
     <span class='ocr_line' id='line_1_16' title="bbox 362 559 775 604; baseline 0.002 -14"><span class='ocrx_word' id='word_1_88' title='bbox 362 559 564 591; x_wconf 78' lang='lat' dir='ltr'>Mauritania</span> <span class='ocrx_word' id='word_1_89' title='bbox 585 560 775 604; x_wconf 82' lang='lat' dir='ltr'>Tingitania</span> 
     </span>
    </p>
   </div>
   <div class='ocr_carea' id='block_1_14' title="bbox 834 556 2025 604">
    <p class='ocr_par' dir='ltr' id='par_1_14' title="bbox 834 556 2025 604">
     <span class='ocr_line' id='line_1_17' title="bbox 834 556 2025 604; baseline 0.001 -13"><span class='ocrx_word' id='word_1_90' title='bbox 834 572 852 591; x_wconf 91' lang='lat' dir='ltr'>a</span> <span class='ocrx_word' id='word_1_91' title='bbox 879 560 982 603; x_wconf 80' lang='lat' dir='ltr'>Tingi</span> <span class='ocrx_word' id='word_1_92' title='bbox 1009 561 1266 604; x_wconf 86' lang='lat' dir='ltr'>metropolitana</span> <span class='ocrx_word' id='word_1_93' title='bbox 1290 560 1387 592; x_wconf 83' lang='lat' dir='ltr'>huius</span> <span class='ocrx_word' id='word_1_94' title='bbox 1414 560 1605 603; x_wconf 81' lang='lat' dir='ltr'>provinciae</span> <span class='ocrx_word' id='word_1_95' title='bbox 1633 560 1762 593; x_wconf 83' lang='lat' dir='ltr'>civitate</span> <span class='ocrx_word' id='word_1_96' title='bbox 1790 565 1907 593; x_wconf 81' lang='lat' dir='ltr'>vocata</span> <span class='ocrx_word' id='word_1_97' title='bbox 1933 556 2025 592; x_wconf 68' lang='lat' dir='ltr'>est⁵⁰.</span> 
     </span>
    </p>
   </div>
   <div class='ocr_carea' id='block_1_15' title="bbox 86 610 2029 707">
    <p class='ocr_par' dir='ltr' id='par_1_15' title="bbox 86 610 2029 707">
     <span class='ocr_line' id='line_1_18' title="bbox 86 610 2027 655; baseline -0.002 -9"><span class='ocrx_word' id='word_1_98' title='bbox 86 613 181 646; x_wconf 84' lang='lat' dir='ltr'>Ilaec</span> <span class='ocrx_word' id='word_1_99' title='bbox 203 611 317 644; x_wconf 84' lang='lat' dir='ltr'>ultima</span> <span class='ocrx_word' id='word_1_100' title='bbox 342 610 477 643; x_wconf 83' lang='lat' dir='ltr'>Africae</span> <span class='ocrx_word' id='word_1_101' title='bbox 505 611 649 655; x_wconf 76' lang='lat' dir='ltr'>exsurgit</span> <span class='ocrx_word' id='word_1_102' title='bbox 684 623 702 643; x_wconf 91' lang='lat' dir='ltr'>a</span> <span class='ocrx_word' id='word_1_103' title='bbox 730 611 894 644; x_wconf 83' lang='lat' dir='ltr'>montibus</span> <span class='ocrx_word' id='word_1_104' title='bbox 916 611 995 653; x_wconf 73' lang='lat' dir='ltr'>vll,</span> <span class='ocrx_word' id='word_1_105' title='bbox 1030 611 1156 644; x_wconf 85' lang='lat' dir='ltr'>habens</span> <span class='ocrx_word' id='word_1_106' title='bbox 1183 613 1226 645; x_wconf 86' lang='lat' dir='ltr'>ab</span> <span class='ocrx_word' id='word_1_107' title='bbox 1254 612 1380 644; x_wconf 77' lang='lat' dir='ltr'>oriente</span> <span class='ocrx_word' id='word_1_108' title='bbox 1407 612 1530 643; x_wconf 86' lang='lat' dir='ltr'>flumen</span> <span class='ocrx_word' id='word_1_109' title='bbox 1558 611 1725 652; x_wconf 81' lang='lat' dir='ltr'>Malvam,</span> <span class='ocrx_word' id='word_1_110' title='bbox 1760 624 1778 643; x_wconf 91' lang='lat' dir='ltr'>a</span> <span class='ocrx_word' id='word_1_111' title='bbox 1804 612 2027 655; x_wconf 71' lang='lat' dir='ltr'>septentrione</span> 
     </span>
     <span class='ocr_line' id='line_1_19' title="bbox 86 662 2029 707; baseline -0.001 -11"><span class='ocrx_word' id='word_1_112' title='bbox 86 664 206 697; x_wconf 82' lang='lat' dir='ltr'>fretum</span> <span class='ocrx_word' id='word_1_113' title='bbox 244 662 465 703; x_wconf 86' lang='lat' dir='ltr'>Gaditanum,</span> <span class='ocrx_word' id='word_1_114' title='bbox 510 663 552 695; x_wconf 88' lang='lat' dir='ltr'>ab</span> <span class='ocrx_word' id='word_1_115' title='bbox 585 663 728 696; x_wconf 89' lang='lat' dir='ltr'>occiduo</span> <span class='ocrx_word' id='word_1_116' title='bbox 761 663 933 696; x_wconf 78' lang='lat' dir='ltr'>Oceanum</span> <span class='ocrx_word' id='word_1_117' title='bbox 962 663 1206 704; x_wconf 80' lang='lat' dir='ltr'>Athlanticum,</span> <span class='ocrx_word' id='word_1_118' title='bbox 1253 675 1272 695; x_wconf 89' lang='lat' dir='ltr'>a</span> <span class='ocrx_word' id='word_1_119' title='bbox 1304 662 1443 695; x_wconf 87' lang='lat' dir='ltr'>meridie</span> <span class='ocrx_word' id='word_1_120' title='bbox 1478 663 1660 696; x_wconf 81' lang='lat' dir='ltr'>Gaulalum</span> <span class='ocrx_word' id='word_1_121' title='bbox 1693 668 1809 707; x_wconf 84' lang='lat' dir='ltr'>gentes</span> <span class='ocrx_word' id='word_1_122' title='bbox 1844 674 1946 706; x_wconf 85' lang='lat' dir='ltr'>usque</span> <span class='ocrx_word' id='word_1_123' title='bbox 1982 662 2029 695; x_wconf 84' lang='lat' dir='ltr'>ad</span> 
     </span>
    </p>
   </div>
   <div class='ocr_carea' id='block_1_16' title="bbox 85 714 1756 759">
    <p class='ocr_par' dir='ltr' id='par_1_16' title="bbox 85 714 1756 759">
     <span class='ocr_line' id='line_1_20' title="bbox 85 714 1756 759; baseline -0.001 -10"><span class='ocrx_word' id='word_1_124' title='bbox 85 715 258 749; x_wconf 86' lang='lat' dir='ltr'>Oceanum</span> <span class='ocrx_word' id='word_1_125' title='bbox 285 714 477 758; x_wconf 80' lang='lat' dir='ltr'>hesperium</span> <span class='ocrx_word' id='word_1_126' title='bbox 505 720 724 758; x_wconf 78' lang='lat' dir='ltr'>pererrantes:</span> <span class='ocrx_word' id='word_1_127' title='bbox 754 715 849 759; x_wconf 59' lang='lat' dir='ltr'>regio</span> <span class='ocrx_word' id='word_1_128' title='bbox 871 715 1011 759; x_wconf 76' lang='lat' dir='ltr'>gignens</span> <span class='ocrx_word' id='word_1_129' title='bbox 1038 715 1140 755; x_wconf 65' lang='lat' dir='ltr'>seras,</span> <span class='ocrx_word' id='word_1_130' title='bbox 1169 715 1296 757; x_wconf 86' lang='lat' dir='ltr'>simias,</span> <span class='ocrx_word' id='word_1_131' title='bbox 1324 715 1486 748; x_wconf 85' lang='lat' dir='ltr'>dracones</span> <span class='ocrx_word' id='word_1_132' title='bbox 1504 720 1535 747; x_wconf 86' lang='lat' dir='ltr'>et</span> <span class='ocrx_word' id='word_1_133' title='bbox 1549 714 1756 748; x_wconf 71' lang='lat' dir='ltr'>struthiones.</span> 
     </span>
    </p>
   </div>
   <div class='ocr_carea' id='block_1_17' title="bbox 1810 714 2026 748">
    <p class='ocr_par' dir='ltr' id='par_1_17' title="bbox 1810 714 2026 748">
     <span class='ocr_line' id='line_1_21' title="bbox 1810 714 2026 748; baseline -0.005 0"><span class='ocrx_word' id='word_1_134' title='bbox 1810 714 1904 748; x_wconf 89' lang='lat' dir='ltr'>Olim</span> <span class='ocrx_word' id='word_1_135' title='bbox 1927 714 2026 748; x_wconf 85' lang='lat' dir='ltr'>etiam</span> 
     </span>
    </p>
   </div>
   <div class='ocr_carea' id='block_1_18' title="bbox 85 765 1178 810">
    <p class='ocr_par' dir='ltr' id='par_1_18' title="bbox 85 765 1178 810">
     <span class='ocr_line' id='line_1_22' title="bbox 85 765 1178 810; baseline -0.002 -10"><span class='ocrx_word' id='word_1_136' title='bbox 85 771 118 800; x_wconf 82' lang='lat' dir='ltr'>et</span> <span class='ocrx_word' id='word_1_137' title='bbox 144 765 331 810; x_wconf 83' lang='lat' dir='ltr'>elephantis</span> <span class='ocrx_word' id='word_1_138' title='bbox 358 765 460 810; x_wconf 88' lang='lat' dir='ltr'>plena</span> <span class='ocrx_word' id='word_1_139' title='bbox 487 766 564 806; x_wconf 86' lang='lat' dir='ltr'>suit,</span> <span class='ocrx_word' id='word_1_140' title='bbox 592 778 675 809; x_wconf 80' lang='lat' dir='ltr'>qnos</span> <span class='ocrx_word' id='word_1_141' title='bbox 702 767 771 798; x_wconf 78' lang='lat' dir='ltr'>sola</span> <span class='ocrx_word' id='word_1_142' title='bbox 798 777 884 799; x_wconf 92' lang='lat' dir='ltr'>nunc</span> <span class='ocrx_word' id='word_1_143' title='bbox 910 766 1005 798; x_wconf 82' lang='lat' dir='ltr'>lndia</span> <span class='ocrx_word' id='word_1_144' title='bbox 1031 766 1178 810; x_wconf 83' lang='lat' dir='ltr'>parturit.</span> 
     </span>
    </p>
   </div>
   <div class='ocr_carea' id='block_1_19' title="bbox 250 817 1356 864">
    <p class='ocr_par' dir='ltr' id='par_1_19' title="bbox 250 817 1356 864">
     <span class='ocr_line' id='line_1_23' title="bbox 250 817 1356 864; baseline 0 -14"><span class='ocrx_word' id='word_1_145' title='bbox 250 817 308 850; x_wconf 83' lang='lat'>13.</span> <span class='ocrx_word' id='word_1_146' title='bbox 361 817 568 850; x_wconf 74' lang='lat' dir='ltr'>Garamantis</span> <span class='ocrx_word' id='word_1_147' title='bbox 596 819 739 864; x_wconf 78' lang='lat' dir='ltr'>regionis</span> <span class='ocrx_word' id='word_1_148' title='bbox 771 822 871 862; x_wconf 83' lang='lat' dir='ltr'>capnt</span> <span class='ocrx_word' id='word_1_149' title='bbox 906 817 1051 850; x_wconf 82' lang='lat' dir='ltr'>Garama</span> <span class='ocrx_word' id='word_1_150' title='bbox 1085 817 1250 862; x_wconf 89' lang='lat' dir='ltr'>oppidum</span> <span class='ocrx_word' id='word_1_151' title='bbox 1284 817 1356 850; x_wconf 82' lang='lat' dir='ltr'>suit.</span> 
     </span>
    </p>
   </div>
   <div class='ocr_carea' id='block_1_20' title="bbox 1409 816 2030 860">
    <p class='ocr_par' dir='ltr' id='par_1_20' title="bbox 1409 816 2030 860">
     <span class='ocr_line' id='line_1_24' title="bbox 1409 816 2030 860; baseline -0.002 -11"><span class='ocrx_word' id='word_1_152' title='bbox 1409 818 1469 850; x_wconf 82' lang='lat' dir='ltr'>Est</span> <span class='ocrx_word' id='word_1_153' title='bbox 1495 822 1604 849; x_wconf 87' lang='lat' dir='ltr'>autem</span> <span class='ocrx_word' id='word_1_154' title='bbox 1632 817 1716 850; x_wconf 91' lang='lat' dir='ltr'>inter</span> <span class='ocrx_word' id='word_1_155' title='bbox 1746 816 1969 860; x_wconf 80' lang='lat' dir='ltr'>Cyrenensern</span> <span class='ocrx_word' id='word_1_156' title='bbox 1996 822 2030 849; x_wconf 87' lang='lat' dir='ltr'>et</span> 
     </span>
    </p>
   </div>
   <div class='ocr_carea' id='block_1_21' title="bbox 83 866 1559 914">
    <p class='ocr_par' dir='ltr' id='par_1_21' title="bbox 83 866 1559 914">
     <span class='ocr_line' id='line_1_25' title="bbox 83 866 1559 914; baseline -0.001 -11"><span class='ocrx_word' id='word_1_157' title='bbox 83 868 318 914; x_wconf 89' lang='lat' dir='ltr'>Aethiopiam,</span> <span class='ocrx_word' id='word_1_158' title='bbox 350 869 408 902; x_wconf 88' lang='lat' dir='ltr'>ubi</span> <span class='ocrx_word' id='word_1_159' title='bbox 435 874 483 902; x_wconf 83' lang='lat' dir='ltr'>est</span> <span class='ocrx_word' id='word_1_160' title='bbox 509 870 599 909; x_wconf 85' lang='lat' dir='ltr'>fons,</span> <span class='ocrx_word' id='word_1_161' title='bbox 622 872 679 913; x_wconf 86' lang='lat' dir='ltr'>qui</span> <span class='ocrx_word' id='word_1_162' title='bbox 706 866 840 913; x_wconf 66' lang='lat' dir='ltr'>friget³¹</span> <span class='ocrx_word' id='word_1_163' title='bbox 869 868 980 901; x_wconf 86' lang='lat' dir='ltr'>calore</span> <span class='ocrx_word' id='word_1_164' title='bbox 1009 869 1092 910; x_wconf 86' lang='lat' dir='ltr'>diei,</span> <span class='ocrx_word' id='word_1_165' title='bbox 1119 875 1151 902; x_wconf 84' lang='lat' dir='ltr'>et</span> <span class='ocrx_word' id='word_1_166' title='bbox 1178 870 1266 904; x_wconf 91' lang='lat' dir='ltr'>calet</span> <span class='ocrx_word' id='word_1_167' title='bbox 1290 870 1418 914; x_wconf 85' lang='lat' dir='ltr'>frigore</span> <span class='ocrx_word' id='word_1_168' title='bbox 1444 869 1559 903; x_wconf 78' lang='lat' dir='ltr'>noctis.</span> 
     </span>
    </p>
   </div>
   <div class='ocr_carea' id='block_1_22' title="bbox 83 920 2029 1120">
    <p class='ocr_par' dir='ltr' id='par_1_22' title="bbox 83 920 2029 1120">
     <span class='ocr_line' id='line_1_26' title="bbox 248 920 1621 965; baseline 0.001 -12"><span class='ocrx_word' id='word_1_169' title='bbox 248 920 306 956; x_wconf 72' lang='lat'>14.</span> <span class='ocrx_word' id='word_1_170' title='bbox 364 920 545 965; x_wconf 79' lang='lat' dir='ltr'>Aethiopia</span> <span class='ocrx_word' id='word_1_171' title='bbox 568 922 655 955; x_wconf 87' lang='lat' dir='ltr'>dicta</span> <span class='ocrx_word' id='word_1_172' title='bbox 681 934 700 953; x_wconf 94' lang='lat' dir='ltr'>a</span> <span class='ocrx_word' id='word_1_173' title='bbox 727 921 839 954; x_wconf 86' lang='lat' dir='ltr'>calore</span> <span class='ocrx_word' id='word_1_174' title='bbox 865 921 1085 965; x_wconf 89' lang='lat' dir='ltr'>populorum,</span> <span class='ocrx_word' id='word_1_175' title='bbox 1123 932 1207 965; x_wconf 88' lang='lat' dir='ltr'>quos</span> <span class='ocrx_word' id='word_1_176' title='bbox 1235 921 1313 955; x_wconf 76' lang='lat' dir='ltr'>solis</span> <span class='ocrx_word' id='word_1_177' title='bbox 1338 921 1484 955; x_wconf 81' lang='lat' dir='ltr'>vicinitas</span> <span class='ocrx_word' id='word_1_178' title='bbox 1506 925 1621 955; x_wconf 82' lang='lat' dir='ltr'>torret.</span> 
     </span>
     <span class='ocr_line' id='line_1_27' title="bbox 83 971 1123 1016; baseline 0.003 -13"><span class='ocrx_word' id='word_1_179' title='bbox 83 971 126 1004; x_wconf 87' lang='lat' dir='ltr'>ris</span> <span class='ocrx_word' id='word_1_180' title='bbox 152 971 267 1015; x_wconf 85' lang='lat' dir='ltr'>prodit</span> <span class='ocrx_word' id='word_1_181' title='bbox 294 971 467 1005; x_wconf 84' lang='lat' dir='ltr'>hominum</span> <span class='ocrx_word' id='word_1_182' title='bbox 495 973 605 1015; x_wconf 83' lang='lat' dir='ltr'>color,</span> <span class='ocrx_word' id='word_1_183' title='bbox 635 978 682 1006; x_wconf 82' lang='lat' dir='ltr'>est</span> <span class='ocrx_word' id='word_1_184' title='bbox 708 973 794 1005; x_wconf 90' lang='lat' dir='ltr'>enim</span> <span class='ocrx_word' id='word_1_185' title='bbox 821 972 868 1004; x_wconf 84' lang='lat' dir='ltr'>ibi</span> <span class='ocrx_word' id='word_1_186' title='bbox 894 973 981 1016; x_wconf 85' lang='lat' dir='ltr'>iugis</span> <span class='ocrx_word' id='word_1_187' title='bbox 1008 978 1123 1007; x_wconf 75' lang='lat' dir='ltr'>aestus,</span> 
     </span>
     <span class='ocr_line' id='line_1_28' title="bbox 335 1021 2029 1067; baseline -0.003 -9"><span class='ocrx_word' id='word_1_188' title='bbox 335 1024 431 1058; x_wconf 91' lang='lat' dir='ltr'>Circa</span> <span class='ocrx_word' id='word_1_189' title='bbox 459 1025 635 1058; x_wconf 87' lang='lat' dir='ltr'>occiduum</span> <span class='ocrx_word' id='word_1_190' title='bbox 658 1029 768 1057; x_wconf 85' lang='lat' dir='ltr'>autem</span> <span class='ocrx_word' id='word_1_191' title='bbox 792 1029 965 1056; x_wconf 82' lang='lat' dir='ltr'>montuosa</span> <span class='ocrx_word' id='word_1_192' title='bbox 993 1030 1052 1067; x_wconf 79' lang='lat' dir='ltr'>est,</span> <span class='ocrx_word' id='word_1_193' title='bbox 1080 1036 1217 1058; x_wconf 84' lang='lat' dir='ltr'>arenosa</span> <span class='ocrx_word' id='word_1_194' title='bbox 1244 1025 1276 1057; x_wconf 92' lang='lat' dir='ltr'>in</span> <span class='ocrx_word' id='word_1_195' title='bbox 1302 1025 1415 1058; x_wconf 91' lang='lat' dir='ltr'>medio</span> <span class='ocrx_word' id='word_1_196' title='bbox 1426 1021 1466 1065; x_wconf 79' lang='lat'>⁵³,</span> <span class='ocrx_word' id='word_1_197' title='bbox 1495 1024 1537 1056; x_wconf 88' lang='lat' dir='ltr'>ad</span> <span class='ocrx_word' id='word_1_198' title='bbox 1565 1023 1758 1056; x_wconf 87' lang='lat' dir='ltr'>orientaiem</span> <span class='ocrx_word' id='word_1_199' title='bbox 1785 1033 1864 1054; x_wconf 89' lang='lat' dir='ltr'>vero</span> <span class='ocrx_word' id='word_1_200' title='bbox 1891 1021 2029 1066; x_wconf 84' lang='lat' dir='ltr'>plagam</span> 
     </span>
     <span class='ocr_line' id='line_1_29' title="bbox 278 1073 2028 1120; baseline -0.003 -11"><span class='ocrx_word' id='word_1_201' title='bbox 278 1075 370 1109; x_wconf 87' lang='lat' dir='ltr'>cuius</span> <span class='ocrx_word' id='word_1_202' title='bbox 397 1076 473 1108; x_wconf 84' lang='lat' dir='ltr'>situs</span> <span class='ocrx_word' id='word_1_203' title='bbox 500 1077 541 1108; x_wconf 88' lang='lat' dir='ltr'>ab</span> <span class='ocrx_word' id='word_1_204' title='bbox 569 1076 712 1110; x_wconf 85' lang='lat' dir='ltr'>occiduo</span> <span class='ocrx_word' id='word_1_205' title='bbox 740 1076 879 1109; x_wconf 87' lang='lat' dir='ltr'>Atlantis</span> <span class='ocrx_word' id='word_1_206' title='bbox 907 1077 1026 1109; x_wconf 85' lang='lat' dir='ltr'>montis</span> <span class='ocrx_word' id='word_1_207' title='bbox 1056 1076 1099 1108; x_wconf 78' lang='lat' dir='ltr'>ad</span> <span class='ocrx_word' id='word_1_208' title='bbox 1127 1077 1287 1110; x_wconf 89' lang='lat' dir='ltr'>orientem</span> <span class='ocrx_word' id='word_1_209' title='bbox 1314 1088 1418 1120; x_wconf 79' lang='lat' dir='ltr'>usque</span> <span class='ocrx_word' id='word_1_210' title='bbox 1444 1073 1521 1108; x_wconf 66' lang='lat' dir='ltr'>adM</span> <span class='ocrx_word' id='word_1_211' title='bbox 1547 1075 1697 1120; x_wconf 76' lang='lat' dir='ltr'>Aegypti</span> <span class='ocrx_word' id='word_1_212' title='bbox 1724 1075 1804 1106; x_wconf 84' lang='lat' dir='ltr'>lines</span> <span class='ocrx_word' id='word_1_213' title='bbox 1832 1074 2028 1117; x_wconf 75' lang='lat' dir='ltr'>porrigitur,</span> 
     </span>
    </p>
   </div>
   <div class='ocr_carea' id='block_1_23' title="bbox 83 1019 280 1056">
    <p class='ocr_par' dir='ltr' id='par_1_23' title="bbox 83 1019 280 1056">
     <span class='ocr_line' id='line_1_30' title="bbox 83 1019 280 1056; baseline 0.005 -1"><span class='ocrx_word' id='word_1_214' title='bbox 83 1023 162 1055; x_wconf 88' lang='lat' dir='ltr'>dine</span> <span class='ocrx_word' id='word_1_215' title='bbox 171 1019 196 1039; x_wconf 81' lang='lat'>⁵²</span> <span class='ocrx_word' id='word_1_216' title='bbox 223 1028 280 1056; x_wconf 88' lang='lat' dir='ltr'>est.</span> 
     </span>
    </p>
   </div>
   <div class='ocr_carea' id='block_1_24' title="bbox 83 1074 230 1108">
    <p class='ocr_par' dir='ltr' id='par_1_24' title="bbox 83 1074 230 1108">
     <span class='ocr_line' id='line_1_31' title="bbox 83 1074 230 1108; baseline 0 -1"><span class='ocrx_word' id='word_1_217' title='bbox 83 1074 230 1108; x_wconf 85' lang='lat' dir='ltr'>deserta:</span> 
     </span>
    </p>
   </div>
   <div class='ocr_carea' id='block_1_25' title="bbox 1176 917 2028 1017">
    <p class='ocr_par' dir='ltr' id='par_1_25' title="bbox 1176 917 2028 1017">
     <span class='ocr_line' id='line_1_32' title="bbox 1671 917 2027 961; baseline -0.006 -9"><span class='ocrx_word' id='word_1_218' title='bbox 1671 919 1825 961; x_wconf 86' lang='lat' dir='ltr'>Denique</span> <span class='ocrx_word' id='word_1_219' title='bbox 1849 918 1916 950; x_wconf 78' lang='lat' dir='ltr'>vim</span> <span class='ocrx_word' id='word_1_220' title='bbox 1938 917 2027 950; x_wconf 90' lang='lat' dir='ltr'>side-</span> 
     </span>
     <span class='ocr_line' id='line_1_33' title="bbox 1176 969 2028 1017; baseline -0.006 -11"><span class='ocrx_word' id='word_1_221' title='bbox 1176 974 1261 1006; x_wconf 89' lang='lat' dir='ltr'>Nam</span> <span class='ocrx_word' id='word_1_222' title='bbox 1289 973 1447 1017; x_wconf 85' lang='lat' dir='ltr'>quicquid</span> <span class='ocrx_word' id='word_1_223' title='bbox 1475 973 1543 1006; x_wconf 88' lang='lat' dir='ltr'>eius</span> <span class='ocrx_word' id='word_1_224' title='bbox 1570 977 1634 1012; x_wconf 83' lang='lat' dir='ltr'>est,</span> <span class='ocrx_word' id='word_1_225' title='bbox 1661 971 1721 1003; x_wconf 83' lang='lat' dir='ltr'>sub</span> <span class='ocrx_word' id='word_1_226' title='bbox 1742 969 1926 1003; x_wconf 87' lang='lat' dir='ltr'>meridiano</span> <span class='ocrx_word' id='word_1_227' title='bbox 1955 980 2028 1002; x_wconf 79' lang='lat' dir='ltr'>car·</span> 
     </span>
    </p>
   </div>
   <div class='ocr_carea' id='block_1_26' title="bbox 83 1123 2027 1173">
    <p class='ocr_par' dir='ltr' id='par_1_26' title="bbox 83 1123 2027 1173">
     <span class='ocr_line' id='line_1_34' title="bbox 83 1123 2027 1173; baseline -0.002 -14"><span class='ocrx_word' id='word_1_228' title='bbox 83 1137 102 1158; x_wconf 85' lang='lat' dir='ltr'>a</span> <span class='ocrx_word' id='word_1_229' title='bbox 129 1126 268 1159; x_wconf 88' lang='lat' dir='ltr'>meridie</span> <span class='ocrx_word' id='word_1_230' title='bbox 296 1126 452 1167; x_wconf 78' lang='lat' dir='ltr'>Oceano,</span> <span class='ocrx_word' id='word_1_231' title='bbox 481 1140 499 1159; x_wconf 86' lang='lat' dir='ltr'>a</span> <span class='ocrx_word' id='word_1_232' title='bbox 526 1128 750 1172; x_wconf 80' lang='lat' dir='ltr'>septentrione</span> <span class='ocrx_word' id='word_1_233' title='bbox 777 1128 855 1160; x_wconf 71' lang='lat' dir='ltr'>Nilo</span> <span class='ocrx_word' id='word_1_234' title='bbox 883 1127 1019 1161; x_wconf 84' lang='lat' dir='ltr'>flumine</span> <span class='ocrx_word' id='word_1_235' title='bbox 1052 1128 1235 1170; x_wconf 84' lang='lat' dir='ltr'>clauditur,</span> <span class='ocrx_word' id='word_1_236' title='bbox 1263 1128 1422 1173; x_wconf 86' lang='lat' dir='ltr'>plurimas</span> <span class='ocrx_word' id='word_1_237' title='bbox 1449 1123 1587 1160; x_wconf 78' lang='lat' dir='ltr'>habet⁵⁵</span> <span class='ocrx_word' id='word_1_238' title='bbox 1614 1130 1747 1171; x_wconf 80' lang='lat' dir='ltr'>gentes,</span> <span class='ocrx_word' id='word_1_239' title='bbox 1776 1125 1906 1158; x_wconf 86' lang='lat' dir='ltr'>diverso</span> <span class='ocrx_word' id='word_1_240' title='bbox 1933 1123 2027 1156; x_wconf 89' lang='lat' dir='ltr'>vultu</span> 
     </span>
    </p>
   </div>
   <div class='ocr_carea' id='block_1_27' title="bbox 82 1175 740 1222">
    <p class='ocr_par' dir='ltr' id='par_1_27' title="bbox 82 1175 740 1222">
     <span class='ocr_line' id='line_1_35' title="bbox 82 1175 740 1222; baseline 0.003 -12"><span class='ocrx_word' id='word_1_241' title='bbox 82 1182 115 1210; x_wconf 88' lang='lat' dir='ltr'>et</span> <span class='ocrx_word' id='word_1_242' title='bbox 145 1175 386 1211; x_wconf 63' lang='lat' dir='ltr'>monstruosafiff</span> <span class='ocrx_word' id='word_1_243' title='bbox 413 1180 526 1222; x_wconf 84' lang='lat' dir='ltr'>specie</span> <span class='ocrx_word' id='word_1_244' title='bbox 554 1179 740 1212; x_wconf 80' lang='lat' dir='ltr'>horribiles.</span> 
     </span>
    </p>
   </div>
   <div class='ocr_carea' id='block_1_28' title="bbox 247 1226 1458 1274">
    <p class='ocr_par' dir='ltr' id='par_1_28' title="bbox 247 1226 1458 1274">
     <span class='ocr_line' id='line_1_36' title="bbox 247 1226 1458 1274; baseline 0 -13"><span class='ocrx_word' id='word_1_245' title='bbox 247 1227 307 1264; x_wconf 81' lang='lat'>15.</span> <span class='ocrx_word' id='word_1_246' title='bbox 361 1229 521 1262; x_wconf 83' lang='lat' dir='ltr'>Ferarum</span> <span class='ocrx_word' id='word_1_247' title='bbox 545 1242 680 1274; x_wconf 85' lang='lat' dir='ltr'>quoque</span> <span class='ocrx_word' id='word_1_248' title='bbox 702 1235 734 1264; x_wconf 89' lang='lat' dir='ltr'>et</span> <span class='ocrx_word' id='word_1_249' title='bbox 759 1230 959 1274; x_wconf 85' lang='lat' dir='ltr'>serpentium</span> <span class='ocrx_word' id='word_1_250' title='bbox 970 1226 994 1246; x_wconf 78' lang='lat'>⁵⁷</span> <span class='ocrx_word' id='word_1_251' title='bbox 1020 1229 1141 1263; x_wconf 71' lang='lat' dir='ltr'>referta</span> <span class='ocrx_word' id='word_1_252' title='bbox 1166 1235 1213 1262; x_wconf 88' lang='lat' dir='ltr'>est</span> <span class='ocrx_word' id='word_1_253' title='bbox 1239 1229 1458 1262; x_wconf 88' lang='lat' dir='ltr'>multitudine.</span> 
     </span>
    </p>
   </div>
   <div class='ocr_carea' id='block_1_29' title="bbox 1512 1221 2026 1272">
    <p class='ocr_par' dir='ltr' id='par_1_29' title="bbox 1512 1221 2026 1272">
     <span class='ocr_line' id='line_1_37' title="bbox 1512 1221 2026 1272; baseline -0.006 -12"><span class='ocrx_word' id='word_1_254' title='bbox 1512 1224 1599 1261; x_wconf 73' lang='lat' dir='ltr'>1bi⁵⁸</span> <span class='ocrx_word' id='word_1_255' title='bbox 1625 1229 1754 1272; x_wconf 88' lang='lat' dir='ltr'>quippe</span> <span class='ocrx_word' id='word_1_256' title='bbox 1778 1226 1990 1259; x_wconf 88' lang='lat' dir='ltr'>Rhinoceros</span> <span class='ocrx_word' id='word_1_257' title='bbox 2003 1221 2026 1241; x_wconf 74' lang='lat'>⁵⁰</span> 
     </span>
    </p>
   </div>
   <div class='ocr_carea' id='block_1_30' title="bbox 80 1279 2027 1325">
    <p class='ocr_par' dir='ltr' id='par_1_30' title="bbox 80 1279 2027 1325">
     <span class='ocr_line' id='line_1_38' title="bbox 80 1279 2027 1325; baseline -0.002 -14"><span class='ocrx_word' id='word_1_258' title='bbox 80 1279 185 1313; x_wconf 88' lang='lat' dir='ltr'>bestia</span> <span class='ocrx_word' id='word_1_259' title='bbox 212 1285 244 1314; x_wconf 91' lang='lat' dir='ltr'>et</span> <span class='ocrx_word' id='word_1_260' title='bbox 270 1279 578 1325; x_wconf 63' lang='lat' dir='ltr'>camelopardus-w,</span> <span class='ocrx_word' id='word_1_261' title='bbox 616 1289 648 1315; x_wconf 86' lang='lat' dir='ltr'>et</span> <span class='ocrx_word' id='word_1_262' title='bbox 658 1279 681 1298; x_wconf 67' lang='lat'>¹³¹</span> <span class='ocrx_word' id='word_1_263' title='bbox 717 1282 905 1321; x_wconf 72' lang='lat' dir='ltr'>basiliscus,</span> <span class='ocrx_word' id='word_1_264' title='bbox 940 1281 1101 1314; x_wconf 87' lang='lat' dir='ltr'>dracones</span> <span class='ocrx_word' id='word_1_265' title='bbox 1128 1281 1297 1325; x_wconf 73' lang='lat' dir='ltr'>ingentes,</span> <span class='ocrx_word' id='word_1_266' title='bbox 1332 1292 1371 1313; x_wconf 86' lang='lat' dir='ltr'>ex</span> <span class='ocrx_word' id='word_1_267' title='bbox 1398 1291 1541 1323; x_wconf 90' lang='lat' dir='ltr'>quorum</span> <span class='ocrx_word' id='word_1_268' title='bbox 1568 1280 1708 1312; x_wconf 88' lang='lat' dir='ltr'>cerebro</span> <span class='ocrx_word' id='word_1_269' title='bbox 1734 1289 1890 1322; x_wconf 85' lang='lat' dir='ltr'>gennuae</span> <span class='ocrx_word' id='word_1_270' title='bbox 1918 1282 2027 1309; x_wconf 81' lang='lat' dir='ltr'>extra-</span> 
     </span>
    </p>
   </div>
   <div class='ocr_carea' id='block_1_31' title="bbox 636 1330 661 1349">
    <p class='ocr_par' dir='ltr' id='par_1_31' title="bbox 636 1330 661 1349">
     <span class='ocr_line' id='line_1_39' title="bbox 636 1330 661 1349; baseline 0 0"><span class='ocrx_word' id='word_1_271' title='bbox 636 1330 661 1349; x_wconf 73' lang='lat'>62</span> 
     </span>
    </p>
   </div>
   <div class='ocr_carea' id='block_1_32' title="bbox 80 1329 622 1375">
    <p class='ocr_par' dir='ltr' id='par_1_32' title="bbox 80 1329 622 1375">
     <span class='ocr_line' id='line_1_40' title="bbox 80 1329 622 1375; baseline 0.006 -13"><span class='ocrx_word' id='word_1_272' title='bbox 80 1329 213 1366; x_wconf 86' lang='lat' dir='ltr'>huntur.</span> <span class='ocrx_word' id='word_1_273' title='bbox 266 1332 464 1375; x_wconf 68' lang='lat' dir='ltr'>Hacynthus</span> <span class='ocrx_word' id='word_1_274' title='bbox 487 1344 622 1375; x_wconf 85' lang='lat' dir='ltr'>qnoque</span> 
     </span>
    </p>
   </div>
   <div class='ocr_carea' id='block_1_33' title="bbox 688 1332 1318 1376">
    <p class='ocr_par' dir='ltr' id='par_1_33' title="bbox 688 1332 1318 1376">
     <span class='ocr_line' id='line_1_41' title="bbox 688 1332 1318 1376; baseline -0.002 -11"><span class='ocrx_word' id='word_1_275' title='bbox 688 1337 721 1365; x_wconf 89' lang='lat' dir='ltr'>et</span> <span class='ocrx_word' id='word_1_276' title='bbox 748 1332 1002 1376; x_wconf 74' lang='lat' dir='ltr'>chrysoprassus</span> <span class='ocrx_word' id='word_1_277' title='bbox 1029 1333 1075 1365; x_wconf 89' lang='lat' dir='ltr'>ibi</span> <span class='ocrx_word' id='word_1_278' title='bbox 1101 1333 1318 1376; x_wconf 86' lang='lat' dir='ltr'>reperiuntur.</span> 
     </span>
    </p>
   </div>
   <div class='ocr_carea' id='block_1_34' title="bbox 1373 1327 1943 1373">
    <p class='ocr_par' dir='ltr' id='par_1_34' title="bbox 1373 1327 1943 1373">
     <span class='ocr_line' id='line_1_42' title="bbox 1373 1327 1943 1373; baseline -0.005 -10"><span class='ocrx_word' id='word_1_279' title='bbox 1373 1327 1664 1364; x_wconf 51' lang='lat' dir='ltr'>cinnamomum&amp;</span> <span class='ocrx_word' id='word_1_280' title='bbox 1689 1330 1734 1363; x_wconf 89' lang='lat' dir='ltr'>ibi</span> <span class='ocrx_word' id='word_1_281' title='bbox 1766 1329 1943 1373; x_wconf 87' lang='lat' dir='ltr'>colligitur.</span> 
     </span>
    </p>
   </div>
   <div class='ocr_carea' id='block_1_35' title="bbox 245 1378 2026 1428">
    <p class='ocr_par' dir='ltr' id='par_1_35' title="bbox 245 1378 2026 1428">
     <span class='ocr_line' id='line_1_43' title="bbox 245 1378 2026 1428; baseline -0.002 -14"><span class='ocrx_word' id='word_1_282' title='bbox 245 1381 302 1415; x_wconf 84' lang='lat'>16.</span> <span class='ocrx_word' id='word_1_283' title='bbox 356 1383 451 1416; x_wconf 89' lang='lat' dir='ltr'>Duae</span> <span class='ocrx_word' id='word_1_284' title='bbox 478 1389 551 1417; x_wconf 88' lang='lat' dir='ltr'>sunt</span> <span class='ocrx_word' id='word_1_285' title='bbox 584 1388 693 1416; x_wconf 89' lang='lat' dir='ltr'>autem</span> <span class='ocrx_word' id='word_1_286' title='bbox 720 1383 940 1428; x_wconf 82' lang='lat' dir='ltr'>Aethiopiae,</span> <span class='ocrx_word' id='word_1_287' title='bbox 973 1395 1039 1417; x_wconf 90' lang='lat' dir='ltr'>una</span> <span class='ocrx_word' id='word_1_288' title='bbox 1072 1384 1160 1418; x_wconf 91' lang='lat' dir='ltr'>circa</span> <span class='ocrx_word' id='word_1_289' title='bbox 1194 1388 1303 1416; x_wconf 87' lang='lat' dir='ltr'>ortum</span> <span class='ocrx_word' id='word_1_290' title='bbox 1339 1379 1465 1423; x_wconf 73' lang='lat' dir='ltr'>solis⁶¹‚</span> <span class='ocrx_word' id='word_1_291' title='bbox 1506 1383 1609 1415; x_wconf 81' lang='lat' dir='ltr'>altera</span> <span class='ocrx_word' id='word_1_292' title='bbox 1621 1378 1646 1399; x_wconf 77' lang='lat'>⁰⁵</span> <span class='ocrx_word' id='word_1_293' title='bbox 1687 1382 1778 1415; x_wconf 84' lang='lat' dir='ltr'>circa</span> <span class='ocrx_word' id='word_1_294' title='bbox 1810 1391 1966 1414; x_wconf 78' lang='lat' dir='ltr'>occasum</span> <span class='ocrx_word' id='word_1_295' title='bbox 1995 1380 2026 1411; x_wconf 93' lang='lat' dir='ltr'>in</span> 
     </span>
    </p>
   </div>
   <div class='ocr_carea' id='block_1_36' title="bbox 80 1432 289 1467">
    <p class='ocr_par' dir='ltr' id='par_1_36' title="bbox 80 1432 289 1467">
     <span class='ocr_line' id='line_1_44' title="bbox 80 1432 289 1467; baseline 0.005 -2"><span class='ocrx_word' id='word_1_296' title='bbox 80 1432 289 1467; x_wconf 83' lang='lat' dir='ltr'>Mauritania.</span> 
     </span>
    </p>
   </div>
   <div class='ocr_carea' id='block_1_37' title="bbox 79 1477 2028 1582">
    <p class='ocr_par' dir='ltr' id='par_1_37' title="bbox 79 1477 2028 1582">
     <span class='ocr_line' id='line_1_45' title="bbox 246 1477 2028 1531; baseline -0.002 -13"><span class='ocrx_word' id='word_1_297' title='bbox 246 1485 304 1520; x_wconf 75' lang='lat'>17.</span> <span class='ocrx_word' id='word_1_298' title='bbox 357 1487 459 1519; x_wconf 84' lang='lat' dir='ltr'>Extra</span> <span class='ocrx_word' id='word_1_299' title='bbox 481 1491 546 1519; x_wconf 83' lang='lat' dir='ltr'>tres</span> <span class='ocrx_word' id='word_1_300' title='bbox 569 1491 680 1519; x_wconf 85' lang='lat' dir='ltr'>autem</span> <span class='ocrx_word' id='word_1_301' title='bbox 706 1490 818 1529; x_wconf 86' lang='lat' dir='ltr'>partes</span> <span class='ocrx_word' id='word_1_302' title='bbox 845 1486 935 1519; x_wconf 86' lang='lat' dir='ltr'>orbis</span> <span class='ocrx_word' id='word_1_303' title='bbox 962 1491 1080 1529; x_wconf 89' lang='lat' dir='ltr'>quarta</span> <span class='ocrx_word' id='word_1_304' title='bbox 1106 1498 1185 1531; x_wconf 87' lang='lat' dir='ltr'>pars</span> <span class='ocrx_word' id='word_1_305' title='bbox 1207 1491 1295 1518; x_wconf 80' lang='lat' dir='ltr'>trans</span> <span class='ocrx_word' id='word_1_306' title='bbox 1315 1484 1490 1519; x_wconf 89' lang='lat' dir='ltr'>Oceanum</span> <span class='ocrx_word' id='word_1_307' title='bbox 1500 1481 1526 1501; x_wconf 76' lang='lat'>‘⁵⁶</span> <span class='ocrx_word' id='word_1_308' title='bbox 1551 1484 1686 1516; x_wconf 86' lang='lat' dir='ltr'>interior</span> <span class='ocrx_word' id='word_1_309' title='bbox 1714 1488 1763 1516; x_wconf 79' lang='lat' dir='ltr'>est</span> <span class='ocrx_word' id='word_1_310' title='bbox 1788 1484 1821 1515; x_wconf 91' lang='lat' dir='ltr'>in</span> <span class='ocrx_word' id='word_1_311' title='bbox 1842 1477 2028 1518; x_wconf 52' lang='lat' dir='ltr'>meridiem.</span> 
     </span>
     <span class='ocr_line' id='line_1_46' title="bbox 79 1531 2028 1582; baseline -0.002 -14"><span class='ocrx_word' id='word_1_312' title='bbox 79 1546 165 1579; x_wconf 90' lang='lat' dir='ltr'>quae</span> <span class='ocrx_word' id='word_1_313' title='bbox 191 1536 268 1569; x_wconf 83' lang='lat' dir='ltr'>solis</span> <span class='ocrx_word' id='word_1_314' title='bbox 294 1537 415 1570; x_wconf 85' lang='lat' dir='ltr'>ardore</span> <span class='ocrx_word' id='word_1_315' title='bbox 443 1538 612 1582; x_wconf 85' lang='lat' dir='ltr'>incognita</span> <span class='ocrx_word' id='word_1_316' title='bbox 645 1537 738 1569; x_wconf 88' lang='lat' dir='ltr'>nobis</span> <span class='ocrx_word' id='word_1_317' title='bbox 765 1542 814 1570; x_wconf 82' lang='lat' dir='ltr'>est</span> <span class='ocrx_word' id='word_1_318' title='bbox 825 1535 868 1578; x_wconf 72' lang='lat'>⁰³,</span> <span class='ocrx_word' id='word_1_319' title='bbox 909 1538 941 1570; x_wconf 91' lang='lat' dir='ltr'>in</span> <span class='ocrx_word' id='word_1_320' title='bbox 969 1538 1062 1571; x_wconf 85' lang='lat' dir='ltr'>cuius</span> <span class='ocrx_word' id='word_1_321' title='bbox 1103 1538 1223 1571; x_wconf 78' lang='lat' dir='ltr'>linibus</span> <span class='ocrx_word' id='word_1_322' title='bbox 1256 1533 1464 1581; x_wconf 80' lang='lat' dir='ltr'>antipodes⁶⁹</span> <span class='ocrx_word' id='word_1_323' title='bbox 1494 1531 1681 1568; x_wconf 76' lang='lat' dir='ltr'>fabulose⁷⁰</span> <span class='ocrx_word' id='word_1_324' title='bbox 1714 1533 1903 1579; x_wconf 85' lang='lat' dir='ltr'>produntur</span> <span class='ocrx_word' id='word_1_325' title='bbox 1929 1532 2028 1565; x_wconf 89' lang='lat' dir='ltr'>inha-</span> 
     </span>
    </p>
   </div>
   <div class='ocr_carea' id='block_1_38' title="bbox 79 1584 1031 1685">
    <p class='ocr_par' dir='ltr' id='par_1_38' title="bbox 79 1584 1031 1685">
     <span class='ocr_line' id='line_1_47' title="bbox 80 1584 229 1620; baseline 0 0"><span class='ocrx_word' id='word_1_326' title='bbox 80 1584 229 1620; x_wconf 78' lang='lat' dir='ltr'>bitare⁷¹.</span> 
     </span>
     <span class='ocr_line' id='line_1_48' title="bbox 79 1637 1031 1685; baseline 0.003 -14"><span class='ocrx_word' id='word_1_327' title='bbox 79 1638 140 1682; x_wconf 84' lang='lat' dir='ltr'>sis,</span> <span class='ocrx_word' id='word_1_328' title='bbox 166 1644 243 1684; x_wconf 84' lang='lat' dir='ltr'>post</span> <span class='ocrx_word' id='word_1_329' title='bbox 268 1651 356 1683; x_wconf 90' lang='lat' dir='ltr'>quae</span> <span class='ocrx_word' id='word_1_330' title='bbox 367 1637 392 1657; x_wconf 79' lang='lat'>⁷⁴</span> <span class='ocrx_word' id='word_1_331' title='bbox 414 1641 587 1674; x_wconf 87' lang='lat' dir='ltr'>Getuliam</span> <span class='ocrx_word' id='word_1_332' title='bbox 612 1640 797 1684; x_wconf 85' lang='lat' dir='ltr'>accipimus</span> <span class='ocrx_word' id='word_1_333' title='bbox 809 1637 850 1681; x_wconf 77' lang='lat'>⁷⁵,</span> <span class='ocrx_word' id='word_1_334' title='bbox 878 1638 1031 1685; x_wconf 72' lang='lat' dir='ltr'>postea⁷⁶</span> 
     </span>
    </p>
   </div>
   <div class='ocr_carea' id='block_1_39' title="bbox 282 1584 2027 1632">
    <p class='ocr_par' dir='ltr' id='par_1_39' title="bbox 282 1584 2027 1632">
     <span class='ocr_line' id='line_1_49' title="bbox 282 1584 2027 1632; baseline -0.003 -11"><span class='ocrx_word' id='word_1_335' title='bbox 282 1589 439 1621; x_wconf 87' lang='lat' dir='ltr'>Proxima</span> <span class='ocrx_word' id='word_1_336' title='bbox 453 1585 477 1606; x_wconf 75' lang='lat'>⁷²</span> <span class='ocrx_word' id='word_1_337' title='bbox 504 1594 615 1622; x_wconf 84' lang='lat' dir='ltr'>autem</span> <span class='ocrx_word' id='word_1_338' title='bbox 625 1585 650 1606; x_wconf 72' lang='lat'>²³</span> <span class='ocrx_word' id='word_1_339' title='bbox 676 1589 859 1632; x_wconf 83' lang='lat' dir='ltr'>Hispaniae</span> <span class='ocrx_word' id='word_1_340' title='bbox 881 1589 1082 1622; x_wconf 83' lang='lat' dir='ltr'>Mauritania</span> <span class='ocrx_word' id='word_1_341' title='bbox 1106 1595 1169 1630; x_wconf 78' lang='lat' dir='ltr'>est,</span> <span class='ocrx_word' id='word_1_342' title='bbox 1198 1589 1322 1622; x_wconf 88' lang='lat' dir='ltr'>deinde</span> <span class='ocrx_word' id='word_1_343' title='bbox 1348 1587 1526 1629; x_wconf 83' lang='lat' dir='ltr'>Numidia,</span> <span class='ocrx_word' id='word_1_344' title='bbox 1552 1587 1630 1619; x_wconf 91' lang='lat' dir='ltr'>inde</span> <span class='ocrx_word' id='word_1_345' title='bbox 1657 1586 1753 1631; x_wconf 75' lang='lat' dir='ltr'>regio</span> <span class='ocrx_word' id='word_1_346' title='bbox 1781 1584 2027 1628; x_wconf 85' lang='lat' dir='ltr'>Carthaginen-</span> 
     </span>
    </p>
   </div>
   <div class='ocr_carea' id='block_1_40' title="bbox 1064 1631 2028 1685">
    <p class='ocr_par' dir='ltr' id='par_1_40' title="bbox 1064 1631 2028 1685">
     <span class='ocr_line' id='line_1_50' title="bbox 1064 1631 2028 1685; baseline -0.007 -11"><span class='ocrx_word' id='word_1_347' title='bbox 1064 1641 1303 1685; x_wconf 86' lang='lat' dir='ltr'>Aethiopiam,</span> <span class='ocrx_word' id='word_1_348' title='bbox 1348 1640 1427 1673; x_wconf 86' lang='lat' dir='ltr'>inde</span> <span class='ocrx_word' id='word_1_349' title='bbox 1454 1640 1532 1673; x_wconf 84' lang='lat' dir='ltr'>loca</span> <span class='ocrx_word' id='word_1_350' title='bbox 1558 1643 1673 1672; x_wconf 78' lang='lat' dir='ltr'>exusta</span> <span class='ocrx_word' id='word_1_351' title='bbox 1701 1638 1778 1671; x_wconf 81' lang='lat' dir='ltr'>solis</span> <span class='ocrx_word' id='word_1_352' title='bbox 1805 1637 1979 1670; x_wconf 68' lang='lat' dir='ltr'>ardoribus</span> <span class='ocrx_word' id='word_1_353' title='bbox 1992 1631 2028 1668; x_wconf 74' lang='lat'>⁷².</span> 
     </span>
    </p>
   </div>
   <div class='ocr_carea' id='block_1_41' title="bbox 242 1688 2029 1738">
    <p class='ocr_par' dir='ltr' id='par_1_41' title="bbox 242 1688 2029 1738">
     <span class='ocr_line' id='line_1_51' title="bbox 242 1688 2029 1738; baseline -0.002 -16"><span class='ocrx_word' id='word_1_354' title='bbox 242 1690 301 1724; x_wconf 81' lang='lat'>18.</span> <span class='ocrx_word' id='word_1_355' title='bbox 354 1692 539 1726; x_wconf 85' lang='lat' dir='ltr'>Sciendum</span> <span class='ocrx_word' id='word_1_356' title='bbox 564 1703 659 1735; x_wconf 87' lang='lat' dir='ltr'>sane,</span> <span class='ocrx_word' id='word_1_357' title='bbox 697 1692 792 1736; x_wconf 87' lang='lat' dir='ltr'>quod</span> <span class='ocrx_word' id='word_1_358' title='bbox 819 1693 986 1736; x_wconf 88' lang='lat' dir='ltr'>quaedam</span> <span class='ocrx_word' id='word_1_359' title='bbox 1020 1693 1215 1738; x_wconf 78' lang='lat' dir='ltr'>provinciae</span> <span class='ocrx_word' id='word_1_360' title='bbox 1250 1692 1395 1737; x_wconf 81' lang='lat' dir='ltr'>primum</span> <span class='ocrx_word' id='word_1_361' title='bbox 1423 1691 1470 1724; x_wconf 84' lang='lat' dir='ltr'>de</span> <span class='ocrx_word' id='word_1_362' title='bbox 1498 1690 1631 1724; x_wconf 84' lang='lat' dir='ltr'>nomine</span> <span class='ocrx_word' id='word_1_363' title='bbox 1661 1689 1806 1723; x_wconf 81' lang='lat' dir='ltr'>auctoris</span> <span class='ocrx_word' id='word_1_364' title='bbox 1836 1688 2029 1733; x_wconf 84' lang='lat' dir='ltr'>appellatae</span> 
     </span>
    </p>
   </div>
   <div class='ocr_carea' id='block_1_42' title="bbox 71 1790 1032 2429">
    <p class='ocr_par' dir='ltr' id='par_1_42' title="bbox 71 1790 1032 2429">
     <span class='ocr_line' id='line_1_52' title="bbox 80 1790 1031 1833; baseline 0.004 -14"><span class='ocrx_word' id='word_1_365' title='bbox 80 1794 163 1819; x_wconf 81' lang='lat' dir='ltr'>cium</span> <span class='ocrx_word' id='word_1_366' title='bbox 178 1792 229 1822; x_wconf 84' lang='lat' dir='ltr'>Ar.</span> <span class='ocrx_word' id='word_1_367' title='bbox 244 1808 287 1816; x_wconf 85' lang='lat'>—·</span> <span class='ocrx_word' id='word_1_368' title='bbox 307 1790 358 1833; x_wconf 87' lang='grc'>33)</span> <span class='ocrx_word' id='word_1_369' title='bbox 377 1792 422 1821; x_wconf 83' lang='lat' dir='ltr'>ad</span> <span class='ocrx_word' id='word_1_370' title='bbox 441 1793 596 1822; x_wconf 80' lang='lat' dir='ltr'>meridiem</span> <span class='ocrx_word' id='word_1_371' title='bbox 616 1795 647 1822; x_wconf 93' lang='lat' dir='ltr'>Z.</span> <span class='ocrx_word' id='word_1_372' title='bbox 671 1810 712 1816; x_wconf 92' lang='lat'>—</span> <span class='ocrx_word' id='word_1_373' title='bbox 734 1794 783 1830; x_wconf 78' lang='lat'>34)</span> <span class='ocrx_word' id='word_1_374' title='bbox 801 1794 849 1822; x_wconf 84' lang='lat' dir='ltr'>Sic</span> <span class='ocrx_word' id='word_1_375' title='bbox 876 1794 931 1822; x_wconf 92' lang='lat' dir='ltr'>Gu.</span> <span class='ocrx_word' id='word_1_376' title='bbox 949 1797 975 1825; x_wconf 85' lang='grc'>1,</span> <span class='ocrx_word' id='word_1_377' title='bbox 989 1810 1031 1817; x_wconf 94' lang='grc'>-</span> 
     </span>
     <span class='ocr_line' id='line_1_53' title="bbox 80 1834 1031 1877; baseline 0.004 -16"><span class='ocrx_word' id='word_1_378' title='bbox 80 1836 211 1862; x_wconf 76' lang='lat' dir='ltr'>incertae</span> <span class='ocrx_word' id='word_1_379' title='bbox 232 1834 315 1863; x_wconf 69' lang='lat' dir='ltr'>sede-5·</span> <span class='ocrx_word' id='word_1_380' title='bbox 336 1841 364 1863; x_wconf 72' lang='lat' dir='ltr'>et</span> <span class='ocrx_word' id='word_1_381' title='bbox 376 1846 474 1874; x_wconf 75' lang='lat' dir='ltr'>vagae</span> <span class='ocrx_word' id='word_1_382' title='bbox 494 1837 574 1874; x_wconf 76' lang='lat' dir='ltr'>vulg.</span> <span class='ocrx_word' id='word_1_383' title='bbox 599 1853 634 1858; x_wconf 84' lang='lat'>-—</span> <span class='ocrx_word' id='word_1_384' title='bbox 661 1835 708 1877; x_wconf 85' lang='lat'>35)</span> <span class='ocrx_word' id='word_1_385' title='bbox 720 1837 768 1864; x_wconf 86' lang='lat' dir='ltr'>Sic</span> <span class='ocrx_word' id='word_1_386' title='bbox 786 1837 842 1866; x_wconf 91' lang='lat' dir='ltr'>Gu.</span> <span class='ocrx_word' id='word_1_387' title='bbox 854 1840 880 1868; x_wconf 89' lang='lat'>1.</span> <span class='ocrx_word' id='word_1_388' title='bbox 899 1851 937 1858; x_wconf 84' lang='lat'>—-</span> <span class='ocrx_word' id='word_1_389' title='bbox 960 1838 1031 1865; x_wconf 68' lang='lat' dir='ltr'>Na-</span> 
     </span>
     <span class='ocr_line' id='line_1_54' title="bbox 80 1875 1032 1916; baseline 0.004 -12"><span class='ocrx_word' id='word_1_390' title='bbox 80 1875 194 1904; x_wconf 71' lang='lat' dir='ltr'>midiae</span> <span class='ocrx_word' id='word_1_391' title='bbox 208 1877 291 1915; x_wconf 86' lang='lat' dir='ltr'>vulg.</span> <span class='ocrx_word' id='word_1_392' title='bbox 311 1894 346 1899; x_wconf 93' lang='lat'>-—-</span> <span class='ocrx_word' id='word_1_393' title='bbox 368 1878 521 1907; x_wconf 71' lang='lat' dir='ltr'>Numidia</span> <span class='ocrx_word' id='word_1_394' title='bbox 541 1880 593 1909; x_wconf 79' lang='lat' dir='ltr'>Ar.</span> <span class='ocrx_word' id='word_1_395' title='bbox 619 1896 657 1901; x_wconf 91' lang='lat'>-</span> <span class='ocrx_word' id='word_1_396' title='bbox 685 1878 731 1916; x_wconf 74' lang='lat'>36)</span> <span class='ocrx_word' id='word_1_397' title='bbox 749 1880 797 1908; x_wconf 85' lang='lat' dir='ltr'>Sic</span> <span class='ocrx_word' id='word_1_398' title='bbox 818 1880 908 1909; x_wconf 84' lang='lat' dir='ltr'>Arev.</span> <span class='ocrx_word' id='word_1_399' title='bbox 928 1896 964 1900; x_wconf 87' lang='lat'>-—-</span> <span class='ocrx_word' id='word_1_400' title='bbox 985 1882 1032 1908; x_wconf 85' lang='lat' dir='ltr'>A-</span> 
     </span>
     <span class='ocr_line' id='line_1_55' title="bbox 80 1920 1026 1961; baseline 0.004 -15"><span class='ocrx_word' id='word_1_401' title='bbox 80 1920 194 1957; x_wconf 75' lang='lat' dir='ltr'>misiga</span> <span class='ocrx_word' id='word_1_402' title='bbox 220 1920 304 1957; x_wconf 83' lang='lat' dir='ltr'>vulg.</span> <span class='ocrx_word' id='word_1_403' title='bbox 321 1937 361 1942; x_wconf 88' lang='lat'><strong>—</strong></span> <span class='ocrx_word' id='word_1_404' title='bbox 384 1922 518 1959; x_wconf 65' lang='lat' dir='ltr'>Amsiga</span> <span class='ocrx_word' id='word_1_405' title='bbox 542 1922 640 1954; x_wconf 73' lang='lat' dir='ltr'>Gu.2.</span> <span class='ocrx_word' id='word_1_406' title='bbox 664 1936 706 1943; x_wconf 91' lang='lat'>--</span> <span class='ocrx_word' id='word_1_407' title='bbox 729 1924 806 1961; x_wconf 76' lang='lat' dir='ltr'>Siga</span> <span class='ocrx_word' id='word_1_408' title='bbox 821 1923 853 1952; x_wconf 90' lang='lat' dir='ltr'>Z.</span> <span class='ocrx_word' id='word_1_409' title='bbox 878 1922 935 1950; x_wconf 89' lang='lat' dir='ltr'>Gu.</span> <span class='ocrx_word' id='word_1_410' title='bbox 953 1925 1026 1953; x_wconf 77' lang='lat'>1.—-·</span> 
     </span>
     <span class='ocr_line' id='line_1_56' title="bbox 79 1961 1031 2005; baseline 0.004 -17"><span class='ocrx_word' id='word_1_411' title='bbox 79 1961 125 2000; x_wconf 80' lang='lat'>37)</span> <span class='ocrx_word' id='word_1_412' title='bbox 143 1963 192 1989; x_wconf 76' lang='lat' dir='ltr'>Sic</span> <span class='ocrx_word' id='word_1_413' title='bbox 208 1962 240 1989; x_wconf 89' lang='lat' dir='ltr'>Z.</span> <span class='ocrx_word' id='word_1_414' title='bbox 258 1963 315 1990; x_wconf 89' lang='lat' dir='ltr'>Gu.</span> <span class='ocrx_word' id='word_1_415' title='bbox 334 1964 360 1993; x_wconf 91' lang='lat'>1.</span> <span class='ocrx_word' id='word_1_416' title='bbox 372 1965 401 1994; x_wconf 81' lang='lat'>2.</span> <span class='ocrx_word' id='word_1_417' title='bbox 418 1973 463 2002; x_wconf 86' lang='lat' dir='ltr'>pr.</span> <span class='ocrx_word' id='word_1_418' title='bbox 479 1965 529 1993; x_wconf 79' lang='lat' dir='ltr'>Ar.</span> <span class='ocrx_word' id='word_1_419' title='bbox 548 1980 587 1986; x_wconf 97' lang='lat'><strong>—</strong></span> <span class='ocrx_word' id='word_1_420' title='bbox 603 1970 628 1992; x_wconf 78' lang='lat' dir='ltr'>et</span> <span class='ocrx_word' id='word_1_421' title='bbox 643 1966 762 2003; x_wconf 73' lang='lat' dir='ltr'>Zeugit.</span> <span class='ocrx_word' id='word_1_422' title='bbox 777 1981 819 1988; x_wconf 89' lang='lat'>—</span> <span class='ocrx_word' id='word_1_423' title='bbox 832 1964 944 1994; x_wconf 71' lang='lat' dir='ltr'>desinit</span> <span class='ocrx_word' id='word_1_424' title='bbox 962 1963 1031 2005; x_wconf 80' lang='lat' dir='ltr'>(de-</span> 
     </span>
     <span class='ocr_line' id='line_1_57' title="bbox 71 2002 1030 2046; baseline 0.003 -14"><span class='ocrx_word' id='word_1_425' title='bbox 71 2004 147 2041; x_wconf 77' lang='lat' dir='ltr'>finit</span> <span class='ocrx_word' id='word_1_426' title='bbox 168 2004 213 2033; x_wconf 89' lang='lat' dir='ltr'>ed.</span> <span class='ocrx_word' id='word_1_427' title='bbox 233 2002 334 2044; x_wconf 89' lang='lat' dir='ltr'>Vulc..)</span> <span class='ocrx_word' id='word_1_428' title='bbox 353 2005 433 2043; x_wconf 84' lang='lat' dir='ltr'>vulg.</span> <span class='ocrx_word' id='word_1_429' title='bbox 447 2022 487 2027; x_wconf 89' lang='lat'>—-</span> <span class='ocrx_word' id='word_1_430' title='bbox 511 2006 556 2045; x_wconf 80' lang='lat'>33)</span> <span class='ocrx_word' id='word_1_431' title='bbox 573 2007 626 2035; x_wconf 68' lang='lat' dir='ltr'>Sic.</span> <span class='ocrx_word' id='word_1_432' title='bbox 638 2007 731 2038; x_wconf 87' lang='lat' dir='ltr'>Gu.1.</span> <span class='ocrx_word' id='word_1_433' title='bbox 750 2025 789 2031; x_wconf 93' lang='lat'><strong>—</strong></span> <span class='ocrx_word' id='word_1_434' title='bbox 806 2007 936 2036; x_wconf 75' lang='lat' dir='ltr'>intendit</span> <span class='ocrx_word' id='word_1_435' title='bbox 949 2008 1030 2046; x_wconf 80' lang='lat' dir='ltr'>vulg.</span> 
     </span>
     <span class='ocr_line' id='line_1_58' title="bbox 82 2044 1031 2089; baseline 0.005 -15"><span class='ocrx_word' id='word_1_436' title='bbox 82 2063 118 2068; x_wconf 86' lang='lat'>—-</span> <span class='ocrx_word' id='word_1_437' title='bbox 133 2044 179 2085; x_wconf 84' lang='lat'>39)</span> <span class='ocrx_word' id='word_1_438' title='bbox 196 2046 245 2075; x_wconf 87' lang='lat' dir='ltr'>Sic</span> <span class='ocrx_word' id='word_1_439' title='bbox 275 2048 330 2075; x_wconf 87' lang='lat' dir='ltr'>Gu.</span> <span class='ocrx_word' id='word_1_440' title='bbox 350 2050 377 2078; x_wconf 89' lang='lat'>1.</span> <span class='ocrx_word' id='word_1_441' title='bbox 396 2065 431 2069; x_wconf 86' lang='lat'><em>-</em></span> <span class='ocrx_word' id='word_1_442' title='bbox 458 2049 526 2077; x_wconf 69' lang='lat' dir='ltr'>silv.</span> <span class='ocrx_word' id='word_1_443' title='bbox 546 2055 588 2077; x_wconf 67' lang='lat' dir='ltr'>esi</span> <span class='ocrx_word' id='word_1_444' title='bbox 605 2050 685 2088; x_wconf 85' lang='lat' dir='ltr'>vulg.</span> <span class='ocrx_word' id='word_1_445' title='bbox 703 2066 744 2072; x_wconf 91' lang='lat'>——</span> <span class='ocrx_word' id='word_1_446' title='bbox 766 2049 815 2089; x_wconf 80' lang='lat'>40)</span> <span class='ocrx_word' id='word_1_447' title='bbox 828 2050 929 2079; x_wconf 82' lang='lat' dir='ltr'>educit</span> <span class='ocrx_word' id='word_1_448' title='bbox 943 2051 973 2078; x_wconf 87' lang='grc' dir='ltr'>Ζ.</span> <span class='ocrx_word' id='word_1_449' title='bbox 988 2066 1031 2072; x_wconf 92' lang='lat'>--</span> 
     </span>
     <span class='ocr_line' id='line_1_59' title="bbox 79 2088 1030 2127; baseline 0.005 -9"><span class='ocrx_word' id='word_1_450' title='bbox 79 2089 127 2126; x_wconf 77' lang='lat'>41)</span> <span class='ocrx_word' id='word_1_451' title='bbox 145 2088 330 2118; x_wconf 75' lang='lat' dir='ltr'>Numidiam</span> <span class='ocrx_word' id='word_1_452' title='bbox 353 2090 410 2119; x_wconf 91' lang='lat' dir='ltr'>Gu.</span> <span class='ocrx_word' id='word_1_453' title='bbox 428 2094 455 2123; x_wconf 82' lang='grc'><strong>2.</strong></span> <span class='ocrx_word' id='word_1_454' title='bbox 477 2107 519 2112; x_wconf 91' lang='grc'><strong>-</strong></span> <span class='ocrx_word' id='word_1_455' title='bbox 540 2093 586 2127; x_wconf 72' lang='lat'>4⁶2)</span> <span class='ocrx_word' id='word_1_456' title='bbox 603 2098 705 2120; x_wconf 77' lang='lat' dir='ltr'>&lt;cutem</span> <span class='ocrx_word' id='word_1_457' title='bbox 721 2093 823 2122; x_wconf 84' lang='lat' dir='ltr'>addidi</span> <span class='ocrx_word' id='word_1_458' title='bbox 846 2104 861 2123; x_wconf 93' lang='lat' dir='ltr'>e</span> <span class='ocrx_word' id='word_1_459' title='bbox 879 2094 934 2123; x_wconf 89' lang='lat' dir='ltr'>Gu.</span> <span class='ocrx_word' id='word_1_460' title='bbox 959 2095 985 2124; x_wconf 89' lang='lat'>1.</span> <span class='ocrx_word' id='word_1_461' title='bbox 1000 2094 1030 2123; x_wconf 77' lang='lat'>2-</span> 
     </span>
     <span class='ocr_line' id='line_1_60' title="bbox 79 2131 1030 2177; baseline 0.004 -18"><span class='ocrx_word' id='word_1_462' title='bbox 79 2141 125 2160; x_wconf 79' lang='lat' dir='ltr'>va.</span> <span class='ocrx_word' id='word_1_463' title='bbox 142 2131 191 2159; x_wconf 83' lang='lat' dir='ltr'>Ar.</span> <span class='ocrx_word' id='word_1_464' title='bbox 205 2148 247 2154; x_wconf 90' lang='lat'>—</span> <span class='ocrx_word' id='word_1_465' title='bbox 267 2133 316 2169; x_wconf 74' lang='lat'>43)</span> <span class='ocrx_word' id='word_1_466' title='bbox 330 2133 379 2161; x_wconf 81' lang='lat' dir='ltr'>Sic</span> <span class='ocrx_word' id='word_1_467' title='bbox 395 2133 425 2161; x_wconf 91' lang='lat' dir='ltr'>Z.</span> <span class='ocrx_word' id='word_1_468' title='bbox 442 2133 492 2161; x_wconf 85' lang='lat' dir='ltr'>Ar.</span> <span class='ocrx_word' id='word_1_469' title='bbox 504 2150 538 2155; x_wconf 93' lang='lat'><strong>—</strong></span> <span class='ocrx_word' id='word_1_470' title='bbox 553 2135 651 2163; x_wconf 76' lang='lat' dir='ltr'>Suaic.</span> <span class='ocrx_word' id='word_1_471' title='bbox 665 2135 744 2173; x_wconf 80' lang='lat' dir='ltr'>vulg.</span> <span class='ocrx_word' id='word_1_472' title='bbox 758 2152 800 2159; x_wconf 89' lang='lat'><em>-</em></span> <span class='ocrx_word' id='word_1_473' title='bbox 818 2135 866 2177; x_wconf 74' lang='lat'>44)</span> <span class='ocrx_word' id='word_1_474' title='bbox 878 2138 964 2164; x_wconf 78' lang='lat' dir='ltr'>Sicut</span> <span class='ocrx_word' id='word_1_475' title='bbox 981 2146 1030 2164; x_wconf 89' lang='lat' dir='ltr'>us—</span> 
     </span>
     <span class='ocr_line' id='line_1_61' title="bbox 80 2174 1030 2217; baseline 0.004 -15"><span class='ocrx_word' id='word_1_476' title='bbox 80 2184 138 2212; x_wconf 87' lang='lat' dir='ltr'>que</span> <span class='ocrx_word' id='word_1_477' title='bbox 159 2174 196 2203; x_wconf 82' lang='lat' dir='ltr'>ad</span> <span class='ocrx_word' id='word_1_478' title='bbox 216 2174 264 2203; x_wconf 85' lang='lat' dir='ltr'>fin.</span> <span class='ocrx_word' id='word_1_479' title='bbox 286 2174 318 2214; x_wconf 76' lang='lat'>§.</span> <span class='ocrx_word' id='word_1_480' title='bbox 334 2178 382 2207; x_wconf 81' lang='lat'>12.</span> <span class='ocrx_word' id='word_1_481' title='bbox 397 2186 453 2204; x_wconf 82' lang='lat' dir='ltr'>om.</span> <span class='ocrx_word' id='word_1_482' title='bbox 466 2176 498 2204; x_wconf 90' lang='lat' dir='ltr'>Z.</span> <span class='ocrx_word' id='word_1_483' title='bbox 522 2192 564 2198; x_wconf 91' lang='lat'>—·</span> <span class='ocrx_word' id='word_1_484' title='bbox 585 2177 634 2214; x_wconf 83' lang='lat'>45)</span> <span class='ocrx_word' id='word_1_485' title='bbox 655 2178 704 2205; x_wconf 88' lang='lat' dir='ltr'>Sic</span> <span class='ocrx_word' id='word_1_486' title='bbox 727 2178 783 2208; x_wconf 89' lang='lat' dir='ltr'>Gu.</span> <span class='ocrx_word' id='word_1_487' title='bbox 810 2182 836 2210; x_wconf 87' lang='lat'>1.</span> <span class='ocrx_word' id='word_1_488' title='bbox 865 2195 901 2201; x_wconf 89' lang='lat'><strong>—</strong></span> <span class='ocrx_word' id='word_1_489' title='bbox 926 2180 1030 2217; x_wconf 76' lang='lat' dir='ltr'>nigre-</span> 
     </span>
     <span class='ocr_line' id='line_1_62' title="bbox 81 2216 1030 2257; baseline 0.006 -13"><span class='ocrx_word' id='word_1_490' title='bbox 81 2216 148 2245; x_wconf 85' lang='lat' dir='ltr'>dine</span> <span class='ocrx_word' id='word_1_491' title='bbox 163 2217 243 2255; x_wconf 49' lang='grc' dir='ltr'><strong>ναξ.</strong></span> <span class='ocrx_word' id='word_1_492' title='bbox 256 2233 297 2239; x_wconf 90' lang='lat'>—-</span> <span class='ocrx_word' id='word_1_493' title='bbox 312 2219 432 2255; x_wconf 78' lang='lat' dir='ltr'>nigrore</span> <span class='ocrx_word' id='word_1_494' title='bbox 450 2219 506 2246; x_wconf 89' lang='lat' dir='ltr'>Gu.</span> <span class='ocrx_word' id='word_1_495' title='bbox 520 2221 549 2250; x_wconf 82' lang='lat'>2.</span> <span class='ocrx_word' id='word_1_496' title='bbox 571 2235 613 2241; x_wconf 93' lang='lat'>—</span> <span class='ocrx_word' id='word_1_497' title='bbox 635 2220 687 2257; x_wconf 85' lang='grc'>46)</span> <span class='ocrx_word' id='word_1_498' title='bbox 701 2220 750 2248; x_wconf 87' lang='lat' dir='ltr'>Sic</span> <span class='ocrx_word' id='word_1_499' title='bbox 773 2221 831 2250; x_wconf 86' lang='lat' dir='ltr'>Gu.</span> <span class='ocrx_word' id='word_1_500' title='bbox 851 2224 876 2252; x_wconf 90' lang='grc'><strong>1.</strong></span> <span class='ocrx_word' id='word_1_501' title='bbox 887 2224 915 2253; x_wconf 78' lang='grc'><strong>2.</strong></span> <span class='ocrx_word' id='word_1_502' title='bbox 932 2222 968 2250; x_wconf 85' lang='lat' dir='ltr'>al.</span> <span class='ocrx_word' id='word_1_503' title='bbox 983 2231 1030 2250; x_wconf 86' lang='lat' dir='ltr'>va.</span> 
     </span>
     <span class='ocr_line' id='line_1_63' title="bbox 80 2258 1030 2301; baseline 0.006 -15"><span class='ocrx_word' id='word_1_504' title='bbox 80 2275 120 2281; x_wconf 84' lang='lat'>—</span> <span class='ocrx_word' id='word_1_505' title='bbox 135 2259 225 2287; x_wconf 75' lang='lat' dir='ltr'>habet</span> <span class='ocrx_word' id='word_1_506' title='bbox 246 2261 326 2298; x_wconf 84' lang='lat' dir='ltr'>vulg.</span> <span class='ocrx_word' id='word_1_507' title='bbox 350 2276 391 2282; x_wconf 86' lang='lat'>—-·</span> <span class='ocrx_word' id='word_1_508' title='bbox 413 2258 459 2300; x_wconf 84' lang='lat'>47)</span> <span class='ocrx_word' id='word_1_509' title='bbox 482 2261 530 2289; x_wconf 88' lang='lat' dir='ltr'>Sic</span> <span class='ocrx_word' id='word_1_510' title='bbox 550 2261 602 2290; x_wconf 84' lang='lat' dir='ltr'>Ar.</span> <span class='ocrx_word' id='word_1_511' title='bbox 624 2278 660 2283; x_wconf 80' lang='lat'>—</span> <span class='ocrx_word' id='word_1_512' title='bbox 687 2263 836 2301; x_wconf 69' lang='lat' dir='ltr'>coloniae,</span> <span class='ocrx_word' id='word_1_513' title='bbox 864 2262 1030 2294; x_wconf 72' lang='lat' dir='ltr'>Caesariae</span> 
     </span>
     <span class='ocr_line' id='line_1_64' title="bbox 83 2301 1029 2340; baseline 0.007 -12"><span class='ocrx_word' id='word_1_514' title='bbox 83 2302 134 2329; x_wconf 74' lang='lat' dir='ltr'>civ.</span> <span class='ocrx_word' id='word_1_515' title='bbox 151 2303 220 2339; x_wconf 83' lang='lat' dir='ltr'>fuit</span> <span class='ocrx_word' id='word_1_516' title='bbox 234 2303 316 2340; x_wconf 68' lang='lat' dir='ltr'>vulg.</span> <span class='ocrx_word' id='word_1_517' title='bbox 330 2320 371 2324; x_wconf 93' lang='lat'><strong>—</strong></span> <span class='ocrx_word' id='word_1_518' title='bbox 386 2301 549 2332; x_wconf 74' lang='lat' dir='ltr'>Caesareae</span> <span class='ocrx_word' id='word_1_519' title='bbox 573 2304 629 2333; x_wconf 91' lang='lat' dir='ltr'>Gu.</span> <span class='ocrx_word' id='word_1_520' title='bbox 651 2307 681 2336; x_wconf 80' lang='grc'><strong>2.</strong></span> <span class='ocrx_word' id='word_1_521' title='bbox 697 2305 734 2334; x_wconf 86' lang='lat' dir='ltr'>al.</span> <span class='ocrx_word' id='word_1_522' title='bbox 754 2321 791 2327; x_wconf 89' lang='lat'>—</span> <span class='ocrx_word' id='word_1_523' title='bbox 815 2308 953 2335; x_wconf 56' lang='lat' dir='ltr'>civitatis</span> <span class='ocrx_word' id='word_1_524' title='bbox 972 2307 1029 2335; x_wconf 88' lang='lat' dir='ltr'>Gu.</span> 
     </span>
     <span class='ocr_line' id='line_1_65' title="bbox 85 2343 1029 2387; baseline 0.008 -15"><span class='ocrx_word' id='word_1_525' title='bbox 85 2345 111 2372; x_wconf 84' lang='lat'>1-</span> <span class='ocrx_word' id='word_1_526' title='bbox 126 2344 164 2374; x_wconf 86' lang='lat' dir='ltr'>al.</span> <span class='ocrx_word' id='word_1_527' title='bbox 181 2363 218 2368; x_wconf 82' lang='grc'>-</span> <span class='ocrx_word' id='word_1_528' title='bbox 231 2343 278 2384; x_wconf 78' lang='grc'>48)</span> <span class='ocrx_word' id='word_1_529' title='bbox 294 2347 473 2384; x_wconf 77' lang='lat' dir='ltr'>provinciae</span> <span class='ocrx_word' id='word_1_530' title='bbox 488 2346 557 2375; x_wconf 81' lang='lat' dir='ltr'>add.</span> <span class='ocrx_word' id='word_1_531' title='bbox 576 2347 632 2375; x_wconf 92' lang='lat' dir='ltr'>Gu.</span> <span class='ocrx_word' id='word_1_532' title='bbox 654 2350 678 2377; x_wconf 93' lang='lat'>1.</span> <span class='ocrx_word' id='word_1_533' title='bbox 698 2349 729 2378; x_wconf 77' lang='grc'><strong>2.</strong></span> <span class='ocrx_word' id='word_1_534' title='bbox 746 2348 786 2377; x_wconf 80' lang='lat' dir='ltr'>al.</span> <span class='ocrx_word' id='word_1_535' title='bbox 804 2358 849 2379; x_wconf 78' lang='lat' dir='ltr'>va.</span> <span class='ocrx_word' id='word_1_536' title='bbox 863 2349 945 2387; x_wconf 78' lang='lat' dir='ltr'>goth.</span> <span class='ocrx_word' id='word_1_537' title='bbox 959 2360 1029 2380; x_wconf 77' lang='lat' dir='ltr'>mss-</span> 
     </span>
     <span class='ocr_line' id='line_1_66' title="bbox 84 2385 1028 2429; baseline 0.008 -16"><span class='ocrx_word' id='word_1_538' title='bbox 84 2385 176 2415; x_wconf 82' lang='lat' dir='ltr'>Tolet.</span> <span class='ocrx_word' id='word_1_539' title='bbox 200 2403 241 2409; x_wconf 97' lang='lat'><strong>—</strong></span> <span class='ocrx_word' id='word_1_540' title='bbox 265 2388 313 2427; x_wconf 81' lang='lat'>49)</span> <span class='ocrx_word' id='word_1_541' title='bbox 328 2388 375 2417; x_wconf 88' lang='lat' dir='ltr'>Sic</span> <span class='ocrx_word' id='word_1_542' title='bbox 401 2389 457 2417; x_wconf 90' lang='lat' dir='ltr'>Gu.</span> <span class='ocrx_word' id='word_1_543' title='bbox 474 2392 501 2420; x_wconf 92' lang='lat'>1.</span> <span class='ocrx_word' id='word_1_544' title='bbox 518 2392 546 2421; x_wconf 81' lang='lat'>2.</span> <span class='ocrx_word' id='word_1_545' title='bbox 562 2406 603 2411; x_wconf 91' lang='lat'>—</span> <span class='ocrx_word' id='word_1_546' title='bbox 628 2390 793 2427; x_wconf 76' lang='lat' dir='ltr'>Tingitana</span> <span class='ocrx_word' id='word_1_547' title='bbox 811 2391 891 2429; x_wconf 86' lang='lat' dir='ltr'>vulg.</span> <span class='ocrx_word' id='word_1_548' title='bbox 917 2409 955 2414; x_wconf 93' lang='lat'>—-</span> <span class='ocrx_word' id='word_1_549' title='bbox 983 2394 1028 2429; x_wconf 87' lang='lat'>50)</span> 
     </span>
    </p>
   </div>
   <div class='ocr_carea' id='block_1_43' title="bbox 1062 1788 2029 2430">
    <p class='ocr_par' dir='ltr' id='par_1_43' title="bbox 1062 1788 2029 2430">
     <span class='ocr_line' id='line_1_67' title="bbox 1074 1788 2027 1831; baseline -0.006 -8"><span class='ocrx_word' id='word_1_550' title='bbox 1074 1800 1116 1823; x_wconf 74' lang='lat' dir='ltr'>est</span> <span class='ocrx_word' id='word_1_551' title='bbox 1131 1793 1233 1823; x_wconf 81' lang='lat' dir='ltr'>addidi</span> <span class='ocrx_word' id='word_1_552' title='bbox 1250 1804 1264 1822; x_wconf 92' lang='lat' dir='ltr'>e</span> <span class='ocrx_word' id='word_1_553' title='bbox 1285 1794 1343 1823; x_wconf 91' lang='lat' dir='ltr'>Gu.</span> <span class='ocrx_word' id='word_1_554' title='bbox 1367 1797 1394 1825; x_wconf 92' lang='lat'>1.</span> <span class='ocrx_word' id='word_1_555' title='bbox 1413 1797 1442 1826; x_wconf 77' lang='grc'>2.</span> <span class='ocrx_word' id='word_1_556' title='bbox 1459 1803 1504 1821; x_wconf 82' lang='lat' dir='ltr'>va.</span> <span class='ocrx_word' id='word_1_557' title='bbox 1529 1808 1566 1813; x_wconf 94' lang='lat'><em>—</em></span> <span class='ocrx_word' id='word_1_558' title='bbox 1593 1789 1642 1831; x_wconf 86' lang='lat'>51)</span> <span class='ocrx_word' id='word_1_559' title='bbox 1657 1793 1735 1828; x_wconf 78' lang='lat' dir='ltr'>riget</span> <span class='ocrx_word' id='word_1_560' title='bbox 1755 1792 1805 1819; x_wconf 81' lang='lat' dir='ltr'>Ar.</span> <span class='ocrx_word' id='word_1_561' title='bbox 1822 1807 1862 1812; x_wconf 89' lang='lat'><strong>—</strong></span> <span class='ocrx_word' id='word_1_562' title='bbox 1893 1788 1941 1830; x_wconf 76' lang='lat'>52)</span> <span class='ocrx_word' id='word_1_563' title='bbox 1962 1800 2027 1817; x_wconf 79' lang='lat' dir='ltr'>me-</span> 
     </span>
     <span class='ocr_line' id='line_1_68' title="bbox 1073 1833 2027 1875; baseline -0.006 -10"><span class='ocrx_word' id='word_1_564' title='bbox 1073 1836 1312 1875; x_wconf 71' lang='lat' dir='ltr'>ridianoeplaga</span> <span class='ocrx_word' id='word_1_565' title='bbox 1326 1838 1358 1866; x_wconf 90' lang='lat' dir='ltr'>Z.</span> <span class='ocrx_word' id='word_1_566' title='bbox 1384 1851 1427 1857; x_wconf 88' lang='lat'><em>—</em></span> <span class='ocrx_word' id='word_1_567' title='bbox 1447 1838 1492 1872; x_wconf 78' lang='lat'>5-3)</span> <span class='ocrx_word' id='word_1_568' title='bbox 1511 1837 1544 1862; x_wconf 77' lang='lat' dir='ltr'>in</span> <span class='ocrx_word' id='word_1_569' title='bbox 1557 1833 1654 1862; x_wconf 75' lang='lat' dir='ltr'>medio</span> <span class='ocrx_word' id='word_1_570' title='bbox 1669 1843 1796 1861; x_wconf 59' lang='lat' dir='ltr'>arenosa</span> <span class='ocrx_word' id='word_1_571' title='bbox 1811 1833 1867 1862; x_wconf 85' lang='lat' dir='ltr'>Gu.</span> <span class='ocrx_word' id='word_1_572' title='bbox 1877 1834 1905 1863; x_wconf 78' lang='lat'>2.</span> <span class='ocrx_word' id='word_1_573' title='bbox 1924 1848 1965 1855; x_wconf 97' lang='lat'><strong>—</strong></span> <span class='ocrx_word' id='word_1_574' title='bbox 1982 1836 2027 1868; x_wconf 63' lang='lat'>54)</span> 
     </span>
     <span class='ocr_line' id='line_1_69' title="bbox 1074 1875 2028 1919; baseline -0.007 -10"><span class='ocrx_word' id='word_1_575' title='bbox 1074 1879 1186 1919; x_wconf 77' lang='lat' dir='ltr'>adpro</span> <span class='ocrx_word' id='word_1_576' title='bbox 1203 1881 1235 1907; x_wconf 82' lang='grc' dir='ltr'><strong><em>ιή</em></strong></span> <span class='ocrx_word' id='word_1_577' title='bbox 1260 1880 1317 1909; x_wconf 90' lang='lat' dir='ltr'>Gu.</span> <span class='ocrx_word' id='word_1_578' title='bbox 1335 1882 1363 1910; x_wconf 88' lang='lat'>1.</span> <span class='ocrx_word' id='word_1_579' title='bbox 1377 1895 1418 1900; x_wconf 91' lang='lat'>—-</span> <span class='ocrx_word' id='word_1_580' title='bbox 1447 1878 1495 1916; x_wconf 79' lang='lat'>55)</span> <span class='ocrx_word' id='word_1_581' title='bbox 1511 1878 1558 1906; x_wconf 88' lang='lat' dir='ltr'>Sic</span> <span class='ocrx_word' id='word_1_582' title='bbox 1582 1877 1637 1904; x_wconf 91' lang='lat' dir='ltr'>Gu.</span> <span class='ocrx_word' id='word_1_583' title='bbox 1664 1878 1731 1907; x_wconf 80' lang='lat'>1.2.</span> <span class='ocrx_word' id='word_1_584' title='bbox 1751 1889 1792 1898; x_wconf 85' lang='lat'>-—·</span> <span class='ocrx_word' id='word_1_585' title='bbox 1813 1875 1928 1903; x_wconf 69' lang='lat' dir='ltr'>hahens</span> <span class='ocrx_word' id='word_1_586' title='bbox 1947 1875 2028 1911; x_wconf 78' lang='lat' dir='ltr'>vulg.</span> 
     </span>
     <span class='ocr_line' id='line_1_70' title="bbox 1073 1918 2028 1962; baseline -0.006 -11"><span class='ocrx_word' id='word_1_587' title='bbox 1073 1938 1114 1944; x_wconf 95' lang='lat'><strong>—</strong></span> <span class='ocrx_word' id='word_1_588' title='bbox 1137 1921 1186 1962; x_wconf 82' lang='grc'>56)</span> <span class='ocrx_word' id='word_1_589' title='bbox 1211 1928 1382 1950; x_wconf 72' lang='lat' dir='ltr'>monstrosa</span> <span class='ocrx_word' id='word_1_590' title='bbox 1397 1921 1447 1950; x_wconf 84' lang='lat' dir='ltr'>Ar.</span> <span class='ocrx_word' id='word_1_591' title='bbox 1474 1936 1516 1942; x_wconf 92' lang='grc'>-</span> <span class='ocrx_word' id='word_1_592' title='bbox 1545 1918 1591 1957; x_wconf 73' lang='lat'>¹7)</span> <span class='ocrx_word' id='word_1_593' title='bbox 1609 1924 1779 1957; x_wconf 72' lang='lat' dir='ltr'>serpentum</span> <span class='ocrx_word' id='word_1_594' title='bbox 1793 1928 1839 1947; x_wconf 82' lang='lat' dir='ltr'>va.</span> <span class='ocrx_word' id='word_1_595' title='bbox 1858 1933 1902 1940; x_wconf 89' lang='lat'>--</span> <span class='ocrx_word' id='word_1_596' title='bbox 1924 1919 1972 1955; x_wconf 70' lang='lat'>58)</span> <span class='ocrx_word' id='word_1_597' title='bbox 1988 1918 2028 1946; x_wconf 79' lang='lat' dir='ltr'>ll.</span> 
     </span>
     <span class='ocr_line' id='line_1_71' title="bbox 1075 1958 2028 2002; baseline -0.006 -9"><span class='ocrx_word' id='word_1_598' title='bbox 1075 1966 1116 1993; x_wconf 86' lang='lat' dir='ltr'>lic</span> <span class='ocrx_word' id='word_1_599' title='bbox 1133 1966 1189 1996; x_wconf 84' lang='lat' dir='ltr'>Gu.</span> <span class='ocrx_word' id='word_1_600' title='bbox 1209 1968 1238 1996; x_wconf 83' lang='lat'>2.</span> <span class='ocrx_word' id='word_1_601' title='bbox 1255 1965 1307 1993; x_wconf 83' lang='lat' dir='ltr'>Ar.</span> <span class='ocrx_word' id='word_1_602' title='bbox 1330 1980 1370 1986; x_wconf 90' lang='lat'>-—</span> <span class='ocrx_word' id='word_1_603' title='bbox 1394 1963 1438 2002; x_wconf 86' lang='lat'>59)</span> <span class='ocrx_word' id='word_1_604' title='bbox 1454 1962 1660 1992; x_wconf 80' lang='lat' dir='ltr'>Rlzinocerota</span> <span class='ocrx_word' id='word_1_605' title='bbox 1673 1962 1704 1990; x_wconf 89' lang='lat' dir='ltr'>Z.</span> <span class='ocrx_word' id='word_1_606' title='bbox 1722 1962 1778 1992; x_wconf 88' lang='lat' dir='ltr'>Gu.</span> <span class='ocrx_word' id='word_1_607' title='bbox 1791 1964 1818 1992; x_wconf 90' lang='lat'>1.</span> <span class='ocrx_word' id='word_1_608' title='bbox 1829 1964 1857 1992; x_wconf 79' lang='lat'>2.</span> <span class='ocrx_word' id='word_1_609' title='bbox 1868 1971 1915 1989; x_wconf 85' lang='lat' dir='ltr'>va.</span> <span class='ocrx_word' id='word_1_610' title='bbox 1930 1958 2028 1997; x_wconf 83' lang='grc' dir='ltr'>-6Ο)</span> 
     </span>
     <span class='ocr_line' id='line_1_72' title="bbox 1074 2003 2029 2046; baseline -0.004 -11"><span class='ocrx_word' id='word_1_611' title='bbox 1074 2007 1335 2046; x_wconf 75' lang='lat' dir='ltr'>camelopardali-s</span> <span class='ocrx_word' id='word_1_612' title='bbox 1349 2006 1399 2035; x_wconf 78' lang='lat' dir='ltr'>Ar.</span> <span class='ocrx_word' id='word_1_613' title='bbox 1414 2023 1454 2028; x_wconf 90' lang='lat'>—</span> <span class='ocrx_word' id='word_1_614' title='bbox 1475 2005 1609 2033; x_wconf 70' lang='lat' dir='ltr'>camelus</span> <span class='ocrx_word' id='word_1_615' title='bbox 1628 2015 1748 2044; x_wconf 78' lang='lat' dir='ltr'>quoque</span> <span class='ocrx_word' id='word_1_616' title='bbox 1763 2009 1790 2032; x_wconf 76' lang='lat' dir='ltr'>et</span> <span class='ocrx_word' id='word_1_617' title='bbox 1805 2003 1925 2042; x_wconf 75' lang='lat' dir='ltr'>pardus</span> <span class='ocrx_word' id='word_1_618' title='bbox 1941 2003 1972 2031; x_wconf 90' lang='lat' dir='ltr'>Z.</span> <span class='ocrx_word' id='word_1_619' title='bbox 1986 2017 2029 2024; x_wconf 91' lang='lat'>--</span> 
     </span>
     <span class='ocr_line' id='line_1_73' title="bbox 1073 2045 2026 2089; baseline -0.006 -10"><span class='ocrx_word' id='word_1_620' title='bbox 1073 2049 1118 2089; x_wconf 81' lang='lat'>61)</span> <span class='ocrx_word' id='word_1_621' title='bbox 1135 2056 1161 2078; x_wconf 83' lang='lat' dir='ltr'>et</span> <span class='ocrx_word' id='word_1_622' title='bbox 1181 2050 1285 2078; x_wconf 83' lang='lat' dir='ltr'>addidi</span> <span class='ocrx_word' id='word_1_623' title='bbox 1303 2059 1318 2078; x_wconf 92' lang='lat' dir='ltr'>e</span> <span class='ocrx_word' id='word_1_624' title='bbox 1339 2049 1396 2077; x_wconf 91' lang='lat' dir='ltr'>Gu.</span> <span class='ocrx_word' id='word_1_625' title='bbox 1415 2052 1441 2079; x_wconf 92' lang='lat'>1.</span> <span class='ocrx_word' id='word_1_626' title='bbox 1457 2065 1499 2070; x_wconf 96' lang='lat'><strong>—</strong></span> <span class='ocrx_word' id='word_1_627' title='bbox 1529 2046 1578 2088; x_wconf 63' lang='lat'>62)</span> <span class='ocrx_word' id='word_1_628' title='bbox 1598 2058 1717 2087; x_wconf 79' lang='lat' dir='ltr'>quoque</span> <span class='ocrx_word' id='word_1_629' title='bbox 1729 2057 1787 2076; x_wconf 90' lang='lat' dir='ltr'>om.</span> <span class='ocrx_word' id='word_1_630' title='bbox 1803 2048 1861 2076; x_wconf 83' lang='lat' dir='ltr'>Gu.</span> <span class='ocrx_word' id='word_1_631' title='bbox 1878 2050 1904 2078; x_wconf 82' lang='lat'>1.</span> <span class='ocrx_word' id='word_1_632' title='bbox 1922 2063 1960 2068; x_wconf 87' lang='lat'><em>-</em></span> <span class='ocrx_word' id='word_1_633' title='bbox 1978 2045 2026 2080; x_wconf 77' lang='grc'>63)</span> 
     </span>
     <span class='ocr_line' id='line_1_74' title="bbox 1074 2088 2027 2132; baseline -0.007 -12"><span class='ocrx_word' id='word_1_634' title='bbox 1074 2103 1192 2132; x_wconf 67' lang='lat' dir='ltr'>quoqne</span> <span class='ocrx_word' id='word_1_635' title='bbox 1214 2093 1284 2123; x_wconf 80' lang='lat' dir='ltr'>add.</span> <span class='ocrx_word' id='word_1_636' title='bbox 1306 2093 1336 2120; x_wconf 87' lang='lat' dir='ltr'>Z.</span> <span class='ocrx_word' id='word_1_637' title='bbox 1361 2108 1400 2112; x_wconf 89' lang='lat'>—</span> <span class='ocrx_word' id='word_1_638' title='bbox 1434 2091 1483 2128; x_wconf 67' lang='lat'>64)</span> <span class='ocrx_word' id='word_1_639' title='bbox 1500 2090 1551 2119; x_wconf 89' lang='lat' dir='ltr'>Sic</span> <span class='ocrx_word' id='word_1_640' title='bbox 1574 2091 1605 2118; x_wconf 87' lang='lat' dir='ltr'>Z.</span> <span class='ocrx_word' id='word_1_641' title='bbox 1629 2090 1686 2119; x_wconf 75' lang='lat' dir='ltr'>Gn.</span> <span class='ocrx_word' id='word_1_642' title='bbox 1712 2093 1738 2121; x_wconf 87' lang='grc'><strong>1.</strong></span> <span class='ocrx_word' id='word_1_643' title='bbox 1755 2092 1784 2121; x_wconf 82' lang='grc'><strong>2.</strong></span> <span class='ocrx_word' id='word_1_644' title='bbox 1807 2107 1847 2111; x_wconf 97' lang='lat'>—</span> <span class='ocrx_word' id='word_1_645' title='bbox 1870 2088 1945 2116; x_wconf 70' lang='lat' dir='ltr'>solis</span> <span class='ocrx_word' id='word_1_646' title='bbox 1973 2093 2027 2114; x_wconf 73' lang='lat' dir='ltr'>ort.</span> 
     </span>
     <span class='ocr_line' id='line_1_75' title="bbox 1073 2128 2027 2173; baseline -0.007 -10"><span class='ocrx_word' id='word_1_647' title='bbox 1073 2135 1152 2173; x_wconf 74' lang='lat' dir='ltr'>vulg.</span> <span class='ocrx_word' id='word_1_648' title='bbox 1168 2151 1214 2157; x_wconf 55' lang='lat'>-«</span> <span class='ocrx_word' id='word_1_649' title='bbox 1232 2138 1281 2170; x_wconf 74' lang='lat'>65)</span> <span class='ocrx_word' id='word_1_650' title='bbox 1299 2135 1365 2162; x_wconf 78' lang='lat' dir='ltr'>alia</span> <span class='ocrx_word' id='word_1_651' title='bbox 1380 2134 1411 2162; x_wconf 88' lang='grc' dir='ltr'>Ζ.</span> <span class='ocrx_word' id='word_1_652' title='bbox 1433 2147 1475 2156; x_wconf 77' lang='grc'>-·</span> <span class='ocrx_word' id='word_1_653' title='bbox 1497 2131 1545 2173; x_wconf 88' lang='grc'>66)</span> <span class='ocrx_word' id='word_1_654' title='bbox 1566 2134 1685 2162; x_wconf 81' lang='lat' dir='ltr'>Oceano</span> <span class='ocrx_word' id='word_1_655' title='bbox 1700 2133 1733 2162; x_wconf 90' lang='grc' dir='ltr'>Ζ.</span> <span class='ocrx_word' id='word_1_656' title='bbox 1746 2148 1788 2154; x_wconf 92' lang='lat'>-—</span> <span class='ocrx_word' id='word_1_657' title='bbox 1805 2131 1852 2170; x_wconf 79' lang='lat'>67)</span> <span class='ocrx_word' id='word_1_658' title='bbox 1870 2143 1889 2159; x_wconf 88' lang='grc' dir='ltr'><em>α</em></span> <span class='ocrx_word' id='word_1_659' title='bbox 1905 2128 2027 2158; x_wconf 77' lang='lat' dir='ltr'>meridie</span> 
     </span>
     <span class='ocr_line' id='line_1_76' title="bbox 1073 2171 2025 2215; baseline -0.007 -8"><span class='ocrx_word' id='word_1_660' title='bbox 1073 2178 1130 2207; x_wconf 78' lang='lat' dir='ltr'>Gn.</span> <span class='ocrx_word' id='word_1_661' title='bbox 1147 2181 1175 2209; x_wconf 78' lang='lat'>2.</span> <span class='ocrx_word' id='word_1_662' title='bbox 1192 2194 1235 2200; x_wconf 92' lang='lat'>—</span> <span class='ocrx_word' id='word_1_663' title='bbox 1263 2178 1311 2215; x_wconf 82' lang='grc'>68)</span> <span class='ocrx_word' id='word_1_664' title='bbox 1329 2177 1378 2205; x_wconf 87' lang='lat' dir='ltr'>Sic</span> <span class='ocrx_word' id='word_1_665' title='bbox 1400 2177 1432 2206; x_wconf 91' lang='lat' dir='ltr'>Z.</span> <span class='ocrx_word' id='word_1_666' title='bbox 1455 2176 1511 2204; x_wconf 86' lang='lat' dir='ltr'>Gu.</span> <span class='ocrx_word' id='word_1_667' title='bbox 1532 2179 1558 2207; x_wconf 89' lang='lat'>1.</span> <span class='ocrx_word' id='word_1_668' title='bbox 1582 2179 1611 2208; x_wconf 75' lang='lat'>2.</span> <span class='ocrx_word' id='word_1_669' title='bbox 1634 2191 1679 2198; x_wconf 88' lang='lat'>--</span> <span class='ocrx_word' id='word_1_670' title='bbox 1700 2175 1788 2203; x_wconf 70' lang='lat' dir='ltr'>nobis</span> <span class='ocrx_word' id='word_1_671' title='bbox 1813 2175 1871 2202; x_wconf 84' lang='lat' dir='ltr'>inc.</span> <span class='ocrx_word' id='word_1_672' title='bbox 1891 2179 1932 2201; x_wconf 68' lang='lat' dir='ltr'>est</span> <span class='ocrx_word' id='word_1_673' title='bbox 1946 2171 2025 2207; x_wconf 82' lang='lat' dir='ltr'>vulg-</span> 
     </span>
     <span class='ocr_line' id='line_1_77' title="bbox 1072 2212 2023 2259; baseline -0.003 -11"><span class='ocrx_word' id='word_1_674' title='bbox 1072 2237 1115 2242; x_wconf 94' lang='lat'>—</span> <span class='ocrx_word' id='word_1_675' title='bbox 1136 2220 1184 2258; x_wconf 81' lang='lat'>69)</span> <span class='ocrx_word' id='word_1_676' title='bbox 1199 2219 1376 2259; x_wconf 74' lang='lat' dir='ltr'>Antipodaa·</span> <span class='ocrx_word' id='word_1_677' title='bbox 1400 2220 1460 2248; x_wconf 87' lang='lat' dir='ltr'>Gu.</span> <span class='ocrx_word' id='word_1_678' title='bbox 1475 2222 1502 2250; x_wconf 81' lang='lat'>1.</span> <span class='ocrx_word' id='word_1_679' title='bbox 1517 2222 1546 2251; x_wconf 81' lang='lat'>2.</span> <span class='ocrx_word' id='word_1_680' title='bbox 1562 2218 1600 2247; x_wconf 82' lang='lat' dir='ltr'>al.</span> <span class='ocrx_word' id='word_1_681' title='bbox 1613 2235 1656 2242; x_wconf 92' lang='lat'>—-</span> <span class='ocrx_word' id='word_1_682' title='bbox 1675 2216 1835 2256; x_wconf 82' lang='lat' dir='ltr'>Antipoda</span> <span class='ocrx_word' id='word_1_683' title='bbox 1851 2217 1882 2246; x_wconf 92' lang='lat' dir='ltr'>Z.</span> <span class='ocrx_word' id='word_1_684' title='bbox 1915 2231 1949 2236; x_wconf 94' lang='grc'>-</span> <span class='ocrx_word' id='word_1_685' title='bbox 1977 2212 2023 2245; x_wconf 79' lang='lat'>70)</span> 
     </span>
     <span class='ocr_line' id='line_1_78' title="bbox 1062 2255 2022 2302; baseline -0.005 -12"><span class='ocrx_word' id='word_1_686' title='bbox 1062 2263 1212 2301; x_wconf 75' lang='lat' dir='ltr'>fabulose</span> <span class='ocrx_word' id='word_1_687' title='bbox 1226 2274 1282 2294; x_wconf 85' lang='lat' dir='ltr'>om.</span> <span class='ocrx_word' id='word_1_688' title='bbox 1300 2264 1330 2292; x_wconf 93' lang='lat' dir='ltr'>Z.</span> <span class='ocrx_word' id='word_1_689' title='bbox 1347 2277 1389 2286; x_wconf 61' lang='grc' dir='ltr'>-ω</span> <span class='ocrx_word' id='word_1_690' title='bbox 1405 2262 1453 2300; x_wconf 81' lang='grc'>71)</span> <span class='ocrx_word' id='word_1_691' title='bbox 1471 2262 1519 2290; x_wconf 87' lang='lat' dir='ltr'>Sic</span> <span class='ocrx_word' id='word_1_692' title='bbox 1544 2261 1600 2289; x_wconf 82' lang='lat' dir='ltr'>Gn.</span> <span class='ocrx_word' id='word_1_693' title='bbox 1619 2264 1646 2292; x_wconf 72' lang='grc'><strong>1.</strong></span> <span class='ocrx_word' id='word_1_694' title='bbox 1660 2277 1700 2284; x_wconf 88' lang='lat'>—-</span> <span class='ocrx_word' id='word_1_695' title='bbox 1715 2260 1778 2290; x_wconf 73' lang='lat' dir='ltr'>inlr.</span> <span class='ocrx_word' id='word_1_696' title='bbox 1791 2258 1879 2298; x_wconf 81' lang='lat' dir='ltr'>prod.</span> <span class='ocrx_word' id='word_1_697' title='bbox 1890 2255 2022 2302; x_wconf 42' lang='lat' dir='ltr'>&#39;vulg-—</span> 
     </span>
     <span class='ocr_line' id='line_1_79' title="bbox 1071 2295 2022 2343; baseline -0.013 -9"><span class='ocrx_word' id='word_1_698' title='bbox 1071 2306 1167 2334; x_wconf 72' lang='lat' dir='ltr'>habit.</span> <span class='ocrx_word' id='word_1_699' title='bbox 1182 2315 1228 2336; x_wconf 79' lang='lat' dir='ltr'>va.</span> <span class='ocrx_word' id='word_1_700' title='bbox 1250 2325 1287 2329; x_wconf 86' lang='lat'>-</span> <span class='ocrx_word' id='word_1_701' title='bbox 1319 2308 1367 2343; x_wconf 73' lang='lat'>72)</span> <span class='ocrx_word' id='word_1_702' title='bbox 1384 2307 1528 2333; x_wconf 71' lang='lat' dir='ltr'>Proximo</span> <span class='ocrx_word' id='word_1_703' title='bbox 1552 2304 1607 2332; x_wconf 84' lang='lat' dir='ltr'>Gu.</span> <span class='ocrx_word' id='word_1_704' title='bbox 1622 2306 1651 2334; x_wconf 79' lang='lat'>2.</span> <span class='ocrx_word' id='word_1_705' title='bbox 1669 2319 1711 2326; x_wconf 89' lang='lat'>·-</span> <span class='ocrx_word' id='word_1_706' title='bbox 1733 2300 1781 2342; x_wconf 90' lang='lat'>73)</span> <span class='ocrx_word' id='word_1_707' title='bbox 1798 2306 1897 2329; x_wconf 75' lang='lat' dir='ltr'>autem</span> <span class='ocrx_word' id='word_1_708' title='bbox 1920 2305 1976 2324; x_wconf 71' lang='lat' dir='ltr'>om-</span> <span class='ocrx_word' id='word_1_709' title='bbox 1991 2295 2022 2322; x_wconf 87' lang='lat' dir='ltr'>Z.</span> 
     </span>
     <span class='ocr_line' id='line_1_80' title="bbox 1071 2337 2020 2387; baseline -0.012 -10"><span class='ocrx_word' id='word_1_710' title='bbox 1071 2364 1115 2370; x_wconf 91' lang='lat'><strong>—</strong></span> <span class='ocrx_word' id='word_1_711' title='bbox 1136 2349 1180 2386; x_wconf 82' lang='lat'>74)</span> <span class='ocrx_word' id='word_1_712' title='bbox 1192 2355 1263 2387; x_wconf 74' lang='lat' dir='ltr'>post</span> <span class='ocrx_word' id='word_1_713' title='bbox 1281 2358 1378 2387; x_wconf 77' lang='lat' dir='ltr'>quam</span> <span class='ocrx_word' id='word_1_714' title='bbox 1392 2348 1421 2378; x_wconf 93' lang='lat' dir='ltr'>Z.</span> <span class='ocrx_word' id='word_1_715' title='bbox 1443 2348 1500 2376; x_wconf 78' lang='lat' dir='ltr'>Gn.</span> <span class='ocrx_word' id='word_1_716' title='bbox 1512 2350 1540 2378; x_wconf 90' lang='lat'>1.</span> <span class='ocrx_word' id='word_1_717' title='bbox 1559 2347 1596 2376; x_wconf 85' lang='lat' dir='ltr'>al.</span> <span class='ocrx_word' id='word_1_718' title='bbox 1609 2356 1657 2374; x_wconf 81' lang='lat' dir='ltr'>va.</span> <span class='ocrx_word' id='word_1_719' title='bbox 1677 2361 1719 2368; x_wconf 87' lang='lat'>—-</span> <span class='ocrx_word' id='word_1_720' title='bbox 1746 2344 1794 2380; x_wconf 80' lang='lat'>75)</span> <span class='ocrx_word' id='word_1_721' title='bbox 1813 2349 1907 2376; x_wconf 80' lang='lat' dir='ltr'>accep.</span> <span class='ocrx_word' id='word_1_722' title='bbox 1930 2337 2020 2366; x_wconf 71' lang='lat' dir='ltr'>Arev.</span> 
     </span>
     <span class='ocr_line' id='line_1_81' title="bbox 1072 2385 1865 2430; baseline -0.009 -10"><span class='ocrx_word' id='word_1_723' title='bbox 1072 2406 1113 2413; x_wconf 89' lang='lat'><strong>—</strong></span> <span class='ocrx_word' id='word_1_724' title='bbox 1143 2391 1188 2430; x_wconf 83' lang='lat'>76)</span> <span class='ocrx_word' id='word_1_725' title='bbox 1199 2397 1270 2429; x_wconf 76' lang='lat' dir='ltr'>post</span> <span class='ocrx_word' id='word_1_726' title='bbox 1286 2402 1353 2420; x_wconf 69' lang='lat' dir='ltr'>eum</span> <span class='ocrx_word' id='word_1_727' title='bbox 1372 2401 1418 2421; x_wconf 81' lang='lat' dir='ltr'>va.</span> <span class='ocrx_word' id='word_1_728' title='bbox 1442 2404 1484 2414; x_wconf 88' lang='lat'>-·-</span> <span class='ocrx_word' id='word_1_729' title='bbox 1517 2392 1562 2427; x_wconf 88' lang='lat'>77)</span> <span class='ocrx_word' id='word_1_730' title='bbox 1581 2388 1690 2417; x_wconf 81' lang='lat' dir='ltr'>ardore</span> <span class='ocrx_word' id='word_1_731' title='bbox 1709 2387 1739 2414; x_wconf 94' lang='lat' dir='ltr'>Z.</span> <span class='ocrx_word' id='word_1_732' title='bbox 1764 2385 1818 2412; x_wconf 80' lang='lat' dir='ltr'>Gu-</span> <span class='ocrx_word' id='word_1_733' title='bbox 1839 2385 1865 2412; x_wconf 76' lang='lat'>2-</span> 
     </span>
    </p>
   </div>
  </div>
 </body>
</html>
