2255 2819
219 98 295 131 420

915 92 1090 126 ISIDORI
1116 93 1296 127 HISPAL.
1324 92 1467 126 EPISC.

383 189 417 222 8.
471 187 647 231 Zephyrus
674 184 807 217 Graeco
831 185 964 217 nomine
991 186 1194 229 appellatus,
1228 198 1268 219 eo
1306 187 1398 230 quod
1428 186 1526 219 flores
1553 190 1586 218 et
1612 186 1763 231 germina
1791 187 1859 219 eius
1886 187 1965 219 flatu
1988 186 2157 221 vivificen-

219 249 280 278 tur.

218 295 398 335 solvuntur,
437 288 475 324 a²
501 288 661 331 Zephyro
697 287 789 320 fiunt.

383 344 415 375 9.
468 341 600 373 Africus
628 350 646 370 a
673 338 811 383 propria
837 339 976 382 regione
1003 344 1147 374 vocatus.

333 242 399 275 Hic
426 241 543 273 Latine
572 236 737 269 Favonius
765 235 901 276 dicitur,
934 242 1077 281 propter
1110 238 1202 281 quod
1238 239 1366 278 foveat,
1401 249 1487 280 quae
1513 243 1690 270 nascuntur
1702 234 1721 272 ¹.

1773 240 1895 271 Austro
1923 242 2032 270 autem
2059 238 2157 271 flores

1201 341 1237 372 ln
1266 340 1381 373 Africa
1409 339 1494 371 enim
1515 340 1641 372 initium
1668 340 1770 372 flandi
1797 341 1904 373 sumit.

383 393 439 425 10.
493 391 600 424 Corus
628 395 685 430 est,
711 390 767 432 qui
795 390 837 422 ab
866 390 1040 423 occidente
1067 391 1190 423 aestivo
1225 388 1329 430 flat33
1365 396 1397 424 et
1420 388 1580 424 vocatur⁴
1613 391 1739 432 Corus,
1767 392 1859 435 quod
1886 392 1957 435 ipse
1983 394 2155 422 ventorum

217 445 376 481 circulum
404 442 555 482 claudat,
591 446 622 474 et
648 441 908 484 qnasi-chorum
940 442 1040 475 faciat
1053 439 1073 474 5.

217 498 339 537 dicunt,
366 506 433 527 non
460 499 495 526 ut
521 493 714 537 imprudens
740 493 860 537 vulgus
886 493 1063 538 Agrestem
1075 491 1097 529 ὓ,

380 546 437 578 ll.

214 599 339 632 mundo
367 597 557 642 resupinato
584 597 693 641 capite
720 596 799 628 ferri
826 596 987 632 videntur,

379 649 436 682 12.

213 701 306 745 quod
334 702 378 735 eis
407 713 426 733 a
452 705 548 746 parte
573 696 729 733 Galliae³
755 695 844 732 ssat‘h

379 752 436 786 13.
490 752 614 795 Aquilo
627 748 659 791 ¹⁰,
694 761 734 783 eo
761 750 853 794 quod
887 762 988 793 aquas
1022 746 1229 794 distringat¹¹
1266 754 1297 781 et
1324 749 1426 781 nubes
1462 749 1606 793 dissipet.

451 803 546 836 Idem
584 808 616 835 et
649 799 818 844 Boreasffl,
862 803 918 845 qui
961 802 1002 834 ab
1040 800 1269 845 Hyperboreis
1309 801 1474 833 montibus
1513 801 1579 833 flat.

886 854 1010 885 Natura
1046 854 1131 885 enim
1154 852 1299 885 omnium
1327 852 1631 896 septentrionalium
1656 858 1828 885 ventorum
1856 852 1981 897 frigida
2009 856 2040 884 et
2067 851 2154 885 sicca

213 810 244 836 et
284 805 398 838 siccus.

212 856 299 888 venti
315 852 354 894 ¹³3
393 855 480 887 unde
508 859 540 886 et
566 853 707 898 frigidus
735 858 782 885 est
799 850 832 885 ¹⁴.

212 912 269 949 est,
297 906 487 940 australium
512 905 650 938 humida
672 910 704 937 et
732 904 850 937 calida.

491 648 617 682 Circius
645 648 761 687 dictus,
783 658 823 679 eo
852 649 943 691 quod
971 648 1061 682 Coro
1089 648 1128 680 sit
1155 648 1289 680 iunctus.

1128 443 1194 476 Hic
1231 449 1326 475 antea
1355 442 1482 475 Caurus
1516 442 1638 484 dictus,
1675 455 1774 486 quem
1810 443 1963 488 plerique
1989 442 2154 486 Argesten

491 545 681 589 Septentrio
708 544 830 586 dictus,
868 556 908 576 eo
936 545 1027 588 quod
1057 557 1075 576 a
1102 545 1229 579 circulo
1254 550 1382 590 septem
1409 544 1577 576 stellarum
1606 546 1792 591 consurgit,
1830 557 1915 589 quae
1942 549 2088 578 vertente
2122 555 2156 575 se

1342 647 1443 680 Hune
1470 647 1610 691 Hispani
1633 644 1830 681 Gallicum⁷
1858 652 1989 688 vocant,
2016 651 2156 691 propter

1660 750 1720 782 Est
1756 750 1842 782 enim
1878 749 2009 794 gelidus
2039 753 2155 781 ventus

1633 800 1715 834 Inde
1758 801 1844 834 enim
1878 801 1973 846 origo
2005 800 2155 833 eiusdem

376 957 434 990 l-l.
488 958 539 990 Ex
566 957 715 989 omnibus
744 960 853 988 autem
882 956 982 988 ventis
1011 955 1078 987 duo
1107 954 1290 987 cardinales
1316 959 1399 997 sunt,
1427 954 1618 998 Septentrio
1648 960 1679 987 et
1706 956 1834 988 Auster.

376 1007 435 1041 15.
488 1009 619 1041 Etesiae
648 1013 757 1040 autem
786 1007 889 1040 flabra
917 1012 989 1039 sunt
1012 1006 1185 1049 Aquilonis
1196 1002 1230 1045 ¹⁵,
1270 1006 1389 1048 quibus
1425 1017 1545 1038 nomen
1573 1006 1712 1039 inditum
1740 1011 1804 1047 est,
1838 1004 1931 1049 quod
1958 1008 2051 1038 certo
2080 1005 2155 1036 anni

210 1065 362 1104 tempore
395 1061 491 1092 ssatus
532 1071 634 1104 agere
671 1058 847 1102 incipiunt3
888 1055 1049 1096 {mame}
1079 1058 1165 1089 enim
1203 1057 1348 1096 Graece,
1389 1069 1489 1089 mulus
1520 1058 1640 1090 Latine
1677 1058 1806 1093 (licitur.

1862 1057 1957 1089 Haec
1967 1052 1990 1072 ¹⁶
2024 1066 2154 1089 cursum

211 1117 336 1144 rectum
365 1123 383 1143 a
410 1112 520 1144 Borea
547 1111 579 1143 in
605 1111 799 1155 Aegyptum
828 1110 947 1150 ferunt,
971 1110 1090 1152 quibus
1117 1110 1236 1141 Auster
1263 1109 1443 1140 contrarius
1471 1113 1518 1140 est
1533 1105 1564 1139 ¹⁷.

375 1162 434 1194 16.
488 1163 564 1194 1)υο
593 1167 701 1193 autem
729 1157 840 1192 suntffl
872 1167 961 1193 extra
990 1161 1052 1192 hos
1079 1160 1204 1202 ubique
1231 1160 1362 1202 spiritus
1390 1160 1506 1203 magis,
1533 1171 1633 1202 quam
1657 1159 1764 1202 venti,
1797 1170 1876 1191 aura
1905 1164 1936 1190 et
1967 1158 2103 1192 altanus.

374 1212 432 1246 17.
485 1214 577 1246 Aura
604 1213 646 1245 ab
675 1223 751 1245 aere
779 1212 883 1254 (licta,
919 1212 1011 1254 quasi
1040 1222 1154 1251 aerea,
1199 1210 1291 1253 quod
1327 1211 1406 1242 lenis
1434 1211 1473 1242 sit
1507 1216 1614 1243 motus
1649 1211 1740 1246 aeris.

210 1275 322 1297 auram
353 1264 442 1305 facit,
472 1265 560 1296 unde
588 1269 619 1296 et
647 1263 836 1296 Lucretius:

434 1315 565 1348 Acrius
582 1312 604 1331 ¹⁹
633 1326 752 1349 aura&

209 1417 292 1449 altus
307 1414 330 1434 ²¹
359 1422 406 1449 est
431 1418 527 1451 flatus
553 1419 584 1450 in
612 1418 700 1462 ripis,
728 1428 828 1460 quam
844 1414 868 1433 ²²
895 1416 1034 1448 diximus
1061 1428 1183 1450 auram.

486 1470 605 1502 Turbo
633 1475 679 1501 est
701 1469 891 1501 volubilitas
918 1474 1109 1509 ventorum,
1146 1472 1178 1500 et
1211 1468 1310 1500 turbo
1338 1467 1446 1501 dictus
1474 1480 1493 1500 a
1520 1473 1624 1509 terra,
1657 1467 1810 1510 quotiens
1837 1470 1951 1499 ventus
1974 1463 2153 1509 consurgit,

376 1467 432 1500 19.

210 1523 241 1550 et
268 1522 389 1550 terram
416 1520 449 1551 in
477 1521 649 1553 circuitum
661 1517 686 1536 ²³
712 1516 855 1552 minist*-

490 1368 637 1406 Annuus,
666 1367 721 1409 qui
748 1366 780 1397 in
809 1365 935 1409 pelago
964 1369 1020 1405 est,
1049 1376 1110 1408 per
1134 1364 1372 1397 derivationem
1401 1364 1443 1396 ab
1471 1364 1556 1405 alto,
1591 1364 1625 1396 id
1650 1368 1698 1397 est
1725 1363 1807 1396 mari
1829 1367 1965 1397 vocatus
2007 1389 2012 1395 .

1794 1211 1821 1242 Α
1826 1210 1945 1255 gitatus
1978 1210 2064 1242 enim
2098 1220 2154 1241 aer

1980 1359 2005 1380 ²⁰
2067 1362 2153 1394 Nam

1235 1417 1323 1448 Ram
1351 1428 1431 1448 aura
1457 1421 1563 1448 terrae
1588 1421 1644 1449 est.

375 1569 434 1606 20.
488 1571 686 1615 Tempestas
703 1576 758 1603 ant
775 1581 837 1614 pro
853 1575 1003 1613 tempore
1019 1569 1149 1607 (licitur,
1177 1570 1260 1601 sicut
1276 1569 1400 1612 ubique
1423 1568 1689 1613 historiographi
1708 1569 1823 1608 solent,
1852 1568 1931 1600 (lum
1959 1568 2084 1608 dieunt,
2113 1578 2152 1599 ea

209 1623 423 1664 tempestate:
451 1627 506 1654 aut
521 1623 563 1654 ab
580 1627 662 1654 statu
679 1623 776 1662 coeli,
799 1622 875 1664 quia
895 1621 1122 1666 magnitudine
1138 1620 1186 1653 sui
1214 1620 1330 1653 (liebus
1358 1621 1466 1653 multis
1476 1617 1501 1636 “¹³
1527 1621 1638 1653 oritur.

1694 1620 1805 1652 Verno
1823 1623 1932 1651 autem
1949 1624 2102 1662 tempore
2119 1623 2152 1650 et

209 1672 389 1704 autumnali
403 1670 428 1690 ²⁶
447 1685 547 1717 quam
560 1670 584 1690 ²⁷
598 1674 761 1706 maximae
774 1674 857 1706 liunt
872 1678 1094 1717 tempestates,
1122 1672 1256 1715 quando
1279 1683 1340 1705 nec
1356 1669 1488 1716 plena²⁸
1506 1677 1620 1714 aestas,
1647 1682 1708 1704 nec
1723 1671 1823 1714 plena
1839 1670 1956 1712 hiems,
1978 1670 2066 1703 unde
2086 1665 2151 1702 et²⁹

210 1722 355 1755 medium
382 1729 414 1757 et
440 1726 572 1760 confine
598 1726 767 1768 utriusque
793 1725 953 1768 temporis
977 1736 1016 1756 ex
1043 1724 1274 1757 coniunctione
1299 1735 1411 1756 aerum
1439 1724 1679 1757 contrariorum
1707 1722 1856 1755 efficiunt
1870 1718 1895 1738 ³⁰
1927 1726 2151 1765 tempestates.

374 1775 434 1811 21.

211 1825 333 1870 frangit
349 1822 383 1860 ³².

296 1945 321 1978 1)
347 1942 431 1980 Vulg.
455 1944 521 1974 add.
544 1945 633 1975 haee:
668 1946 748 1974 unde
770 1953 811 1975 est
835 1945 919 1974 illud
940 1946 1037 1984 (Virg.
1061 1946 1111 1974 Ge.
1137 1947 1155 1983 1,

211 1984 275 2022 44.)
299 1990 325 2012 et
348 1986 471 2023 zephyro
494 1991 583 2025 paris
601 2000 630 2016 sc
649 1990 739 2026 gleba
765 1990 897 2025 resolvit,
922 1999 997 2027 quae
1021 2000 1077 2019 om.
1104 1990 1158 2018 Gn.

213 2030 239 2058 1.
256 2030 284 2058 2.
306 2038 343 2056 va
375 2028 424 2056 Ar.
447 2045 488 2051 -—
519 2031 547 2067 2)
571 2042 590 2058 α
613 2031 714 2060 addidi
737 2043 752 2060 e
776 2034 833 2061 Gu.
858 2035 883 2061 1.
915 2042 960 2070 pr.
985 2042 1030 2060 va.
1055 2048 1097 2052 —
1127 2031 1156 2071 3)

202 2070 304 2107 statur
327 2070 385 2100 Gu.
409 2073 438 2101 2.
460 2086 502 2093 —-
530 2077 557 2105 4)
583 2080 706 2101 vocatur
735 2074 781 2103 ed.
808 2074 896 2102 Goth.
918 2076 975 2104 Gn.
999 2078 1023 2104 1.
1048 2085 1093 2103 va.
1115 2091 1157 2096 —

211 2118 336 2140 vocatus
358 2113 437 2150 vulg.
461 2131 498 2136 —
523 2114 551 2152 5)
569 2116 651 2151 sacza
674 2127 719 2146 va.
744 2117 788 2145 ed.
813 2117 902 2145 Goth.
927 2133 969 2138 —
991 2118 1023 2155 G)
1036 2117 1084 2144 Sic
1100 2118 1157 2146 Gu.

213 2156 241 2185 1·
263 2157 291 2185 2.
318 2165 363 2194 pr.
387 2165 433 2184 νῦ.
457 2156 506 2185 ΑΓ.
531 2173 568 2178 --
592 2158 718 2193 Αρνικςίε
740 2160 818 2196 vulg.
845 2178 881 2181 -—
921 2158 949 2197 7)
976 2159 1156 2187 Gallaermn

214 2196 262 2223 Ar.
291 2213 333 2218 —
369 2198 398 2234 8)
422 2197 469 2225 Sic
501 2199 556 2227 Gu.
582 2202 608 2230 1.
640 2210 685 2238 pr.
711 2210 756 2228 va.
780 2202 824 2229 ed.
850 2201 938 2229 Goth.
964 2218 1001 2222 —-
1028 2202 1156 2229 Gallae-

213 2240 277 2266 ciue
299 2239 378 2276 vulg.
402 2257 440 2261 —
467 2241 618 2269 Gallicme
645 2242 700 2270 Gu.
723 2246 749 2273 2.
774 2244 809 2270 al.
834 2259 870 2264 —
895 2245 924 2281 9)
949 2244 1032 2281 efflat
1055 2245 1110 2272 Gn.
1126 2247 1155 2274 2.

215 2295 251 2301 —
284 2282 377 2318 afflat
406 2292 451 2310 va.
484 2300 520 2305 —
561 2285 606 2319 10)
637 2283 739 2311 dictus
767 2285 836 2315 add.
862 2286 951 2323 vulg.‚
988 2286 1069 2323 quod
1099 2298 1156 2315 om.

215 2322 271 2350 Gu.
297 2327 323 2354 1.
348 2341 389 2345 —
423 2325 469 2362 11)
492 2326 539 2354 Sic
569 2326 626 2354 Gu.
653 2329 678 2356 1.
699 2342 740 2347 —
761 2329 893 2364 stringat
923 2328 1002 2365 vulg.
1032 2344 1073 2349 ·—-
1112 2330 1157 2365 12)

215 2366 332 2394 Boreas
352 2376 399 2397 va,
431 2385 468 2389 —
510 2370 554 2403 13)
575 2368 663 2407 Vulg.
691 2367 758 2398 add.
783 2375 841 2405 est,
878 2370 958 2407 quod
976 2380 1032 2399 om.
1058 2371 1113 2399 Gu.
1131 2375 1156 2403 1.

487 1777 620 1822 Fragor
640 1773 691 1809 a³¹
719 1778 896 1810 fractarum
920 1787 1029 1808 rerum
1056 1776 1241 1808 nominatus
1269 1780 1317 1808 est
1341 1775 1457 1817 sonitu,
1485 1775 1561 1818 quia
1581 1775 1668 1808 sicca
1692 1785 1846 1817 quaeque
1873 1778 1904 1806 et
1932 1773 2024 1805 arida
2051 1772 2151 1807 facile

1202 1962 1241 1967 -—
1274 1946 1444 1983 14)fi⁴1'gus
1465 1954 1507 1973 va.
1532 1960 1573 1966 —-
1596 1950 1636 1971 est
1667 1944 1772 1974 addidi
1801 1955 1816 1974 e
1840 1945 1896 1974 Gu.
1926 1948 1951 1975 1.
1976 1945 2004 1973 2.
2033 1943 2084 1971 Ar.
2107 1958 2148 1963 —

1203 1991 1245 2025 15)
1271 1989 1318 2016 Sic
1342 1990 1397 2016 Gu.
1422 1990 1449 2019 1.
1473 2002 1511 2008 —
1535 1987 1595 2026 Aq.
1617 1994 1687 2015 sunt
1711 1988 1790 2025 vulg.
1817 2005 1857 2009 —
1890 1987 1932 2026 16)
1957 1991 2057 2014 autem
2079 1984 2147 2013 add.

1202 2031 1294 2069 vulg.‚
1319 2031 1370 2059 sed
1394 2041 1450 2058 om.
1473 2030 1529 2057 Gu.
1549 2032 1575 2060 1.
1602 2046 1636 2050 —
1668 2030 1713 2068 17)
1737 2036 1779 2058 est
1802 2036 1894 2058 contr.
1919 2030 1975 2057 Gu.
1990 2031 2018 2059 2.
2039 2044 2080 2049 —
2104 2029 2149 2061 18)

1201 2074 1249 2101 Sic
1273 2074 1330 2103 Gu.
1348 2076 1373 2103 1.
1398 2090 1436 2094 ——
1460 2078 1530 2100 sunt
1553 2078 1655 2099 aulem
1677 2073 1758 2110 vulg.
1783 2090 1819 2094 —
1846 2072 1893 2109 19)
1919 2073 1966 2099 Sic
1989 2071 2044 2098 Gu.
2062 2072 2088 2100 1.
2108 2086 2147 2091 --

1201 2126 1303 2143 aereas
1320 2116 1400 2152 vulg.
1444 2115 1540 2143 Locus
1564 2116 1681 2144 Lucret.
1713 2120 1758 2144 est
1787 2116 1838 2145 lib.
1863 2115 1906 2152 V,
1934 2116 2006 2146 503.
2029 2128 2072 2135 —-
2100 2110 2146 2150 ΞΟ)

1201 2165 1324 2186 roc-atm-
1346 2158 1399 2185 Gu.
1419 2161 1447 2189 2.
1469 2176 1506 2179 -—
1537 2161 1581 2193 El)
1604 2159 1680 2185 altar
1705 2158 1752 2186 Ar.
1777 2175 1817 2179 --
1848 2161 1892 2192 2³2)
1915 2157 1964 2184 Sit:
1987 2156 2043 2184 Gu.
2060 2160 2085 2187 1.
2107 2170 2145 2175 -·-

1200 2212 1284 2239 quem
1305 2200 1382 2237 vulg.
1408 2219 1444 2221 —
1468 2203 1515 2236 23)
1538 2202 1569 2228 in
1594 2202 1725 2228 circuitu
1749 2201 1804 2228 Gu.
1821 2203 1850 2232 2.
1875 2211 1920 2228 va.
1947 2218 1984 2221 —
2008 2198 2055 2234 24)
2076 2198 2146 2225 mit-

1199 2249 1268 2271 tunt
1291 2244 1346 2272 Gn.
1366 2246 1389 2272 1.
1413 2260 1453 2263 —
1476 2245 1523 2279 25)
1546 2243 1594 2271 Sic
1617 2243 1672 2272 Gu.
1694 2248 1718 2275 1.
1743 2259 1782 2265 —-
1809 2243 1914 2271 multis
1935 2240 2041 2269 diebu-5·
2067 2239 2145 2277 vulg.

1202 2303 1239 2307 --
1271 2286 1318 2323 26)
1342 2286 1390 2313 Sic
1413 2286 1468 2314 Gu.
1493 2289 1520 2315 1.
1548 2302 1581 2306 —
1614 2287 1709 2314 Vct-110
1732 2291 1833 2314 autem
1855 2291 1881 2313 et
1905 2289 2043 2312 autumn.
2057 2288 2144 2320 temp.

1199 2328 1279 2366 vulg.
1309 2344 1349 2350 -
1387 2330 1432 2365 27)
1455 2339 1511 2367 que
1536 2328 1592 2356 Gu.
1621 2331 1646 2358 1.
1677 2344 1719 2350 —
1753 2331 1798 2364 23)
1821 2333 1863 2356 est
1885 2325 1955 2355 add.
1977 2324 2068 2362 vulg.‚
2092 2324 2144 2354 sed

1201 2381 1257 2400 om.
1283 2370 1376 2402 Gu.1.
1400 2388 1432 2392 -—
1454 2371 1501 2409 29)
1528 2376 1554 2398 ct
1577 2370 1680 2399 addidi
1703 2380 1718 2399 e
1734 2371 1789 2399 Gu.
1808 2373 1833 2400 1.
1858 2385 1898 2391 —
1920 2370 1965 2401 30)
1989 2367 2036 2394 Sic
2055 2367 2142 2397 Arev.
