2264 2830
784 103 1030 138 ORIGINUM
1056 105 1201 141 LIBER
1227 108 1317 142 XIV.
1949 110 1997 145 45

2001 111 2025 144 0'!

246 204 278 233 ⁸.
332 200 440 245 Calpe
454 196 479 217 ²³
506 199 686 244 Hispaniae
713 200 990 243 promontorium.

383 302 533 336 CAP.
588 301 678 336 vul.
756 302 828 335 Dc
880 304 1123 337 caeteris
1176 308 1369 336 terrae
1421 303 1726 339 vocabulis.

247 379 278 411 1.
332 379 467 411 Montes
487 383 559 411 sunt
581 383 725 411 tumores
753 383 913 412 terrarum
953 379 1100 412 altissimi
1128 380 1227 419 dieti,
1261 379 1353 424 quod
1389 379 1451 411 sint
1485 380 1673 414 eminentes.
1727 379 1874 421 Quidam
1913 386 2022 413 autem

80 431 227 475 propriis
255 442 294 463 cx
323 431 425 463 causis
453 431 561 462 vocati
589 435 671 469 sunt,
700 441 739 462 ex
766 431 886 473 quibus
913 432 1049 463 notandi
1073 437 1160 473 sunt,
1189 432 1244 475 qui
1272 430 1428 475 opinione
1455 429 1620 464 maximi²⁹
1648 432 1869 466 celebrantur.

244 491 277 522 2.
330 490 430 522 Mons
450 490 615 524 Caucasus
643 491 685 523 ab
713 490 806 523 India
834 503 936 534 usque
965 491 1007 524 ad
1033 492 1181 525 'I'aurum
1208 497 1401 537 porrectus,
1430 502 1492 534 pro
1506 488 1530 507 ³⁰
1556 493 1705 537 gentium
1733 489 1797 525 et³¹
1834 492 2022 536 linguarum

79 541 235 574 varietate
261 552 397 585 quoquo
425 554 553 574 versum
583 542 682 583 radit,
711 542 845 575 diversis
871 544 1058 576 nominibus
1085 549 1303 588 nuncupatur.
1357 541 1427 575 Ubi
1455 547 1564 575 autem
1592 544 1635 576 ad
1664 545 1823 576 orientem
1852 544 1883 575 in
1912 544 2023 577 excel-

78 594 197 626 siorem
225 594 393 638 consurgit
413 594 658 634 sublimitatem,
686 605 748 637 pro
778 595 897 626 nivium
927 595 1072 627 candore
1084 592 1109 611 ³¹²
1133 595 1298 628 Caucasus
1332 599 1551 637 nuncupatur.
1604 596 1689 628 Nam
1724 596 1873 628 orientali
1908 595 2021 639 lingua

78 644 263 678 Caucasum
277 640 302 660 ³³
328 645 494 689 significat
520 642 744 686 candidum³¹⁴,
785 646 817 677 id
847 651 892 678 est
915 647 1041 679 nivibus
1069 647 1264 679 densissimis
1299 642 1579 680 candidantem³³.
1634 647 1734 680 Unde
1771 652 1803 680 et
1833 658 1909 679 eum
1937 648 2021 690 Scy-

77 696 167 736 thae,
192 696 248 739 qui
280 696 389 728 eidem
421 698 525 729 monti
559 698 748 742 iunguntur,
783 698 962 731 croacasim
975 694 1000 713 ³⁶
1035 704 1243 731 vocaverunt.
1296 694 1521 731 CroacaSIm³³
1557 698 1643 731 enim
1670 699 1762 743 apud
1791 710 1848 731 eos
1883 697 2020 738 candor,

76 748 142 781 sive
166 748 219 779 nix
246 747 376 781 dicitur.

239 807 274 840 3.
327 808 429 842 Mons
450 808 581 841 Taurus
607 808 697 841 idem
724 813 861 842 vocatur
887 821 906 841 a
933 809 1101 852 plerisque
1116 806 1151 850 ³⁵³,
1179 809 1235 852 qui
1263 814 1296 841 et
1323 808 1499 843 Caucasus.

239 866 273 900 4.
326 868 473 900 Libanus
507 879 602 901 mons
632 868 838 902 Phoenicum
872 869 1063 912 altissimus,
1101 870 1195 903 cuius
1228 866 1382 902 ῐιοιῐιεῐι39
1416 869 1634 902 meminerunt
1670 866 1880 911 prophetae,
1916 867 2021 900 dictus

74 931 95 953 a
120 919 236 961 thure,
264 919 340 962 quia
368 920 413 951 ibi
435 920 619 964 colligitur:
654 920 744 954 cuius
769 932 808 953 ea
835 932 923 964 pars,
945 933 1032 964 quae
1059 926 1107 954 est
1131 932 1234 966 super
1261 933 1337 954 eum
1364 921 1407 954 ad
1435 920 1629 954 orientalem
1657 918 1796 964 plagam
1823 918 2021 963 respiciens,

74 971 282 1005 Antilibanus
309 971 511 1015 appellatur,
539 971 573 1004 id
601 976 648 1004 est
675 977 789 1004 contra
816 973 993 1007 Libanum.

238 1029 273 1064 5.
326 1031 470 1064 Ararath
499 1042 592 1064 mons
620 1032 797 1064 Armeniae
812 1029 853 1073 ⁴⁰,
891 1033 922 1065 in
949 1044 1017 1077 quo
1048 1043 1160 1066 arcam
1188 1032 1344 1065 historiae
1360 1028 1383 1048 ‘¹¹
1420 1037 1498 1077 post
1525 1031 1688 1064 diluvium
1712 1029 1834 1063 sedisse
1847 1026 1872 1046 ‘¹²
1898 1035 2021 1062 testan-

73 1087 134 1115 tur.
188 1082 291 1115 Unde
318 1087 350 1115 et
377 1094 480 1126 usque
507 1082 612 1115 hodie
638 1083 762 1117 ibidem
790 1084 957 1129 lignorum
981 1081 1086 1118 eius⁴³
1112 1084 1266 1117 videntur
1278 1081 1302 1100 ⁴¹
1330 1084 1478 1129 vestigia.

238 1141 272 1174 6.
324 1143 561 1176 Acroceraunii
589 1149 716 1177 montes
743 1149 883 1189 propter
906 1145 1115 1178 altitudinem
1153 1150 1186 1177 et
1218 1144 1391 1176 fulminum
1419 1144 1524 1177 iactus
1537 1140 1562 1160 ⁴⁵
1599 1142 1707 1175 vocati
1744 1145 1827 1174 sunt.
1888 1140 2019 1172 Graece

73 1194 160 1226 enim
196 1193 322 1226 fulmen
356 1192 525 1241 κεραυνός
539 1192 563 1212 ⁴⁶
590 1195 719 1230 dicitur.
772 1196 857 1228 Sunt
892 1202 1003 1230 autem
1035 1197 1119 1229 iuter
1145 1195 1338 1229 Armeniam
1366 1200 1398 1228 et
1435 1195 1597 1236 Iberiam‚
1634 1193 1829 1237 incipientes
1864 1202 1883 1223 a
1915 1191 2018 1234 portis

72 1244 200 1290 Caspiis
227 1257 331 1289 usque
357 1246 401 1278 ad
428 1247 556 1279 fontem
583 1247 734 1291 Tigridis
760 1247 860 1282 fluvii.

238 1305 270 1337 7.
324 1306 539 1349 Hyperborei
566 1311 694 1339 montes
722 1306 880 1349 Scythiae
908 1305 1000 1345 dicti,
1027 1305 1119 1348 quod
1146 1317 1257 1350 supra,
1284 1304 1318 1337 id
1347 1309 1395 1337 est
1422 1304 1507 1337 ultra
1535 1315 1592 1336 eos
1618 1303 1676 1336 flat
1702 1303 1828 1336 Boreas
1839 1298 1874 1333 ⁴¹⁷.

235 1364 269 1397 S.
322 1365 469 1409 Riphaei
496 1371 622 1398 montes
649 1366 680 1397 in
708 1366 817 1409 capite
846 1365 1046 1398 Germaniae
1062 1362 1087 1381 ⁴⁸
1120 1370 1194 1397 sunt
1224 1376 1243 1396 a
1277 1367 1441 1408 perpetuo
1475 1369 1649 1396 ventorum
1678 1362 1758 1396 flatu
1789 1362 1968 1406 nuncupati
1982 1359 2015 1393 ⁴⁹.

72 1416 158 1449 Nam
186 1413 275 1463 ῥιφή
303 1415 436 1450 Graece
463 1417 606 1461 impetus
635 1422 667 1450 et
694 1414 789 1464 ὁρμή
819 1417 949 1456 dicitur,
978 1413 1051 1451 α’πό
1077 1416 1145 1451 τοῦ
1172 1412 1356 1463 ρ’ίπτεινῦο.

236 1474 269 1508 9.
324 1476 491 1520 Olympus
518 1489 612 1510 mons
639 1475 863 1510 Macedoniae
888 1477 1025 1509 nimium
1052 1475 1260 1520 praecelsus,
1293 1474 1337 1506 ita
1372 1477 1408 1506 ut
1442 1473 1504 1506 sub
1540 1473 1599 1506 illo
1627 1475 1730 1506 nubes
1758 1483 1828 1505 esse
1853 1472 2015 1504 dicantur.

70 1526 123 1560 De
149 1537 218 1570 quo
245 1527 403 1571 Virgilius
416 1524 459 1560 ⁵¹:

298 1578 418 1612 Nubes
441 1579 586 1611 excessit
601 1575 626 1596 ⁵²
656 1578 836 1624 Olympus.

68 1629 184 1663 Dictus
210 1634 319 1662 autem
348 1630 532 1675 OlympuS,
560 1630 654 1674 quasi
680 1630 883 1675 Ololampus
895 1625 930 1671 ⁵³,
957 1628 992 1662 id
1020 1633 1067 1661 est
1093 1628 1186 1672 quasi
1212 1627 1346 1661 coelum
1359 1622 1394 1659 ⁵¹.
1448 1626 1516 1661 Hic
1539 1637 1635 1660 mons
1656 1625 1896 1660 Macedoniam
1931 1623 2014 1655 (livi-

70 1680 119 1713 dit
131 1677 155 1698 ⁵⁵
177 1693 196 1714 a
221 1681 380 1715 Thracia.

236 1741 295 1773 1⁰.
348 1741 458 1774 Athos
480 1753 576 1775 mons
602 1741 845 1781 Macedoniae,
874 1745 906 1773 et
932 1740 1003 1785 ipse
1026 1740 1123 1773 altior
1149 1738 1303 1780 nubibus,
1330 1742 1491 1782 tantoque
1516 1738 1675 1779 sublimia,
1702 1742 1738 1770 ut
1763 1737 1797 1769 in
1813 1729 2016 1770 Lemnum5⁸

71 1792 189 1824 umbra
216 1792 283 1824 eius
310 1794 486 1837 pertendat
498 1791 534 1834 ⁵⁷,
560 1805 647 1837 quae
663 1790 688 1810 ⁵⁸
710 1794 753 1826 ab
782 1804 822 1825 eo
849 1792 1010 1825 Lxxvll
1022 1788 1046 1808 ⁵⁹
1073 1790 1218 1824 millibus
1244 1794 1428 1834 separatur.

70 1874 121 1914 31)
145 1885 182 1903 ac
202 1876 236 1905 Z.
269 1876 327 1905 Gu.
352 1879 380 1907 2.
404 1877 452 1907 Ar.
476 1890 518 1899 -——
545 1877 596 1916 32)
625 1877 675 1906 Sic
699 1878 756 1906 Gu.
781 1880 808 1908 1.
838 1877 876 1905 al.
905 1893 940 1897 -—
962 1887 1020 1914 pro
1066 1876 1124 1906 Gu.
1144 1878 1171 1906 1.
1196 1891 1236 1905 —,
1256 1874 1301 1913 45)
1325 1876 1404 1903 ictus
1427 1874 1521 1903 Gu.1.
1545 1890 1582 1895 —
1607 1871 1655 1912 46)
1677 1872 1727 1900 Sic
1747 1872 1777 1899 Z.
1798 1872 1854 1900 Gu.
1876 1871 1947 1901 1.2.
1970 1879 2013 1907 pr.

71 1916 200 1946 candore
220 1919 337 1946 nli-zum
359 1919 390 1947 Z.
413 1935 455 1942 —
473 1925 595 1958 propter
615 1922 678 1948 niv.
701 1919 861 1948 candorem
883 1919 964 1956 vulg.
979 1935 1023 1941 —
1063 1929 1112 1948 va.
1136 1918 1187 1947 Ar.
1212 1933 1253 1938 --
1274 1914 1420 1955 κεραυνός
1432 1916 1560 1953 fulmen
1581 1914 1661 1953 vulg.
1683 1930 1723 1936 -—
1746 1930 1788 1936 —
1824 1911 1872 1951 47)
1895 1914 2014 1940 Boreas

70 1959 117 1999 33)
140 1960 300 1988 Caucasus
329 1971 375 1989 va.
407 1979 444 1983 —
481 1960 529 2002 34)
552 1963 639 1992 cand.
662 1964 742 2002 sign.
764 1963 819 1991 Gu.
844 1964 872 1992 2.
896 1977 936 1983 --
974 1962 1021 1998 35)
1066 1961 1124 1992 Gu.
1140 1963 1171 1992 2.
1188 1975 1232 1982 -
1252 1958 1300 1999 48)
1329 1959 1513 1988 Germaniae
1540 1967 1597 1985 om.
1624 1966 1670 1996 pr.
1693 1973 1735 1980 ·-
1768 1955 1816 1995 49)
1838 1955 1888 1984 Sic
1911 1955 1968 1984 Gu.
1988 1957 2014 1984 1.

71 2002 281 2032 candicantem
312 2004 367 2031 Gu.
386 2006 417 2034 2.
446 2013 493 2043 pr.
514 2019 557 2027 —-
589 2007 635 2043 36)
657 2004 716 2034 hoc
742 2005 810 2034 add.
841 2005 897 2032 Gu.
922 2006 948 2034 1.
975 2014 1022 2042 pr.
1063 2020 1105 2025 —
1127 2003 1279 2032 nominali
1302 2002 1381 2039 vulg.
1402 2018 1437 2022 —-
1475 2004 1521 2034 50)
1544 2000 1658 2028 Graeca
1681 2009 1738 2028 om.
1762 2009 1809 2038 pr.
1833 2007 1880 2027 va.
1903 2012 1944 2045 ᾗ·
1967 1998 2012 2032 51)

69 2055 116 2074 va.
139 2046 189 2076 Ar.
215 2062 256 2069 -—
279 2047 438 2074 caucasim
459 2046 557 2077 Gu.3.
581 2063 621 2069 —
645 2058 829 2078 cram-asum
850 2047 882 2076 Z.
905 2061 942 2066 —
973 2047 1022 2083 37)
1064 2046 1163 2074 Locus
1196 2050 1239 2073 est
1260 2044 1373 2073 Lucan.
1395 2043 1432 2075 II,
1457 2045 1527 2074 271.
1560 2052 1620 2071 non
1643 2042 1770 2080 Virgilii.
1813 2040 1938 2070 Inclusit
1965 2048 2012 2085 νγ.

70 2098 254 2117 ω·αιιι“α.ςιι1η
283 2089 316 2118 Ζ.
349 2104 384 2110 --
419 2090 601 2117 creoacasim
628 2090 675 2118 Gu
712 2093 740 2122 1.
771 2107 810 2112 —-
848 2089 1021 2118 croacasim
1062 2104 1106 2111 --
1129 2089 1178 2116 De
1201 2097 1258 2125 quo
1278 2088 1356 2116 Luc.
1381 2085 1463 2114 Nab.
1487 2096 1544 2114 exc.
1570 2085 1616 2113 Ol.
1643 2086 1731 2115 AreV.
1758 2100 1800 2107 --
1828 2083 1876 2120 52)
1901 2079 2012 2110 exccdtl

70 2131 127 2161 Gu-
148 2134 178 2162 2·
203 2147 240 2154 -
269 2132 438 2160 croacasim
463 2131 518 2160 Gu.
541 2132 570 2163 4.
592 2147 634 2153 ——·
666 2133 770 2161 Caeim
792 2133 871 2170 vulg.
893 2147 935 2154 --
957 2142 1017 2159 ‡·o—
1063 2130 1112 2160 Ar.
1136 2140 1151 2159 e
1174 2130 1336 2161 Lucan‚--
1363 2128 1412 2169 53)
1436 2129 1484 2157 Sic
1507 2129 1539 2158 Z.
1559 2128 1618 2157 Gn.
1638 2131 1666 2159 1.
1688 2130 1718 2159 2.
1739 2128 1768 2159 3·
1791 2126 1820 2156 4.
1836 2135 1882 2165 pr.
1898 2135 1944 2153 va.
1961 2122 2010 2169 Ar-

69 2179 213 2202 caverunt
245 2183 302 2202 om.
333 2175 366 2202 Z.
386 2189 427 2196 -—-
463 2172 510 2213 38)
533 2174 582 2202 Sic
604 2173 662 2203 Gu.
679 2178 707 2206 1.
731 2192 768 2198 —
800 2175 887 2213 Vulg.
910 2185 930 2201 α
947 2174 1017 2212 ple-
1057 2170 1125 2208 ὅλος
1146 2170 1282 2211 λαμπρὸς
1309 2171 1392 2209 vulg.
1424 2186 1465 2193 --
1500 2171 1549 2208 54)
1581 2169 1616 2198 id
1643 2175 1686 2199 eat
1714 2170 1807 2208 quasi
1829 2168 1941 2196 coelum
1962 2174 2009 2192 m-

70 2218 173 2256 risque
201 2215 281 2244 idem
312 2221 446 2245 vocatur.
475 2231 518 2238 —
550 2218 596 2249 39)
619 2227 723 2245 nomen
745 2218 848 2247 addidi
871 2228 887 2246 e
910 2218 967 2246 Gu.
987 2218 1015 2246 1.
1060 2215 1149 2244 clusit
1171 2216 1257 2245 Arev.
1283 2233 1320 2238 —-
1345 2215 1438 2252 quasi
1459 2223 1518 2242 om.
1541 2214 1573 2242 Ζ.
1603 2228 1645 2236 —-
1681 2210 1727 2251 55)
1751 2211 1813 2242 div.
1836 2206 1952 2239 Maced.
1976 2205 2005 2232 Ζ·

72 2276 110 2281 -
137 2256 186 2299 40)
209 2260 297 2287 Mons
319 2259 406 2288 Arm.
427 2258 566 2287 Arm-ath
590 2258 646 2287 Gu.
670 2261 699 2290 2.
720 2276 762 2283 -—
801 2262 848 2297 41)
871 2260 1017 2288 historio-
1058 2268 1107 2286 va.
1128 2272 1166 2281 ——
1198 2259 1246 2295 56)
1268 2258 1384 2286 Lemno
1409 2257 1466 2287 Gu.
1491 2258 1519 2287 2.
1543 2266 1592 2295 pr.
1614 2271 1655 2278 -
1677 2254 1724 2293 57)
1747 2253 1871 2281 umbrae
1886 2265 1929 2296 ῥ-
1943 2256 2006 2284 per-

69 2301 181 2340 graplti
203 2301 261 2330 Gu.
283 2304 313 2332 2.
334 2317 376 2324 —-
411 2300 459 2341 49.)
483 2300 532 2328 Sic
553 2301 586 2330 Ζ.
610 2301 666 2330 Gu.
693 2303 720 2333 1.
741 2305 770 2333 2.
799 2303 835 2330 al.
863 2318 907 2326 ν-
935 2312 1012 2330 rese—
1057 2299 1183 2329 tendant
1205 2301 1262 2330 Gu.
1281 2303 1311 2332 2.
1336 2316 1373 2322 ν·-
1396 2297 1597 2338 pertendatur
1619 2298 1657 2326 aL
1686 2312 1726 2317 —-
1768 2297 1813 2331 δὲ»)
1836 2302 1888 2330 qut
1911 2290 1941 2317 Ζ·
1966 2305 2003 2310 ’-

74 2342 151 2372 disse
171 2344 252 2382 vulg.
279 2360 321 2366 -
354 2344 400 2383 43)
419 2345 484 2372 eius
505 2353 563 2373 om.
587 2343 643 2374 Gu.
669 2346 695 2374 1.
716 2360 760 2368 -
792 2346 841 2382 44)
864 2356 925 2372 esse
947 2343 1014 2372 add.
1057 2341 1106 2383 59)
1128 2343 1325 2382 «septuaginta
1342 2348 1453 2380 septem
1475 2342 1531 2370 Gu.
1558 2344 1583 2372 1.
1607 2338 1739 2369 LXXVI.
1766 2335 1843 2370 vulg.
