<?xml version="1.0" encoding="UTF-8"?>
<!DOCTYPE html PUBLIC "-//W3C//DTD XHTML 1.0 Transitional//EN"
    "http://www.w3.org/TR/xhtml1/DTD/xhtml1-transitional.dtd">
<html xmlns="http://www.w3.org/1999/xhtml" xml:lang="en" lang="en">
 <head>
  <title>
</title>
<meta http-equiv="Content-Type" content="text/html;charset=utf-8" />
  <meta name='ocr-system' content='tesseract 3.04.00' />
  <meta name='ocr-capabilities' content='ocr_page ocr_carea ocr_par ocr_line ocrx_word'/>
</head>
<body>
  <div class='ocr_page' id='page_1' title='image "./corpusgrammatico03linduoft_0836.png"; bbox 0 0 2255 2819; ppageno 0'>
   <div class='ocr_carea' id='block_1_1' title="bbox 207 99 1153 137">
    <p class='ocr_par' dir='ltr' id='par_1_1' title="bbox 207 99 1153 137">
     <span class='ocr_line' id='line_1_1' title="bbox 207 99 1153 137; baseline -0.003 0"><span class='ocrx_word' id='word_1_1' title='bbox 207 104 256 137; x_wconf 84' lang='lat'>96</span> <span class='ocrx_word' id='word_1_2' title='bbox 839 101 920 135; x_wconf 75' lang='lat' dir='ltr'>FL.</span> <span class='ocrx_word' id='word_1_3' title='bbox 961 99 1153 136; x_wconf 76' lang='lat' dir='ltr'><strong>SOSIP.</strong></span> 
     </span>
    </p>
   </div>
   <div class='ocr_carea' id='block_1_2' title="bbox 207 191 1157 278">
    <p class='ocr_par' dir='ltr' id='par_1_2' title="bbox 207 191 1157 278">
     <span class='ocr_line' id='line_1_2' title="bbox 207 191 1157 234; baseline -0.002 -9"><span class='ocrx_word' id='word_1_4' title='bbox 207 201 260 225; x_wconf 88' lang='lat' dir='ltr'>tur.</span> <span class='ocrx_word' id='word_1_5' title='bbox 305 195 380 225; x_wconf 82' lang='lat' dir='ltr'>Haec</span> <span class='ocrx_word' id='word_1_6' title='bbox 405 193 505 234; x_wconf 82' lang='lat' dir='ltr'>[qua]si</span> <span class='ocrx_word' id='word_1_7' title='bbox 529 192 714 224; x_wconf 77' lang='lat' dir='ltr'>indifferentia</span> <span class='ocrx_word' id='word_1_8' title='bbox 731 192 740 209; x_wconf 94' lang='lat'>¹</span> <span class='ocrx_word' id='word_1_9' title='bbox 765 201 780 221; x_wconf 87' lang='lat' dir='ltr'>a</span> <span class='ocrx_word' id='word_1_10' title='bbox 803 191 922 232; x_wconf 74' lang='lat' dir='ltr'>passivis</span> <span class='ocrx_word' id='word_1_11' title='bbox 945 198 1108 233; x_wconf 75' lang='lat' dir='ltr'>repugnant,</span> <span class='ocrx_word' id='word_1_12' title='bbox 1131 199 1157 223; x_wconf 89' lang='lat' dir='ltr'>et</span> 
     </span>
     <span class='ocr_line' id='line_1_3' title="bbox 208 235 771 278; baseline -0.004 -13"><span class='ocrx_word' id='word_1_13' title='bbox 208 239 319 278; x_wconf 83' lang='lat' dir='ltr'>passiva</span> <span class='ocrx_word' id='word_1_14' title='bbox 342 245 367 267; x_wconf 86' lang='lat' dir='ltr'>et</span> <span class='ocrx_word' id='word_1_15' title='bbox 390 238 478 267; x_wconf 86' lang='lat' dir='ltr'>activa</span> <span class='ocrx_word' id='word_1_16' title='bbox 502 235 682 266; x_wconf 86' lang='lat' dir='ltr'>tantummodo</span> <span class='ocrx_word' id='word_1_17' title='bbox 705 240 771 264; x_wconf 85' lang='lat' dir='ltr'>sunt.</span> 
     </span>
    </p>
   </div>
   <div class='ocr_carea' id='block_1_3' title="bbox 207 284 1156 621">
    <p class='ocr_par' dir='ltr' id='par_1_3' title="bbox 207 284 1156 621">
     <span class='ocr_line' id='line_1_4' title="bbox 273 284 1156 327; baseline -0.006 -8"><span class='ocrx_word' id='word_1_18' title='bbox 273 292 300 319; x_wconf 90' lang='lat'>7.</span> <span class='ocrx_word' id='word_1_19' title='bbox 325 289 509 327; x_wconf 80' lang='lat' dir='ltr'>[Activo]rum</span> <span class='ocrx_word' id='word_1_20' title='bbox 530 292 616 315; x_wconf 91' lang='lat' dir='ltr'>autem</span> <span class='ocrx_word' id='word_1_21' title='bbox 639 285 747 324; x_wconf 83' lang='lat' dir='ltr'>species</span> <span class='ocrx_word' id='word_1_22' title='bbox 770 291 828 314; x_wconf 83' lang='lat' dir='ltr'>sunt</span> <span class='ocrx_word' id='word_1_23' title='bbox 854 284 939 320; x_wconf 88' lang='lat' dir='ltr'>duae,</span> <span class='ocrx_word' id='word_1_24' title='bbox 971 295 1081 325; x_wconf 89' lang='lat' dir='ltr'>quarum</span> <span class='ocrx_word' id='word_1_25' title='bbox 1105 296 1156 314; x_wconf 91' lang='lat' dir='ltr'>una</span> 
     </span>
     <span class='ocr_line' id='line_1_5' title="bbox 208 326 1155 371; baseline -0.003 -11"><span class='ocrx_word' id='word_1_26' title='bbox 208 332 344 371; x_wconf 87' lang='lat' dir='ltr'>passivum</span> <span class='ocrx_word' id='word_1_27' title='bbox 365 342 417 360; x_wconf 89' lang='lat' dir='ltr'>non</span> <span class='ocrx_word' id='word_1_28' title='bbox 441 329 540 363; x_wconf 83' lang='lat' dir='ltr'>habet,</span> <span class='ocrx_word' id='word_1_29' title='bbox 564 333 589 357; x_wconf 89' lang='lat' dir='ltr'>ut</span> <span class='ocrx_word' id='word_1_30' title='bbox 611 326 744 362; x_wconf 88' lang='lat' dir='ltr'>ambulat,</span> <span class='ocrx_word' id='word_1_31' title='bbox 769 327 865 361; x_wconf 86' lang='lat' dir='ltr'>currit;</span> <span class='ocrx_word' id='word_1_32' title='bbox 888 327 975 357; x_wconf 86' lang='lat' dir='ltr'>altera</span> <span class='ocrx_word' id='word_1_33' title='bbox 998 327 1097 362; x_wconf 86' lang='lat' dir='ltr'>habet,</span> <span class='ocrx_word' id='word_1_34' title='bbox 1131 334 1155 357; x_wconf 84' lang='lat' dir='ltr'>ut</span> 
     </span>
     <span class='ocr_line' id='line_1_6' title="bbox 209 369 1156 410; baseline -0.004 -7"><span class='ocrx_word' id='word_1_35' title='bbox 209 373 292 408; x_wconf 77' lang='lat' dir='ltr'>iubet,</span> <span class='ocrx_word' id='word_1_36' title='bbox 318 373 395 402; x_wconf 82' lang='lat' dir='ltr'>docet</span> <span class='ocrx_word' id='word_1_37' title='bbox 414 397 419 401; x_wconf 93' lang='lat'>.</span> <span class='ocrx_word' id='word_1_38' title='bbox 439 396 444 401; x_wconf 89' lang='lat'><em>.</em></span> <span class='ocrx_word' id='word_1_39' title='bbox 465 396 470 401; x_wconf 89' lang='lat'><strong>.</strong></span> <span class='ocrx_word' id='word_1_40' title='bbox 488 370 530 400; x_wconf 73' lang='lat'>.2.</span> <span class='ocrx_word' id='word_1_41' title='bbox 570 369 742 399; x_wconf 72' lang='lat' dir='ltr'>passivorum</span> <span class='ocrx_word' id='word_1_42' title='bbox 764 379 869 410; x_wconf 83' lang='lat' dir='ltr'>quoque</span> <span class='ocrx_word' id='word_1_43' title='bbox 889 370 997 410; x_wconf 85' lang='lat' dir='ltr'>species</span> <span class='ocrx_word' id='word_1_44' title='bbox 1017 376 1074 399; x_wconf 87' lang='lat' dir='ltr'>sunt</span> <span class='ocrx_word' id='word_1_45' title='bbox 1096 371 1156 400; x_wconf 89' lang='lat' dir='ltr'>toti-</span> 
     </span>
     <span class='ocr_line' id='line_1_7' title="bbox 209 411 1155 456; baseline -0.002 -12"><span class='ocrx_word' id='word_1_46' title='bbox 209 415 280 451; x_wconf 83' lang='lat' dir='ltr'>dem,</span> <span class='ocrx_word' id='word_1_47' title='bbox 303 425 411 456; x_wconf 83' lang='lat' dir='ltr'>quarum</span> <span class='ocrx_word' id='word_1_48' title='bbox 435 424 485 443; x_wconf 89' lang='lat' dir='ltr'>una</span> <span class='ocrx_word' id='word_1_49' title='bbox 508 419 563 447; x_wconf 88' lang='lat' dir='ltr'>est,</span> <span class='ocrx_word' id='word_1_50' title='bbox 586 422 655 452; x_wconf 91' lang='lat' dir='ltr'>quae</span> <span class='ocrx_word' id='word_1_51' title='bbox 679 418 773 442; x_wconf 86' lang='lat' dir='ltr'>natura</span> <span class='ocrx_word' id='word_1_52' title='bbox 797 412 851 452; x_wconf 91' lang='lat' dir='ltr'>pati</span> <span class='ocrx_word' id='word_1_53' title='bbox 875 411 937 452; x_wconf 93' lang='lat' dir='ltr'>quid</span> <span class='ocrx_word' id='word_1_54' title='bbox 961 412 1105 453; x_wconf 69' lang='lat' dir='ltr'>significat,</span> <span class='ocrx_word' id='word_1_55' title='bbox 1130 418 1155 442; x_wconf 91' lang='lat' dir='ltr'>ut</span> 
     </span>
     <span class='ocr_line' id='line_1_8' title="bbox 208 453 1154 495; baseline -0.004 -7"><span class='ocrx_word' id='word_1_56' title='bbox 208 459 334 492; x_wconf 76' lang='lat' dir='ltr'>moritur,</span> <span class='ocrx_word' id='word_1_57' title='bbox 359 456 490 489; x_wconf 74' lang='lat' dir='ltr'>senescit,</span> <span class='ocrx_word' id='word_1_58' title='bbox 525 454 620 495; x_wconf 85' lang='lat' dir='ltr'>quibus</span> <span class='ocrx_word' id='word_1_59' title='bbox 655 453 736 483; x_wconf 81' lang='lat' dir='ltr'>etiam</span> <span class='ocrx_word' id='word_1_60' title='bbox 764 454 810 484; x_wconf 86' lang='lat' dir='ltr'>illa</span> <span class='ocrx_word' id='word_1_61' title='bbox 833 454 1054 489; x_wconf 70' lang='lat' dir='ltr'>adnumerantur,</span> <span class='ocrx_word' id='word_1_62' title='bbox 1085 465 1154 494; x_wconf 89' lang='lat' dir='ltr'>quae</span> 
     </span>
     <span class='ocr_line' id='line_1_9' title="bbox 208 495 1154 539; baseline -0.002 -12"><span class='ocrx_word' id='word_1_63' title='bbox 208 510 260 539; x_wconf 74' lang='lat' dir='ltr'>per</span> <span class='ocrx_word' id='word_1_64' title='bbox 279 510 308 527; x_wconf 81' lang='lat' dir='ltr'>sc</span> <span class='ocrx_word' id='word_1_65' title='bbox 331 498 438 538; x_wconf 84' lang='lat' dir='ltr'>quidem</span> <span class='ocrx_word' id='word_1_66' title='bbox 458 498 554 527; x_wconf 84' lang='lat' dir='ltr'>venire</span> <span class='ocrx_word' id='word_1_67' title='bbox 574 496 744 535; x_wconf 56' lang='lat' dir='ltr'>significant,</span> <span class='ocrx_word' id='word_1_68' title='bbox 768 502 795 526; x_wconf 87' lang='lat' dir='ltr'>ut</span> <span class='ocrx_word' id='word_1_69' title='bbox 815 496 894 532; x_wconf 78' lang='lat' dir='ltr'>cadit,</span> <span class='ocrx_word' id='word_1_70' title='bbox 919 495 1024 531; x_wconf 80' lang='lat' dir='ltr'>labitur,</span> <span class='ocrx_word' id='word_1_71' title='bbox 1049 497 1154 529; x_wconf 74' lang='lat' dir='ltr'>tremit:</span> 
     </span>
     <span class='ocr_line' id='line_1_10' title="bbox 207 538 1152 579; baseline -0.002 -10"><span class='ocrx_word' id='word_1_72' title='bbox 207 542 321 571; x_wconf 66' lang='lat' dir='ltr'>alterum</span> <span class='ocrx_word' id='word_1_73' title='bbox 353 546 458 575; x_wconf 81' lang='lat' dir='ltr'>exstat,</span> <span class='ocrx_word' id='word_1_74' title='bbox 501 550 560 569; x_wconf 89' lang='lat' dir='ltr'>cum</span> <span class='ocrx_word' id='word_1_75' title='bbox 590 539 671 574; x_wconf 82' lang='lat' dir='ltr'>itti³‚</span> <span class='ocrx_word' id='word_1_76' title='bbox 702 540 747 579; x_wconf 92' lang='lat' dir='ltr'>qni</span> <span class='ocrx_word' id='word_1_77' title='bbox 779 539 893 579; x_wconf 86' lang='lat' dir='ltr'>patitur,</span> <span class='ocrx_word' id='word_1_78' title='bbox 931 539 1059 569; x_wconf 84' lang='lat' dir='ltr'>accidere</span> <span class='ocrx_word' id='word_1_79' title='bbox 1090 538 1152 579; x_wconf 82' lang='lat' dir='ltr'>quid</span> 
     </span>
     <span class='ocr_line' id='line_1_11' title="bbox 207 581 760 621; baseline 0 -10"><span class='ocrx_word' id='word_1_80' title='bbox 207 583 395 621; x_wconf 64' lang='lat' dir='ltr'>significatur,</span> <span class='ocrx_word' id='word_1_81' title='bbox 421 589 445 611; x_wconf 92' lang='lat' dir='ltr'>ut</span> <span class='ocrx_word' id='word_1_82' title='bbox 467 581 645 617; x_wconf 82' lang='lat' dir='ltr'>verberatur,</span> <span class='ocrx_word' id='word_1_83' title='bbox 668 582 760 611; x_wconf 84' lang='lat' dir='ltr'>uritur.</span> 
     </span>
    </p>
   </div>
   <div class='ocr_carea' id='block_1_4' title="bbox 267 632 1152 673">
    <p class='ocr_par' dir='ltr' id='par_1_4' title="bbox 267 632 1152 673">
     <span class='ocr_line' id='line_1_12' title="bbox 267 632 1152 673; baseline -0.003 -10"><span class='ocrx_word' id='word_1_84' title='bbox 267 636 294 664; x_wconf 86' lang='grc'>8.</span> <span class='ocrx_word' id='word_1_85' title='bbox 320 634 367 663; x_wconf 78' lang='lat' dir='ltr'>Est</span> <span class='ocrx_word' id='word_1_86' title='bbox 391 639 416 663; x_wconf 88' lang='lat' dir='ltr'>et</span> <span class='ocrx_word' id='word_1_87' title='bbox 439 632 511 662; x_wconf 89' lang='lat' dir='ltr'>alind</span> <span class='ocrx_word' id='word_1_88' title='bbox 534 643 631 673; x_wconf 70' lang='lat' dir='ltr'>genus,</span> <span class='ocrx_word' id='word_1_89' title='bbox 653 632 724 673; x_wconf 86' lang='lat' dir='ltr'>quod</span> <span class='ocrx_word' id='word_1_90' title='bbox 744 642 884 662; x_wconf 84' lang='lat' dir='ltr'>commune</span> <span class='ocrx_word' id='word_1_91' title='bbox 907 637 1033 667; x_wconf 86' lang='lat' dir='ltr'>vocatur,</span> <span class='ocrx_word' id='word_1_92' title='bbox 1058 638 1083 661; x_wconf 91' lang='lat' dir='ltr'>ut</span> <span class='ocrx_word' id='word_1_93' title='bbox 1106 641 1152 660; x_wconf 88' lang='lat' dir='ltr'>va-</span> 
     </span>
    </p>
   </div>
   <div class='ocr_carea' id='block_1_5' title="bbox 205 675 1218 715">
    <p class='ocr_par' dir='ltr' id='par_1_5' title="bbox 205 675 1218 715">
     <span class='ocr_line' id='line_1_13' title="bbox 205 675 1218 715; baseline 0 -12"><span class='ocrx_word' id='word_1_94' title='bbox 205 676 270 709; x_wconf 85' lang='lat' dir='ltr'>dor,</span> <span class='ocrx_word' id='word_1_95' title='bbox 303 675 431 708; x_wconf 72' lang='lat' dir='ltr'>ulciscor:</span> <span class='ocrx_word' id='word_1_96' title='bbox 465 676 642 705; x_wconf 86' lang='lat' dir='ltr'>communiter</span> <span class='ocrx_word' id='word_1_97' title='bbox 667 675 737 704; x_wconf 80' lang='lat' dir='ltr'>enim</span> <span class='ocrx_word' id='word_1_98' title='bbox 764 682 817 704; x_wconf 89' lang='lat' dir='ltr'>tam</span> <span class='ocrx_word' id='word_1_99' title='bbox 839 675 914 715; x_wconf 74' lang='lat' dir='ltr'>agit,</span> <span class='ocrx_word' id='word_1_100' title='bbox 943 685 1021 714; x_wconf 85' lang='lat' dir='ltr'>quam</span> <span class='ocrx_word' id='word_1_101' title='bbox 1043 675 1150 714; x_wconf 83' lang='lat' dir='ltr'>patitur,</span> <span class='ocrx_word' id='word_1_102' title='bbox 1189 681 1218 686; x_wconf 85' lang='lat'>&#39;&#39;</span> 
     </span>
    </p>
   </div>
   <div class='ocr_carea' id='block_1_6' title="bbox 205 716 1154 1009">
    <p class='ocr_par' dir='ltr' id='par_1_6' title="bbox 205 716 1154 1009">
     <span class='ocr_line' id='line_1_14' title="bbox 206 716 1152 758; baseline -0.003 -11"><span class='ocrx_word' id='word_1_103' title='bbox 206 717 375 754; x_wconf 60' lang='lat' dir='ltr'>Quacdam‘*</span> <span class='ocrx_word' id='word_1_104' title='bbox 408 723 431 747; x_wconf 76' lang='lat' dir='ltr'>et</span> <span class='ocrx_word' id='word_1_105' title='bbox 456 723 578 758; x_wconf 82' lang='lat' dir='ltr'>tempus,</span> <span class='ocrx_word' id='word_1_106' title='bbox 611 723 636 746; x_wconf 85' lang='lat' dir='ltr'>et</span> <span class='ocrx_word' id='word_1_107' title='bbox 660 728 824 757; x_wconf 89' lang='lat' dir='ltr'>personam,</span> <span class='ocrx_word' id='word_1_108' title='bbox 855 723 881 746; x_wconf 87' lang='lat' dir='ltr'>et</span> <span class='ocrx_word' id='word_1_109' title='bbox 909 726 1047 746; x_wconf 86' lang='lat' dir='ltr'>numerum</span> <span class='ocrx_word' id='word_1_110' title='bbox 1069 716 1152 756; x_wconf 68' lang='lat' dir='ltr'>signi-</span> 
     </span>
     <span class='ocr_line' id='line_1_15' title="bbox 205 758 1153 800; baseline -0.002 -12"><span class='ocrx_word' id='word_1_111' title='bbox 205 760 300 793; x_wconf 75' lang='lat' dir='ltr'>ficant,</span> <span class='ocrx_word' id='word_1_112' title='bbox 325 759 423 789; x_wconf 79' lang='lat' dir='ltr'>velut⁵</span> <span class='ocrx_word' id='word_1_113' title='bbox 445 760 526 800; x_wconf 67' lang='lat' dir='ltr'>lego,</span> <span class='ocrx_word' id='word_1_114' title='bbox 550 759 657 795; x_wconf 79' lang='lat' dir='ltr'>scrib0;</span> <span class='ocrx_word' id='word_1_115' title='bbox 690 766 727 788; x_wconf 80' lang='lat' dir='ltr'>cst</span> <span class='ocrx_word' id='word_1_116' title='bbox 753 759 824 788; x_wconf 90' lang='lat' dir='ltr'>enim</span> <span class='ocrx_word' id='word_1_117' title='bbox 855 765 880 789; x_wconf 85' lang='lat' dir='ltr'>et</span> <span class='ocrx_word' id='word_1_118' title='bbox 912 758 1031 789; x_wconf 87' lang='lat' dir='ltr'>instantis</span> <span class='ocrx_word' id='word_1_119' title='bbox 1052 765 1153 798; x_wconf 85' lang='lat' dir='ltr'>tempo-</span> 
     </span>
     <span class='ocr_line' id='line_1_16' title="bbox 206 800 1152 842; baseline -0.001 -12"><span class='ocrx_word' id='word_1_120' title='bbox 206 802 259 836; x_wconf 78' lang='lat' dir='ltr'>ris,</span> <span class='ocrx_word' id='word_1_121' title='bbox 286 808 312 831; x_wconf 86' lang='lat' dir='ltr'>et</span> <span class='ocrx_word' id='word_1_122' title='bbox 335 813 471 842; x_wconf 82' lang='lat' dir='ltr'>personae</span> <span class='ocrx_word' id='word_1_123' title='bbox 493 802 614 842; x_wconf 87' lang='lat' dir='ltr'>primae,</span> <span class='ocrx_word' id='word_1_124' title='bbox 640 807 666 831; x_wconf 84' lang='lat' dir='ltr'>et</span> <span class='ocrx_word' id='word_1_125' title='bbox 689 802 792 831; x_wconf 83' lang='lat' dir='ltr'>muneri</span> <span class='ocrx_word' id='word_1_126' title='bbox 816 800 962 841; x_wconf 57' lang='lat' dir='ltr'>singularis</span> <span class='ocrx_word' id='word_1_127' title='bbox 981 800 1152 840; x_wconf 63' lang='lat' dir='ltr'>significatio.</span> 
     </span>
     <span class='ocr_line' id='line_1_17' title="bbox 205 843 1152 884; baseline -0.002 -11"><span class='ocrx_word' id='word_1_128' title='bbox 205 843 348 880; x_wconf 76' lang='lat' dir='ltr'>Quaedam</span> <span class='ocrx_word' id='word_1_129' title='bbox 367 855 433 873; x_wconf 76' lang='lat' dir='ltr'>vcro</span> <span class='ocrx_word' id='word_1_130' title='bbox 451 844 510 873; x_wconf 89' lang='lat' dir='ltr'>sine</span> <span class='ocrx_word' id='word_1_131' title='bbox 529 854 647 884; x_wconf 82' lang='lat' dir='ltr'>persona</span> <span class='ocrx_word' id='word_1_132' title='bbox 665 844 751 873; x_wconf 85' lang='lat' dir='ltr'>solam</span> <span class='ocrx_word' id='word_1_133' title='bbox 772 854 829 873; x_wconf 83' lang='lat' dir='ltr'>rem</span> <span class='ocrx_word' id='word_1_134' title='bbox 851 854 902 883; x_wconf 89' lang='lat' dir='ltr'>per</span> <span class='ocrx_word' id='word_1_135' title='bbox 923 849 1047 883; x_wconf 87' lang='lat' dir='ltr'>tempora</span> <span class='ocrx_word' id='word_1_136' title='bbox 1065 849 1152 871; x_wconf 76' lang='lat' dir='ltr'>osten-</span> 
     </span>
     <span class='ocr_line' id='line_1_18' title="bbox 205 884 1154 924; baseline -0.002 -10"><span class='ocrx_word' id='word_1_137' title='bbox 205 887 283 920; x_wconf 86' lang='lat' dir='ltr'>dunt,</span> <span class='ocrx_word' id='word_1_138' title='bbox 309 892 335 915; x_wconf 90' lang='lat' dir='ltr'>nt</span> <span class='ocrx_word' id='word_1_139' title='bbox 357 885 530 921; x_wconf 78' lang='lat' dir='ltr'>currebatur,</span> <span class='ocrx_word' id='word_1_140' title='bbox 559 892 699 920; x_wconf 84' lang='lat' dir='ltr'>curretur,</span> <span class='ocrx_word' id='word_1_141' title='bbox 724 886 845 915; x_wconf 87' lang='lat' dir='ltr'>curritur.</span> <span class='ocrx_word' id='word_1_142' title='bbox 890 885 956 914; x_wconf 84' lang='lat' dir='ltr'>Item</span> <span class='ocrx_word' id='word_1_143' title='bbox 987 892 1013 914; x_wconf 86' lang='lat' dir='ltr'>et</span> <span class='ocrx_word' id='word_1_144' title='bbox 1039 884 1154 924; x_wconf 80' lang='lat' dir='ltr'>pluralia</span> 
     </span>
     <span class='ocr_line' id='line_1_19' title="bbox 205 927 1153 968; baseline -0.002 -12"><span class='ocrx_word' id='word_1_145' title='bbox 205 927 282 963; x_wconf 77' lang='lat' dir='ltr'>lieri,</span> <span class='ocrx_word' id='word_1_146' title='bbox 311 938 399 968; x_wconf 84' lang='lat' dir='ltr'>neque</span> <span class='ocrx_word' id='word_1_147' title='bbox 422 928 456 957; x_wconf 91' lang='lat' dir='ltr'>ad</span> <span class='ocrx_word' id='word_1_148' title='bbox 476 938 622 968; x_wconf 72' lang='lat' dir='ltr'>personam</span> <span class='ocrx_word' id='word_1_149' title='bbox 643 927 743 957; x_wconf 76' lang='lat' dir='ltr'>rel&#39;erri</span> <span class='ocrx_word' id='word_1_150' title='bbox 767 934 890 968; x_wconf 76' lang='lat' dir='ltr'>possunt,</span> <span class='ocrx_word' id='word_1_151' title='bbox 915 933 940 956; x_wconf 92' lang='lat' dir='ltr'>at</span> <span class='ocrx_word' id='word_1_152' title='bbox 964 927 1059 956; x_wconf 78' lang='lat' dir='ltr'>eadem</span> <span class='ocrx_word' id='word_1_153' title='bbox 1082 936 1153 955; x_wconf 88' lang='lat' dir='ltr'>com-</span> 
     </span>
     <span class='ocr_line' id='line_1_20' title="bbox 209 968 1154 1009; baseline -0.002 -10"><span class='ocrx_word' id='word_1_154' title='bbox 209 970 298 1009; x_wconf 88' lang='lat' dir='ltr'>posita</span> <span class='ocrx_word' id='word_1_155' title='bbox 322 969 421 999; x_wconf 78' lang='lat' dir='ltr'>habent</span> <span class='ocrx_word' id='word_1_156' title='bbox 447 970 474 999; x_wconf 88' lang='lat' dir='ltr'>in</span> <span class='ocrx_word' id='word_1_157' title='bbox 497 970 593 999; x_wconf 84' lang='lat' dir='ltr'>eadem</span> <span class='ocrx_word' id='word_1_158' title='bbox 618 969 717 1003; x_wconf 80' lang='lat' dir='ltr'>sorma;</span> <span class='ocrx_word' id='word_1_159' title='bbox 749 980 808 998; x_wconf 89' lang='lat' dir='ltr'>nam</span> <span class='ocrx_word' id='word_1_160' title='bbox 824 969 976 1009; x_wconf 65' lang='lat' dir='ltr'>significant</span> <span class='ocrx_word' id='word_1_161' title='bbox 994 968 1069 1009; x_wconf 88' lang='lat' dir='ltr'>quasi</span> <span class='ocrx_word' id='word_1_162' title='bbox 1092 978 1154 1008; x_wconf 88' lang='lat' dir='ltr'>per-</span> 
     </span>
    </p>
   </div>
   <div class='ocr_carea' id='block_1_7' title="bbox 117 1009 1154 1051">
    <p class='ocr_par' dir='ltr' id='par_1_7' title="bbox 117 1009 1154 1051">
     <span class='ocr_line' id='line_1_21' title="bbox 117 1009 1154 1051; baseline -0.004 -8"><span class='ocrx_word' id='word_1_163' title='bbox 117 1012 200 1051; x_wconf 68' lang='lat'>[141]</span> <span class='ocrx_word' id='word_1_164' title='bbox 212 1012 342 1045; x_wconf 85' lang='lat' dir='ltr'>curritur,</span> <span class='ocrx_word' id='word_1_165' title='bbox 369 1011 559 1045; x_wconf 72' lang='lat' dir='ltr'>inambulamr,</span> <span class='ocrx_word' id='word_1_166' title='bbox 585 1017 609 1039; x_wconf 82' lang='lat' dir='ltr'>et</span> <span class='ocrx_word' id='word_1_167' title='bbox 625 1010 637 1051; x_wconf 80' lang='grc' dir='ltr'>Η</span> <span class='ocrx_word' id='word_1_168' title='bbox 655 1011 680 1040; x_wconf 91' lang='lat' dir='ltr'>in</span> <span class='ocrx_word' id='word_1_169' title='bbox 703 1011 839 1050; x_wconf 75' lang='lat' dir='ltr'>passivam</span> <span class='ocrx_word' id='word_1_170' title='bbox 862 1021 1007 1050; x_wconf 80' lang='lat' dir='ltr'>personam</span> <span class='ocrx_word' id='word_1_171' title='bbox 1030 1009 1154 1040; x_wconf 80' lang='lat' dir='ltr'>reserun-</span> 
     </span>
    </p>
   </div>
   <div class='ocr_carea' id='block_1_8' title="bbox 204 1053 1153 1610">
    <p class='ocr_par' dir='ltr' id='par_1_8' title="bbox 206 1053 1153 1136">
     <span class='ocr_line' id='line_1_22' title="bbox 208 1053 1153 1093; baseline -0.001 -11"><span class='ocrx_word' id='word_1_172' title='bbox 208 1061 249 1083; x_wconf 91' lang='lat' dir='ltr'>tur</span> <span class='ocrx_word' id='word_1_173' title='bbox 274 1061 298 1083; x_wconf 83' lang='lat' dir='ltr'>ct</span> <span class='ocrx_word' id='word_1_174' title='bbox 322 1064 474 1085; x_wconf 76' lang='lat' dir='ltr'>numerum:</span> <span class='ocrx_word' id='word_1_175' title='bbox 499 1053 610 1082; x_wconf 72' lang='lat' dir='ltr'>dicimus</span> <span class='ocrx_word' id='word_1_176' title='bbox 633 1054 703 1083; x_wconf 87' lang='lat' dir='ltr'>enim</span> <span class='ocrx_word' id='word_1_177' title='bbox 721 1053 888 1093; x_wconf 76' lang='lat' dir='ltr'>percurritur</span> <span class='ocrx_word' id='word_1_178' title='bbox 906 1063 1024 1093; x_wconf 84' lang='lat' dir='ltr'>campus,</span> <span class='ocrx_word' id='word_1_179' title='bbox 1048 1062 1153 1093; x_wconf 89' lang='lat' dir='ltr'>peram-</span> 
     </span>
     <span class='ocr_line' id='line_1_23' title="bbox 206 1095 1061 1136; baseline -0.001 -11"><span class='ocrx_word' id='word_1_180' title='bbox 206 1096 311 1125; x_wconf 79' lang='lat' dir='ltr'>bulatur</span> <span class='ocrx_word' id='word_1_181' title='bbox 335 1095 438 1129; x_wconf 85' lang='lat' dir='ltr'>sorum,</span> <span class='ocrx_word' id='word_1_182' title='bbox 465 1095 591 1125; x_wconf 88' lang='lat' dir='ltr'>circuitur</span> <span class='ocrx_word' id='word_1_183' title='bbox 614 1097 724 1131; x_wconf 82' lang='lat' dir='ltr'>civitas,</span> <span class='ocrx_word' id='word_1_184' title='bbox 745 1095 832 1125; x_wconf 88' lang='lat' dir='ltr'>aditur</span> <span class='ocrx_word' id='word_1_185' title='bbox 851 1095 1023 1136; x_wconf 77' lang='lat' dir='ltr'>magistratus</span> <span class='ocrx_word' id='word_1_186' title='bbox 1039 1095 1061 1124; x_wconf 79' lang='lat'>⁶.</span> 
     </span>
    </p>

    <p class='ocr_par' dir='ltr' id='par_1_9' title="bbox 204 1144 1153 1610">
     <span class='ocr_line' id='line_1_24' title="bbox 269 1144 1153 1186; baseline 0 -12"><span class='ocrx_word' id='word_1_187' title='bbox 269 1146 297 1174; x_wconf 84' lang='lat'>9.</span> <span class='ocrx_word' id='word_1_188' title='bbox 322 1145 482 1184; x_wconf 81' lang='lat' dir='ltr'>[Simil]iter</span> <span class='ocrx_word' id='word_1_189' title='bbox 504 1145 574 1176; x_wconf 86' lang='lat' dir='ltr'>haec</span> <span class='ocrx_word' id='word_1_190' title='bbox 596 1147 655 1176; x_wconf 79' lang='lat' dir='ltr'>sive</span> <span class='ocrx_word' id='word_1_191' title='bbox 677 1146 810 1186; x_wconf 72' lang='lat' dir='ltr'>simplicia</span> <span class='ocrx_word' id='word_1_192' title='bbox 834 1147 892 1176; x_wconf 85' lang='lat' dir='ltr'>sive</span> <span class='ocrx_word' id='word_1_193' title='bbox 915 1145 1066 1185; x_wconf 84' lang='lat' dir='ltr'>composita</span> <span class='ocrx_word' id='word_1_194' title='bbox 1095 1144 1153 1174; x_wconf 83' lang='lat' dir='ltr'>sine</span> 
     </span>
     <span class='ocr_line' id='line_1_25' title="bbox 204 1187 1151 1229; baseline -0.001 -12"><span class='ocrx_word' id='word_1_195' title='bbox 204 1197 317 1217; x_wconf 80' lang='lat' dir='ltr'>numero</span> <span class='ocrx_word' id='word_1_196' title='bbox 340 1199 528 1228; x_wconf 74' lang='lat' dir='ltr'>personaque,</span> <span class='ocrx_word' id='word_1_197' title='bbox 560 1200 617 1218; x_wconf 79' lang='lat' dir='ltr'>cuin</span> <span class='ocrx_word' id='word_1_198' title='bbox 649 1195 773 1229; x_wconf 81' lang='lat' dir='ltr'>tempore</span> <span class='ocrx_word' id='word_1_199' title='bbox 799 1194 887 1218; x_wconf 82' lang='lat' dir='ltr'>tamen</span> <span class='ocrx_word' id='word_1_200' title='bbox 910 1187 1101 1222; x_wconf 79' lang='lat' dir='ltr'>ostenduntur,</span> <span class='ocrx_word' id='word_1_201' title='bbox 1127 1194 1151 1216; x_wconf 88' lang='lat' dir='ltr'>ut</span> 
     </span>
     <span class='ocr_line' id='line_1_26' title="bbox 205 1229 1150 1271; baseline 0.002 -14"><span class='ocrx_word' id='word_1_202' title='bbox 205 1230 311 1265; x_wconf 87' lang='lat' dir='ltr'>decuit,</span> <span class='ocrx_word' id='word_1_203' title='bbox 336 1230 431 1265; x_wconf 76' lang='lat' dir='ltr'>decet,</span> <span class='ocrx_word' id='word_1_204' title='bbox 463 1230 586 1265; x_wconf 80' lang='lat' dir='ltr'>decebit,</span> <span class='ocrx_word' id='word_1_205' title='bbox 611 1237 735 1271; x_wconf 75' lang='lat' dir='ltr'>oportet,</span> <span class='ocrx_word' id='word_1_206' title='bbox 768 1230 846 1265; x_wconf 86' lang='lat' dir='ltr'>licet,</span> <span class='ocrx_word' id='word_1_207' title='bbox 874 1231 963 1260; x_wconf 81' lang='lat' dir='ltr'>taedet</span> <span class='ocrx_word' id='word_1_208' title='bbox 974 1254 1108 1264; x_wconf 83' lang='lat'>......</span> <span class='ocrx_word' id='word_1_209' title='bbox 1126 1229 1150 1264; x_wconf 90' lang='lat'>⁷,</span> 
     </span>
     <span class='ocr_line' id='line_1_27' title="bbox 206 1272 1151 1312; baseline 0.001 -12"><span class='ocrx_word' id='word_1_210' title='bbox 206 1272 303 1312; x_wconf 78' lang='lat' dir='ltr'>pudet,</span> <span class='ocrx_word' id='word_1_211' title='bbox 328 1273 412 1312; x_wconf 64' lang='lat' dir='ltr'>piget.</span> <span class='ocrx_word' id='word_1_212' title='bbox 458 1272 506 1302; x_wconf 74' lang='lat' dir='ltr'>His</span> <span class='ocrx_word' id='word_1_213' title='bbox 529 1273 600 1302; x_wconf 74' lang='lat' dir='ltr'>cuim</span> <span class='ocrx_word' id='word_1_214' title='bbox 624 1284 682 1302; x_wconf 79' lang='lat' dir='ltr'>cuin</span> <span class='ocrx_word' id='word_1_215' title='bbox 712 1273 833 1302; x_wconf 87' lang='lat' dir='ltr'>adiicitur</span> <span class='ocrx_word' id='word_1_216' title='bbox 861 1284 958 1301; x_wconf 82' lang='lat' dir='ltr'>notncn</span> <span class='ocrx_word' id='word_1_217' title='bbox 982 1278 1023 1301; x_wconf 85' lang='lat' dir='ltr'>aut</span> <span class='ocrx_word' id='word_1_218' title='bbox 1053 1282 1151 1312; x_wconf 88' lang='lat' dir='ltr'>prono-</span> 
     </span>
     <span class='ocr_line' id='line_1_28' title="bbox 204 1314 1153 1356; baseline 0 -13"><span class='ocrx_word' id='word_1_219' title='bbox 204 1325 284 1348; x_wconf 81' lang='lat' dir='ltr'>men,</span> <span class='ocrx_word' id='word_1_220' title='bbox 317 1324 461 1354; x_wconf 79' lang='lat' dir='ltr'>personam</span> <span class='ocrx_word' id='word_1_221' title='bbox 491 1314 653 1356; x_wconf 73' lang='lat' dir='ltr'>designant,</span> <span class='ocrx_word' id='word_1_222' title='bbox 686 1315 762 1355; x_wconf 77' lang='lat' dir='ltr'>quasi</span> <span class='ocrx_word' id='word_1_223' title='bbox 791 1315 869 1344; x_wconf 84' lang='lat' dir='ltr'>decet</span> <span class='ocrx_word' id='word_1_224' title='bbox 897 1315 986 1346; x_wconf 76' lang='lat' dir='ltr'>illum,</span> <span class='ocrx_word' id='word_1_225' title='bbox 1127 1320 1153 1343; x_wconf 89' lang='lat' dir='ltr'>et</span> 
     </span>
     <span class='ocr_line' id='line_1_29' title="bbox 206 1356 1152 1398; baseline 0.001 -14"><span class='ocrx_word' id='word_1_226' title='bbox 206 1357 338 1386; x_wconf 49' lang='lat' dir='ltr'>(iaitnnss.</span> <span class='ocrx_word' id='word_1_227' title='bbox 401 1357 506 1386; x_wconf 72' lang='lat' dir='ltr'>Eadem</span> <span class='ocrx_word' id='word_1_228' title='bbox 535 1358 567 1386; x_wconf 92' lang='lat' dir='ltr'>ad</span> <span class='ocrx_word' id='word_1_229' title='bbox 603 1358 779 1398; x_wconf 82' lang='lat' dir='ltr'>praeteritum</span> <span class='ocrx_word' id='word_1_230' title='bbox 810 1363 913 1397; x_wconf 83' lang='lat' dir='ltr'>tcinpus</span> <span class='ocrx_word' id='word_1_231' title='bbox 951 1356 1037 1386; x_wconf 84' lang='lat' dir='ltr'>relata</span> <span class='ocrx_word' id='word_1_232' title='bbox 1067 1356 1152 1386; x_wconf 84' lang='lat' dir='ltr'>tribus</span> 
     </span>
     <span class='ocr_line' id='line_1_30' title="bbox 205 1398 1152 1439; baseline 0.002 -12"><span class='ocrx_word' id='word_1_233' title='bbox 205 1398 295 1427; x_wconf 88' lang='lat' dir='ltr'>modis</span> <span class='ocrx_word' id='word_1_234' title='bbox 326 1398 525 1437; x_wconf 63' lang='lat' dir='ltr'>intelliguntur2</span> <span class='ocrx_word' id='word_1_235' title='bbox 551 1410 611 1428; x_wconf 83' lang='lat' dir='ltr'>nain</span> <span class='ocrx_word' id='word_1_236' title='bbox 639 1400 748 1439; x_wconf 84' lang='lat' dir='ltr'>part[i1n</span> <span class='ocrx_word' id='word_1_237' title='bbox 776 1400 956 1439; x_wconf 85' lang='lat' dir='ltr'>dup]licantur</span> <span class='ocrx_word' id='word_1_238' title='bbox 986 1398 1078 1428; x_wconf 90' lang='lat' dir='ltr'>addito</span> <span class='ocrx_word' id='word_1_239' title='bbox 1104 1398 1152 1429; x_wconf 88' lang='lat' dir='ltr'>ali-</span> 
     </span>
     <span class='ocr_line' id='line_1_31' title="bbox 206 1440 1150 1482; baseline 0.001 -13"><span class='ocrx_word' id='word_1_240' title='bbox 206 1450 259 1480; x_wconf 89' lang='lat' dir='ltr'>quo</span> <span class='ocrx_word' id='word_1_241' title='bbox 282 1440 382 1476; x_wconf 85' lang='lat' dir='ltr'>verbo,</span> <span class='ocrx_word' id='word_1_242' title='bbox 408 1447 433 1470; x_wconf 88' lang='lat' dir='ltr'>ut</span> <span class='ocrx_word' id='word_1_243' title='bbox 456 1441 562 1476; x_wconf 82' lang='lat' dir='ltr'>taedet,</span> <span class='ocrx_word' id='word_1_244' title='bbox 587 1448 689 1471; x_wconf 86' lang='lat' dir='ltr'>taesum</span> <span class='ocrx_word' id='word_1_245' title='bbox 712 1448 761 1477; x_wconf 89' lang='lat' dir='ltr'>est,</span> <span class='ocrx_word' id='word_1_246' title='bbox 786 1442 882 1482; x_wconf 87' lang='lat' dir='ltr'>partim</span> <span class='ocrx_word' id='word_1_247' title='bbox 906 1442 964 1471; x_wconf 86' lang='lat' dir='ltr'>sine</span> <span class='ocrx_word' id='word_1_248' title='bbox 987 1441 1150 1476; x_wconf 84' lang='lat' dir='ltr'>adiectione,</span> 
     </span>
     <span class='ocr_line' id='line_1_32' title="bbox 207 1482 1152 1521; baseline 0.001 -10"><span class='ocrx_word' id='word_1_249' title='bbox 207 1483 245 1519; x_wconf 86' lang='lat' dir='ltr'>[ut</span> <span class='ocrx_word' id='word_1_250' title='bbox 274 1482 379 1521; x_wconf 65' lang='lat' dir='ltr'>decjet,</span> <span class='ocrx_word' id='word_1_251' title='bbox 411 1483 508 1513; x_wconf 83' lang='lat' dir='ltr'>decuit.</span> <span class='ocrx_word' id='word_1_252' title='bbox 560 1483 621 1513; x_wconf 85' lang='lat' dir='ltr'>Nec</span> <span class='ocrx_word' id='word_1_253' title='bbox 653 1484 725 1513; x_wconf 88' lang='lat' dir='ltr'>euim</span> <span class='ocrx_word' id='word_1_254' title='bbox 758 1490 801 1514; x_wconf 87' lang='lat' dir='ltr'>aut</span> <span class='ocrx_word' id='word_1_255' title='bbox 831 1484 949 1514; x_wconf 86' lang='lat' dir='ltr'>taedium</span> <span class='ocrx_word' id='word_1_256' title='bbox 977 1489 1021 1513; x_wconf 85' lang='lat' dir='ltr'>aut</span> <span class='ocrx_word' id='word_1_257' title='bbox 1049 1490 1152 1513; x_wconf 77' lang='lat' dir='ltr'>tac-sum</span> 
     </span>
     <span class='ocr_line' id='line_1_33' title="bbox 206 1525 1151 1566; baseline 0.003 -13"><span class='ocrx_word' id='word_1_258' title='bbox 206 1525 288 1558; x_wconf 44' lang='lat' dir='ltr'>esst,</span> <span class='ocrx_word' id='word_1_259' title='bbox 319 1535 370 1555; x_wconf 88' lang='lat' dir='ltr'>nec</span> <span class='ocrx_word' id='word_1_260' title='bbox 393 1537 483 1555; x_wconf 91' lang='lat' dir='ltr'>rursus</span> <span class='ocrx_word' id='word_1_261' title='bbox 506 1525 622 1561; x_wconf 83' lang='lat' dir='ltr'>taeduit,</span> <span class='ocrx_word' id='word_1_262' title='bbox 654 1532 680 1555; x_wconf 88' lang='lat' dir='ltr'>ut</span> <span class='ocrx_word' id='word_1_263' title='bbox 704 1526 792 1556; x_wconf 81' lang='lat' dir='ltr'>decuit</span> <span class='ocrx_word' id='word_1_264' title='bbox 821 1526 874 1556; x_wconf 85' lang='lat' dir='ltr'>dici</span> <span class='ocrx_word' id='word_1_265' title='bbox 904 1532 1000 1566; x_wconf 83' lang='lat' dir='ltr'>potest.</span> <span class='ocrx_word' id='word_1_266' title='bbox 1047 1526 1151 1564; x_wconf 78' lang='lat' dir='ltr'>[Quae-</span> 
     </span>
     <span class='ocr_line' id='line_1_34' title="bbox 207 1566 1150 1610; baseline 0.003 -15"><span class='ocrx_word' id='word_1_267' title='bbox 207 1566 279 1605; x_wconf 85' lang='lat' dir='ltr'>dam]</span> <span class='ocrx_word' id='word_1_268' title='bbox 302 1567 410 1608; x_wconf 82' lang='lat' dir='ltr'>species</span> <span class='ocrx_word' id='word_1_269' title='bbox 427 1574 466 1598; x_wconf 89' lang='lat' dir='ltr'>est</span> <span class='ocrx_word' id='word_1_270' title='bbox 490 1578 593 1603; x_wconf 83' lang='lat' dir='ltr'>corum,</span> <span class='ocrx_word' id='word_1_271' title='bbox 617 1578 686 1609; x_wconf 85' lang='lat' dir='ltr'>quae</span> <span class='ocrx_word' id='word_1_272' title='bbox 710 1567 736 1599; x_wconf 88' lang='lat' dir='ltr'>in</span> <span class='ocrx_word' id='word_1_273' title='bbox 754 1575 891 1610; x_wconf 84' lang='lat' dir='ltr'>utramque</span> <span class='ocrx_word' id='word_1_274' title='bbox 914 1567 1025 1598; x_wconf 80' lang='lat' dir='ltr'>sormam</span> <span class='ocrx_word' id='word_1_275' title='bbox 1045 1568 1150 1603; x_wconf 82' lang='lat' dir='ltr'>cadant,</span> 
     </span>
    </p>
   </div>
   <div class='ocr_carea' id='block_1_9' title="bbox 209 1667 1161 2183">
    <p class='ocr_par' dir='ltr' id='par_1_10' title="bbox 209 1667 1161 2183">
     <span class='ocr_line' id='line_1_35' title="bbox 210 1667 1157 1702; baseline 0.004 -12"><span class='ocrx_word' id='word_1_276' title='bbox 210 1667 361 1693; x_wconf 77' lang='lat' dir='ltr'>sententiam</span> <span class='ocrx_word' id='word_1_277' title='bbox 380 1667 451 1693; x_wconf 87' lang='lat' dir='ltr'>locus</span> <span class='ocrx_word' id='word_1_278' title='bbox 470 1669 582 1694; x_wconf 82' lang='lat' dir='ltr'>sortasse</span> <span class='ocrx_word' id='word_1_279' title='bbox 607 1669 645 1694; x_wconf 84' lang='lat' dir='ltr'>sic</span> <span class='ocrx_word' id='word_1_280' title='bbox 665 1670 860 1695; x_wconf 77' lang='lat' dir='ltr'>constituendus</span> <span class='ocrx_word' id='word_1_281' title='bbox 879 1672 932 1695; x_wconf 77' lang='lat' dir='ltr'>est:</span> <span class='ocrx_word' id='word_1_282' title='bbox 959 1669 1032 1695; x_wconf 78' lang='lat' dir='ltr'>Haec</span> <span class='ocrx_word' id='word_1_283' title='bbox 1052 1677 1157 1702; x_wconf 79' lang='lat' dir='ltr'>quoquc</span> 
     </span>
     <span class='ocr_line' id='line_1_36' title="bbox 209 1702 1156 1737; baseline 0.005 -13"><span class='ocrx_word' id='word_1_284' title='bbox 209 1702 303 1725; x_wconf 66' lang='lat' dir='ltr'>natu-nc</span> <span class='ocrx_word' id='word_1_285' title='bbox 325 1707 347 1726; x_wconf 76' lang='lat' dir='ltr'>ct</span> <span class='ocrx_word' id='word_1_286' title='bbox 367 1704 484 1736; x_wconf 79' lang='lat' dir='ltr'>corporis</span> <span class='ocrx_word' id='word_1_287' title='bbox 514 1708 536 1728; x_wconf 81' lang='lat' dir='ltr'>et</span> <span class='ocrx_word' id='word_1_288' title='bbox 557 1705 638 1728; x_wconf 81' lang='lat' dir='ltr'>animi</span> <span class='ocrx_word' id='word_1_289' title='bbox 657 1709 755 1729; x_wconf 81' lang='lat' dir='ltr'>motum</span> <span class='ocrx_word' id='word_1_290' title='bbox 783 1704 981 1737; x_wconf 56' lang='lat' dir='ltr'>significantia,</span> <span class='ocrx_word' id='word_1_291' title='bbox 1005 1705 1101 1736; x_wconf 82' lang='lat' dir='ltr'>animi,</span> <span class='ocrx_word' id='word_1_292' title='bbox 1128 1708 1156 1729; x_wconf 80' lang='lat' dir='ltr'>ut</span> 
     </span>
     <span class='ocr_line' id='line_1_37' title="bbox 210 1738 1156 1772; baseline 0.005 -14"><span class='ocrx_word' id='word_1_293' title='bbox 210 1744 306 1766; x_wconf 72' lang='lat' dir='ltr'>cogor,</span> <span class='ocrx_word' id='word_1_294' title='bbox 326 1738 455 1769; x_wconf 73' lang='lat' dir='ltr'>corporis,</span> <span class='ocrx_word' id='word_1_295' title='bbox 476 1742 505 1762; x_wconf 83' lang='lat' dir='ltr'>ul</span> <span class='ocrx_word' id='word_1_296' title='bbox 525 1739 615 1763; x_wconf 78' lang='lat' dir='ltr'>satior.</span> <span class='ocrx_word' id='word_1_297' title='bbox 732 1740 759 1771; x_wconf 85' lang='lat'>1)</span> <span class='ocrx_word' id='word_1_298' title='bbox 778 1740 851 1763; x_wconf 55' lang='lat' dir='ltr'>Ilaec</span> <span class='ocrx_word' id='word_1_299' title='bbox 871 1739 948 1771; x_wconf 70' lang='lat' dir='ltr'>quasi</span> <span class='ocrx_word' id='word_1_300' title='bbox 966 1739 1156 1772; x_wconf 74' lang='lat' dir='ltr'>indifferentia.</span> 
     </span>
     <span class='ocr_line' id='line_1_38' title="bbox 210 1769 1157 1808; baseline 0.005 -16"><span class='ocrx_word' id='word_1_301' title='bbox 210 1769 306 1808; x_wconf 62' lang='lat' dir='ltr'>Hiatus</span> <span class='ocrx_word' id='word_1_302' title='bbox 325 1770 350 1794; x_wconf 87' lang='lat' dir='ltr'>in</span> <span class='ocrx_word' id='word_1_303' title='bbox 369 1772 432 1797; x_wconf 66' lang='lat' dir='ltr'>eod.</span> <span class='ocrx_word' id='word_1_304' title='bbox 454 1776 480 1796; x_wconf 83' lang='lat' dir='ltr'>et</span> <span class='ocrx_word' id='word_1_305' title='bbox 504 1772 530 1797; x_wconf 89' lang='lat' dir='ltr'>in</span> <span class='ocrx_word' id='word_1_306' title='bbox 550 1773 601 1799; x_wconf 87' lang='lat' dir='ltr'>Ed.</span> <span class='ocrx_word' id='word_1_307' title='bbox 623 1782 662 1806; x_wconf 86' lang='lat' dir='ltr'>pr.</span> <span class='ocrx_word' id='word_1_308' title='bbox 683 1776 737 1805; x_wconf 80' lang='lat' dir='ltr'>est,</span> <span class='ocrx_word' id='word_1_309' title='bbox 767 1774 813 1798; x_wconf 84' lang='lat' dir='ltr'>sed</span> <span class='ocrx_word' id='word_1_310' title='bbox 838 1773 914 1805; x_wconf 72' lang='lat' dir='ltr'>longe</span> <span class='ocrx_word' id='word_1_311' title='bbox 933 1773 1055 1806; x_wconf 75' lang='lat' dir='ltr'>amplior,</span> <span class='ocrx_word' id='word_1_312' title='bbox 1082 1782 1157 1806; x_wconf 78' lang='lat' dir='ltr'>quain</span> 
     </span>
     <span class='ocr_line' id='line_1_39' title="bbox 210 1803 1158 1843; baseline 0.005 -16"><span class='ocrx_word' id='word_1_313' title='bbox 210 1804 254 1843; x_wconf 63' lang='lat' dir='ltr'>liic</span> <span class='ocrx_word' id='word_1_314' title='bbox 275 1803 345 1828; x_wconf 86' lang='lat' dir='ltr'>locus</span> <span class='ocrx_word' id='word_1_315' title='bbox 363 1807 434 1830; x_wconf 67' lang='lat' dir='ltr'>unt-is</span> <span class='ocrx_word' id='word_1_316' title='bbox 452 1806 574 1832; x_wconf 89' lang='lat' dir='ltr'>inclusus.</span> <span class='ocrx_word' id='word_1_317' title='bbox 614 1808 642 1832; x_wconf 92' lang='lat' dir='ltr'>ln</span> <span class='ocrx_word' id='word_1_318' title='bbox 662 1808 712 1831; x_wconf 85' lang='lat' dir='ltr'>Ed.</span> <span class='ocrx_word' id='word_1_319' title='bbox 733 1816 773 1840; x_wconf 82' lang='lat' dir='ltr'>pr.</span> <span class='ocrx_word' id='word_1_320' title='bbox 793 1808 878 1833; x_wconf 80' lang='lat' dir='ltr'>hiatus</span> <span class='ocrx_word' id='word_1_321' title='bbox 898 1812 957 1832; x_wconf 82' lang='lat' dir='ltr'>ante</span> <span class='ocrx_word' id='word_1_322' title='bbox 979 1809 1063 1839; x_wconf 68' lang='lat' dir='ltr'>quasi,</span> <span class='ocrx_word' id='word_1_323' title='bbox 1089 1808 1158 1840; x_wconf 87' lang='lat' dir='ltr'>quod</span> 
     </span>
     <span class='ocr_line' id='line_1_40' title="bbox 211 1837 1157 1870; baseline 0.004 -9"><span class='ocrx_word' id='word_1_324' title='bbox 211 1838 310 1862; x_wconf 79' lang='lat' dir='ltr'>diserte</span> <span class='ocrx_word' id='word_1_325' title='bbox 332 1837 433 1870; x_wconf 72' lang='lat' dir='ltr'>tegitur.</span> <span class='ocrx_word' id='word_1_326' title='bbox 481 1841 600 1866; x_wconf 85' lang='lat' dir='ltr'>Ceterum</span> <span class='ocrx_word' id='word_1_327' title='bbox 632 1841 673 1866; x_wconf 86' lang='lat' dir='ltr'>hic</span> <span class='ocrx_word' id='word_1_328' title='bbox 698 1841 769 1866; x_wconf 84' lang='lat' dir='ltr'>locus</span> <span class='ocrx_word' id='word_1_329' title='bbox 793 1842 831 1867; x_wconf 89' lang='lat' dir='ltr'>sie</span> <span class='ocrx_word' id='word_1_330' title='bbox 861 1842 1012 1867; x_wconf 86' lang='lat' dir='ltr'>scribendus</span> <span class='ocrx_word' id='word_1_331' title='bbox 1041 1843 1157 1867; x_wconf 82' lang='lat' dir='ltr'>videtur:</span> 
     </span>
     <span class='ocr_line' id='line_1_41' title="bbox 210 1872 1159 1910; baseline 0.006 -15"><span class='ocrx_word' id='word_1_332' title='bbox 210 1872 286 1896; x_wconf 82' lang='lat' dir='ltr'>Haec</span> <span class='ocrx_word' id='word_1_333' title='bbox 310 1876 398 1910; x_wconf 61' lang='lat' dir='ltr'>autum</span> <span class='ocrx_word' id='word_1_334' title='bbox 424 1882 481 1898; x_wconf 78' lang='lat' dir='ltr'>cum</span> <span class='ocrx_word' id='word_1_335' title='bbox 505 1877 557 1900; x_wconf 75' lang='lat' dir='ltr'>sint</span> <span class='ocrx_word' id='word_1_336' title='bbox 583 1876 778 1909; x_wconf 74' lang='lat' dir='ltr'>indtffcrcntia‚</span> <span class='ocrx_word' id='word_1_337' title='bbox 805 1877 916 1909; x_wconf 77' lang='lat' dir='ltr'>passivis</span> <span class='ocrx_word' id='word_1_338' title='bbox 936 1881 1107 1909; x_wconf 73' lang='lat' dir='ltr'>rcpugnant,</span> <span class='ocrx_word' id='word_1_339' title='bbox 1135 1880 1159 1901; x_wconf 62' lang='lat' dir='ltr'>ct</span> 
     </span>
     <span class='ocr_line' id='line_1_42' title="bbox 212 1910 1159 1940; baseline 0.004 -9"><span class='ocrx_word' id='word_1_340' title='bbox 212 1910 262 1931; x_wconf 78' lang='lat' dir='ltr'>aut</span> <span class='ocrx_word' id='word_1_341' title='bbox 286 1911 372 1931; x_wconf 76' lang='lat' dir='ltr'>activa</span> <span class='ocrx_word' id='word_1_342' title='bbox 399 1912 447 1931; x_wconf 81' lang='lat' dir='ltr'>aut</span> <span class='ocrx_word' id='word_1_343' title='bbox 471 1911 576 1940; x_wconf 70' lang='lat' dir='ltr'>passiva</span> <span class='ocrx_word' id='word_1_344' title='bbox 602 1911 784 1935; x_wconf 79' lang='lat' dir='ltr'>tuntznnmodo</span> <span class='ocrx_word' id='word_1_345' title='bbox 811 1915 883 1935; x_wconf 68' lang='lat' dir='ltr'>sunt.</span> <span class='ocrx_word' id='word_1_346' title='bbox 996 1913 1024 1937; x_wconf 79' lang='grc'>2)</span> <span class='ocrx_word' id='word_1_347' title='bbox 1049 1912 1159 1935; x_wconf 78' lang='lat' dir='ltr'>Parvum</span> 
     </span>
     <span class='ocr_line' id='line_1_43' title="bbox 211 1940 1158 1979; baseline 0.005 -15"><span class='ocrx_word' id='word_1_348' title='bbox 211 1940 308 1979; x_wconf 76' lang='lat' dir='ltr'>hiatum</span> <span class='ocrx_word' id='word_1_349' title='bbox 329 1941 354 1965; x_wconf 85' lang='lat' dir='ltr'>in</span> <span class='ocrx_word' id='word_1_350' title='bbox 374 1941 439 1967; x_wconf 86' lang='lat' dir='ltr'>Cod.</span> <span class='ocrx_word' id='word_1_351' title='bbox 466 1951 522 1967; x_wconf 76' lang='lat' dir='ltr'>esse</span> <span class='ocrx_word' id='word_1_352' title='bbox 549 1945 574 1972; x_wconf 87' lang='lat' dir='ltr'>h,</span> <span class='ocrx_word' id='word_1_353' title='bbox 595 1945 704 1977; x_wconf 63' lang='lat' dir='ltr'>t.,-hoc</span> <span class='ocrx_word' id='word_1_354' title='bbox 731 1950 770 1970; x_wconf 81' lang='lat' dir='ltr'>est</span> <span class='ocrx_word' id='word_1_355' title='bbox 797 1945 895 1978; x_wconf 77' lang='lat' dir='ltr'>aliquot</span> <span class='ocrx_word' id='word_1_356' title='bbox 922 1945 1011 1970; x_wconf 66' lang='lat' dir='ltr'>literas</span> <span class='ocrx_word' id='word_1_357' title='bbox 1039 1945 1158 1976; x_wconf 75' lang='lat' dir='ltr'>extritus,</span> 
     </span>
     <span class='ocr_line' id='line_1_44' title="bbox 211 1975 1158 2012; baseline 0.004 -13"><span class='ocrx_word' id='word_1_358' title='bbox 211 1975 370 2007; x_wconf 72' lang='lat' dir='ltr'>significavit</span> <span class='ocrx_word' id='word_1_359' title='bbox 396 1976 473 2000; x_wconf 85' lang='lat' dir='ltr'>Nieb.</span> <span class='ocrx_word' id='word_1_360' title='bbox 575 1979 604 2005; x_wconf 57' lang='lat'>3)</span> <span class='ocrx_word' id='word_1_361' title='bbox 632 1979 744 2011; x_wconf 63' lang='lat' dir='ltr'>Tremit,</span> <span class='ocrx_word' id='word_1_362' title='bbox 764 1984 875 2012; x_wconf 73' lang='lat' dir='ltr'>moeret,</span> <span class='ocrx_word' id='word_1_363' title='bbox 894 1988 952 2004; x_wconf 78' lang='lat' dir='ltr'>cnm</span> <span class='ocrx_word' id='word_1_364' title='bbox 972 1980 1011 2003; x_wconf 79' lang='lat' dir='ltr'>itti</span> <span class='ocrx_word' id='word_1_365' title='bbox 1036 1979 1104 2004; x_wconf 81' lang='lat' dir='ltr'>Edd.</span> <span class='ocrx_word' id='word_1_366' title='bbox 1125 1979 1158 2003; x_wconf 89' lang='lat' dir='ltr'>O.</span> 
     </span>
     <span class='ocr_line' id='line_1_45' title="bbox 213 2010 1158 2047; baseline 0.004 -13"><span class='ocrx_word' id='word_1_367' title='bbox 213 2010 319 2034; x_wconf 76' lang='lat' dir='ltr'>tremit:</span> <span class='ocrx_word' id='word_1_368' title='bbox 345 2010 458 2034; x_wconf 70' lang='lat' dir='ltr'>atim-um</span> <span class='ocrx_word' id='word_1_369' title='bbox 478 2015 577 2038; x_wconf 64' lang='lat' dir='ltr'>csstat,</span> <span class='ocrx_word' id='word_1_370' title='bbox 596 2022 653 2038; x_wconf 75' lang='lat' dir='ltr'>cum</span> <span class='ocrx_word' id='word_1_371' title='bbox 674 2014 713 2037; x_wconf 86' lang='lat' dir='ltr'>illi</span> <span class='ocrx_word' id='word_1_372' title='bbox 732 2014 798 2039; x_wconf 78' lang='lat' dir='ltr'>Cod.</span> <span class='ocrx_word' id='word_1_373' title='bbox 886 2016 912 2045; x_wconf 64' lang='lat'>4)</span> <span class='ocrx_word' id='word_1_374' title='bbox 934 2014 1058 2047; x_wconf 68' lang='lat' dir='ltr'>Ulciscor,</span> <span class='ocrx_word' id='word_1_375' title='bbox 1079 2023 1158 2045; x_wconf 74' lang='lat' dir='ltr'>quac-</span> 
     </span>
     <span class='ocr_line' id='line_1_46' title="bbox 213 2043 1159 2082; baseline 0.003 -14"><span class='ocrx_word' id='word_1_376' title='bbox 213 2044 276 2068; x_wconf 82' lang='lat' dir='ltr'>dam</span> <span class='ocrx_word' id='word_1_377' title='bbox 301 2043 370 2068; x_wconf 80' lang='lat' dir='ltr'>Edd.</span> <span class='ocrx_word' id='word_1_378' title='bbox 388 2044 421 2069; x_wconf 91' lang='lat' dir='ltr'>O.</span> <span class='ocrx_word' id='word_1_379' title='bbox 462 2045 511 2070; x_wconf 76' lang='lat' dir='ltr'>Vv.</span> <span class='ocrx_word' id='word_1_380' title='bbox 532 2048 699 2072; x_wconf 55' lang='lat' dir='ltr'>conmuniter</span> <span class='ocrx_word' id='word_1_381' title='bbox 718 2049 783 2072; x_wconf 64' lang='lat' dir='ltr'>enim</span> <span class='ocrx_word' id='word_1_382' title='bbox 804 2052 858 2072; x_wconf 80' lang='lat' dir='ltr'>tam</span> <span class='ocrx_word' id='word_1_383' title='bbox 878 2049 935 2080; x_wconf 73' lang='lat' dir='ltr'>agit</span> <span class='ocrx_word' id='word_1_384' title='bbox 957 2057 1036 2080; x_wconf 69' lang='grc' dir='ltr'><em>φιαηι</em></span> <span class='ocrx_word' id='word_1_385' title='bbox 1052 2049 1159 2082; x_wconf 70' lang='lat' dir='ltr'>patitur</span> 
     </span>
     <span class='ocr_line' id='line_1_47' title="bbox 214 2078 1159 2113; baseline 0.005 -12"><span class='ocrx_word' id='word_1_386' title='bbox 214 2082 381 2102; x_wconf 77' lang='lat' dir='ltr'>accesserunt</span> <span class='ocrx_word' id='word_1_387' title='bbox 400 2087 412 2102; x_wconf 87' lang='lat' dir='ltr'>e</span> <span class='ocrx_word' id='word_1_388' title='bbox 432 2078 497 2103; x_wconf 85' lang='lat' dir='ltr'>Cod.</span> <span class='ocrx_word' id='word_1_389' title='bbox 591 2081 617 2107; x_wconf 75' lang='lat'>5)</span> <span class='ocrx_word' id='word_1_390' title='bbox 647 2082 677 2106; x_wconf 75' lang='lat' dir='ltr'>Ue</span> <span class='ocrx_word' id='word_1_391' title='bbox 699 2082 766 2109; x_wconf 74' lang='lat' dir='ltr'>Edd.</span> <span class='ocrx_word' id='word_1_392' title='bbox 795 2084 868 2107; x_wconf 72' lang='lat' dir='ltr'>velut</span> <span class='ocrx_word' id='word_1_393' title='bbox 888 2083 954 2109; x_wconf 73' lang='lat' dir='ltr'>(jod,</span> <span class='ocrx_word' id='word_1_394' title='bbox 1047 2084 1075 2113; x_wconf 88' lang='lat'>6)</span> <span class='ocrx_word' id='word_1_395' title='bbox 1098 2082 1159 2106; x_wconf 80' lang='lat' dir='ltr'>Ma-</span> 
     </span>
     <span class='ocr_line' id='line_1_48' title="bbox 215 2111 1161 2147; baseline 0.005 -12"><span class='ocrx_word' id='word_1_396' title='bbox 215 2112 301 2144; x_wconf 80' lang='lat' dir='ltr'>gister</span> <span class='ocrx_word' id='word_1_397' title='bbox 319 2111 388 2136; x_wconf 88' lang='lat' dir='ltr'>Edd.</span> <span class='ocrx_word' id='word_1_398' title='bbox 408 2112 441 2137; x_wconf 88' lang='lat' dir='ltr'>O.</span> <span class='ocrx_word' id='word_1_399' title='bbox 467 2113 642 2144; x_wconf 63' lang='lat' dir='ltr'>magistratus</span> <span class='ocrx_word' id='word_1_400' title='bbox 670 2116 735 2140; x_wconf 74' lang='lat' dir='ltr'>Cod,</span> <span class='ocrx_word' id='word_1_401' title='bbox 830 2118 858 2147; x_wconf 83' lang='lat'>7)</span> <span class='ocrx_word' id='word_1_402' title='bbox 878 2116 940 2142; x_wconf 82' lang='lat' dir='ltr'>Post</span> <span class='ocrx_word' id='word_1_403' title='bbox 958 2126 983 2141; x_wconf 80' lang='lat' dir='ltr'>v.</span> <span class='ocrx_word' id='word_1_404' title='bbox 1004 2118 1092 2141; x_wconf 75' lang='lat' dir='ltr'>taedet</span> <span class='ocrx_word' id='word_1_405' title='bbox 1113 2117 1161 2141; x_wconf 83' lang='lat' dir='ltr'>ali-</span> 
     </span>
     <span class='ocr_line' id='line_1_49' title="bbox 216 2145 1161 2183; baseline 0.006 -13"><span class='ocrx_word' id='word_1_406' title='bbox 216 2150 281 2178; x_wconf 80' lang='lat' dir='ltr'>quot</span> <span class='ocrx_word' id='word_1_407' title='bbox 298 2145 429 2171; x_wconf 84' lang='lat' dir='ltr'>literarum</span> <span class='ocrx_word' id='word_1_408' title='bbox 453 2146 566 2171; x_wconf 78' lang='lat' dir='ltr'>lacunam</span> <span class='ocrx_word' id='word_1_409' title='bbox 592 2147 618 2171; x_wconf 88' lang='lat' dir='ltr'>in</span> <span class='ocrx_word' id='word_1_410' title='bbox 635 2150 700 2174; x_wconf 72' lang='lat' dir='ltr'>Cod.</span> <span class='ocrx_word' id='word_1_411' title='bbox 720 2159 791 2183; x_wconf 80' lang='lat' dir='ltr'>esse,</span> <span class='ocrx_word' id='word_1_412' title='bbox 815 2152 918 2176; x_wconf 86' lang='lat' dir='ltr'>notavit.</span> <span class='ocrx_word' id='word_1_413' title='bbox 937 2151 1033 2182; x_wconf 80' lang='lat' dir='ltr'>Nieb.;</span> <span class='ocrx_word' id='word_1_414' title='bbox 1060 2151 1085 2175; x_wconf 91' lang='lat' dir='ltr'>in</span> <span class='ocrx_word' id='word_1_415' title='bbox 1111 2151 1161 2177; x_wconf 78' lang='lat' dir='ltr'>Ed.</span> 
     </span>
    </p>
   </div>
   <div class='ocr_carea' id='block_1_10' title="bbox 218 2195 1164 2403">
    <p class='ocr_par' dir='ltr' id='par_1_11' title="bbox 218 2195 1164 2403">
     <span class='ocr_line' id='line_1_50' title="bbox 237 2195 1164 2234; baseline 0.005 -13"><span class='ocrx_word' id='word_1_416' title='bbox 237 2205 256 2221; x_wconf 82' lang='lat' dir='ltr'>r.</span> <span class='ocrx_word' id='word_1_417' title='bbox 284 2196 378 2221; x_wconf 87' lang='lat' dir='ltr'>nullum</span> <span class='ocrx_word' id='word_1_418' title='bbox 396 2195 480 2222; x_wconf 82' lang='lat' dir='ltr'>hiatus</span> <span class='ocrx_word' id='word_1_419' title='bbox 498 2197 608 2231; x_wconf 78' lang='lat' dir='ltr'>signum.</span> <span class='ocrx_word' id='word_1_420' title='bbox 700 2200 727 2229; x_wconf 86' lang='lat'>8)</span> <span class='ocrx_word' id='word_1_421' title='bbox 749 2200 829 2226; x_wconf 76' lang='lat' dir='ltr'>Dccct</span> <span class='ocrx_word' id='word_1_422' title='bbox 850 2203 939 2234; x_wconf 78' lang='lat' dir='ltr'>illum,</span> <span class='ocrx_word' id='word_1_423' title='bbox 959 2203 1046 2227; x_wconf 78' lang='lat' dir='ltr'>tardet</span> <span class='ocrx_word' id='word_1_424' title='bbox 1071 2203 1164 2226; x_wconf 78' lang='lat' dir='ltr'>Caium</span> 
     </span>
     <span class='ocr_line' id='line_1_51' title="bbox 245 2230 1161 2268; baseline 0.004 -12"><span class='ocrx_word' id='word_1_425' title='bbox 245 2230 288 2256; x_wconf 80' lang='lat' dir='ltr'>dd.</span> <span class='ocrx_word' id='word_1_426' title='bbox 308 2240 348 2264; x_wconf 84' lang='lat' dir='ltr'>pr.</span> <span class='ocrx_word' id='word_1_427' title='bbox 363 2232 445 2256; x_wconf 72' lang='lat' dir='ltr'>Fabr·</span> <span class='ocrx_word' id='word_1_428' title='bbox 465 2231 495 2258; x_wconf 86' lang='lat' dir='ltr'>P.</span> <span class='ocrx_word' id='word_1_429' title='bbox 531 2231 560 2256; x_wconf 90' lang='lat' dir='ltr'>In</span> <span class='ocrx_word' id='word_1_430' title='bbox 577 2232 641 2256; x_wconf 71' lang='lat' dir='ltr'>cod.</span> <span class='ocrx_word' id='word_1_431' title='bbox 660 2239 718 2264; x_wconf 74' lang='lat' dir='ltr'>post</span> <span class='ocrx_word' id='word_1_432' title='bbox 736 2241 844 2266; x_wconf 83' lang='lat' dir='ltr'>quatuor</span> <span class='ocrx_word' id='word_1_433' title='bbox 862 2236 951 2261; x_wconf 78' lang='lat' dir='ltr'>literas</span> <span class='ocrx_word' id='word_1_434' title='bbox 971 2237 1079 2262; x_wconf 83' lang='lat' dir='ltr'>extritas</span> <span class='ocrx_word' id='word_1_435' title='bbox 1097 2236 1161 2268; x_wconf 79' lang='lat' dir='ltr'>legi-</span> 
     </span>
     <span class='ocr_line' id='line_1_52' title="bbox 218 2265 1162 2300; baseline 0.006 -10"><span class='ocrx_word' id='word_1_436' title='bbox 218 2270 260 2290; x_wconf 78' lang='lat' dir='ltr'>tur</span> <span class='ocrx_word' id='word_1_437' title='bbox 279 2269 318 2296; x_wconf 77' lang='lat' dir='ltr'>et,</span> <span class='ocrx_word' id='word_1_438' title='bbox 345 2269 373 2290; x_wconf 86' lang='lat' dir='ltr'>ut</span> <span class='ocrx_word' id='word_1_439' title='bbox 391 2265 515 2290; x_wconf 81' lang='lat' dir='ltr'>credibile</span> <span class='ocrx_word' id='word_1_440' title='bbox 539 2266 573 2290; x_wconf 87' lang='lat' dir='ltr'>sit</span> <span class='ocrx_word' id='word_1_441' title='bbox 600 2266 671 2290; x_wconf 73' lang='lat' dir='ltr'>decet</span> <span class='ocrx_word' id='word_1_442' title='bbox 698 2266 788 2300; x_wconf 80' lang='lat' dir='ltr'>illum,</span> <span class='ocrx_word' id='word_1_443' title='bbox 814 2270 918 2295; x_wconf 70' lang='lat' dir='ltr'>dedecet</span> <span class='ocrx_word' id='word_1_444' title='bbox 947 2271 1044 2295; x_wconf 81' lang='lat' dir='ltr'>Gaium</span> <span class='ocrx_word' id='word_1_445' title='bbox 1071 2271 1162 2295; x_wconf 84' lang='lat' dir='ltr'>lectum</span> 
     </span>
     <span class='ocr_line' id='line_1_53' title="bbox 219 2299 1163 2336; baseline 0.01 -13"><span class='ocrx_word' id='word_1_446' title='bbox 219 2308 286 2324; x_wconf 74' lang='lat' dir='ltr'>esse.</span> <span class='ocrx_word' id='word_1_447' title='bbox 335 2299 439 2333; x_wconf 87' lang='lat' dir='ltr'>Proprii</span> <span class='ocrx_word' id='word_1_448' title='bbox 466 2299 574 2324; x_wconf 88' lang='lat' dir='ltr'>nominis</span> <span class='ocrx_word' id='word_1_449' title='bbox 600 2301 728 2332; x_wconf 78' lang='lat' dir='ltr'>scriptura</span> <span class='ocrx_word' id='word_1_450' title='bbox 755 2310 768 2325; x_wconf 89' lang='lat' dir='ltr'>e</span> <span class='ocrx_word' id='word_1_451' title='bbox 795 2303 859 2327; x_wconf 77' lang='lat' dir='ltr'>cod.</span> <span class='ocrx_word' id='word_1_452' title='bbox 887 2309 936 2330; x_wconf 86' lang='lat' dir='ltr'>est..</span> <span class='ocrx_word' id='word_1_453' title='bbox 1053 2306 1082 2336; x_wconf 84' lang='lat'>9)</span> <span class='ocrx_word' id='word_1_454' title='bbox 1108 2304 1163 2330; x_wconf 75' lang='lat' dir='ltr'>Nec</span> 
     </span>
     <span class='ocr_line' id='line_1_54' title="bbox 219 2333 1162 2366; baseline 0.006 -10"><span class='ocrx_word' id='word_1_455' title='bbox 219 2333 286 2357; x_wconf 80' lang='lat' dir='ltr'>enim</span> <span class='ocrx_word' id='word_1_456' title='bbox 304 2333 403 2359; x_wconf 77' lang='lat' dir='ltr'>dictum</span> <span class='ocrx_word' id='word_1_457' title='bbox 429 2338 465 2358; x_wconf 82' lang='lat' dir='ltr'>cst</span> <span class='ocrx_word' id='word_1_458' title='bbox 488 2334 608 2366; x_wconf 74' lang='lat' dir='ltr'>taeduit,</span> <span class='ocrx_word' id='word_1_459' title='bbox 634 2337 664 2358; x_wconf 74' lang='lat' dir='ltr'>ut</span> <span class='ocrx_word' id='word_1_460' title='bbox 683 2337 784 2359; x_wconf 65' lang='lat' dir='ltr'>tarsum</span> <span class='ocrx_word' id='word_1_461' title='bbox 803 2340 839 2360; x_wconf 76' lang='lat' dir='ltr'>cst</span> <span class='ocrx_word' id='word_1_462' title='bbox 863 2337 931 2362; x_wconf 86' lang='lat' dir='ltr'>Edd.</span> <span class='ocrx_word' id='word_1_463' title='bbox 952 2340 984 2363; x_wconf 91' lang='grc' dir='ltr'>Ο.</span> <span class='ocrx_word' id='word_1_464' title='bbox 1023 2339 1078 2364; x_wconf 77' lang='lat' dir='ltr'>Nec</span> <span class='ocrx_word' id='word_1_465' title='bbox 1095 2339 1162 2363; x_wconf 82' lang='lat' dir='ltr'>enim</span> 
     </span>
     <span class='ocr_line' id='line_1_55' title="bbox 220 2367 1162 2403; baseline 0.007 -11"><span class='ocrx_word' id='word_1_466' title='bbox 220 2371 267 2392; x_wconf 77' lang='lat' dir='ltr'>aut</span> <span class='ocrx_word' id='word_1_467' title='bbox 287 2369 403 2393; x_wconf 72' lang='lat' dir='ltr'>taedium</span> <span class='ocrx_word' id='word_1_468' title='bbox 421 2373 469 2394; x_wconf 80' lang='lat' dir='ltr'>aut</span> <span class='ocrx_word' id='word_1_469' title='bbox 489 2372 590 2393; x_wconf 61' lang='lat' dir='ltr'>tarsum</span> <span class='ocrx_word' id='word_1_470' title='bbox 609 2372 645 2393; x_wconf 76' lang='lat' dir='ltr'>est</span> <span class='ocrx_word' id='word_1_471' title='bbox 673 2367 737 2393; x_wconf 84' lang='lat' dir='ltr'>Cod.</span> <span class='ocrx_word' id='word_1_472' title='bbox 762 2369 829 2402; x_wconf 87' lang='lat' dir='ltr'>quod</span> <span class='ocrx_word' id='word_1_473' title='bbox 847 2371 955 2403; x_wconf 83' lang='lat' dir='ltr'>scripsi,</span> <span class='ocrx_word' id='word_1_474' title='bbox 977 2373 1026 2398; x_wconf 83' lang='lat' dir='ltr'>etsi</span> <span class='ocrx_word' id='word_1_475' title='bbox 1045 2381 1096 2398; x_wconf 87' lang='lat' dir='ltr'>non</span> <span class='ocrx_word' id='word_1_476' title='bbox 1116 2373 1162 2399; x_wconf 86' lang='lat' dir='ltr'>du—</span> 
     </span>
    </p>
   </div>
   <div class='ocr_carea' id='block_1_11' title="bbox 1195 100 1491 139">
    <p class='ocr_par' dir='ltr' id='par_1_12' title="bbox 1195 100 1491 139">
     <span class='ocr_line' id='line_1_56' title="bbox 1195 100 1491 139; baseline -0.003 0"><span class='ocrx_word' id='word_1_477' title='bbox 1195 100 1491 139; x_wconf 74' lang='lat' dir='ltr'><strong>CHARISII</strong></span> 
     </span>
    </p>
   </div>
   <div class='ocr_carea' id='block_1_12' title="bbox 1188 192 2135 696">
    <p class='ocr_par' dir='ltr' id='par_1_13' title="bbox 1188 192 2135 696">
     <span class='ocr_line' id='line_1_57' title="bbox 1192 192 2134 237; baseline 0.008 -16"><span class='ocrx_word' id='word_1_478' title='bbox 1192 199 1218 222; x_wconf 88' lang='lat' dir='ltr'>ut</span> <span class='ocrx_word' id='word_1_479' title='bbox 1247 192 1335 228; x_wconf 88' lang='lat' dir='ltr'>licuit,</span> <span class='ocrx_word' id='word_1_480' title='bbox 1368 194 1468 224; x_wconf 86' lang='lat' dir='ltr'>licitum</span> <span class='ocrx_word' id='word_1_481' title='bbox 1498 202 1553 232; x_wconf 87' lang='lat' dir='ltr'>est,</span> <span class='ocrx_word' id='word_1_482' title='bbox 1591 195 1702 236; x_wconf 85' lang='lat' dir='ltr'>puduit,</span> <span class='ocrx_word' id='word_1_483' title='bbox 1738 196 1856 236; x_wconf 87' lang='lat' dir='ltr'>puditum</span> <span class='ocrx_word' id='word_1_484' title='bbox 1889 204 1937 228; x_wconf 87' lang='lat' dir='ltr'>est.</span> <span class='ocrx_word' id='word_1_485' title='bbox 1984 199 2134 237; x_wconf 85' lang='lat' dir='ltr'>[Quaedam</span> 
     </span>
     <span class='ocr_line' id='line_1_58' title="bbox 1192 236 2133 278; baseline 0.009 -15"><span class='ocrx_word' id='word_1_486' title='bbox 1192 236 1261 273; x_wconf 85' lang='lat' dir='ltr'>sunt]</span> <span class='ocrx_word' id='word_1_487' title='bbox 1292 236 1379 264; x_wconf 84' lang='lat' dir='ltr'>activa</span> <span class='ocrx_word' id='word_1_488' title='bbox 1410 237 1578 275; x_wconf 74' lang='lat' dir='ltr'>passivorum</span> <span class='ocrx_word' id='word_1_489' title='bbox 1608 238 1695 278; x_wconf 62' lang='lat' dir='ltr'>figura</span> <span class='ocrx_word' id='word_1_490' title='bbox 1725 240 1880 275; x_wconf 81' lang='lat' dir='ltr'>enunciata,</span> <span class='ocrx_word' id='word_1_491' title='bbox 1914 247 1938 270; x_wconf 88' lang='lat' dir='ltr'>ut</span> <span class='ocrx_word' id='word_1_492' title='bbox 1969 243 2133 277; x_wconf 77' lang='lat' dir='ltr'>testificatur,</span> 
     </span>
     <span class='ocr_line' id='line_1_59' title="bbox 1192 277 2134 325; baseline 0.01 -20"><span class='ocrx_word' id='word_1_493' title='bbox 1192 283 1346 306; x_wconf 79' lang='lat' dir='ltr'>execratur.</span> <span class='ocrx_word' id='word_1_494' title='bbox 1390 277 1490 307; x_wconf 78' lang='lat' dir='ltr'>Metius</span> <span class='ocrx_word' id='word_1_495' title='bbox 1513 280 1666 319; x_wconf 80' lang='lat' dir='ltr'>[autem¹¹&#39;]</span> <span class='ocrx_word' id='word_1_496' title='bbox 1690 287 1748 310; x_wconf 83' lang='lat' dir='ltr'>erat</span> <span class='ocrx_word' id='word_1_497' title='bbox 1773 281 1867 311; x_wconf 83' lang='lat' dir='ltr'>dicere</span> <span class='ocrx_word' id='word_1_498' title='bbox 1890 282 2026 320; x_wconf 83' lang='lat' dir='ltr'>testificat,</span> <span class='ocrx_word' id='word_1_499' title='bbox 2058 284 2134 325; x_wconf 86' lang='lat' dir='ltr'>quasi</span> 
     </span>
     <span class='ocr_line' id='line_1_60' title="bbox 1191 318 2135 366; baseline 0.007 -17"><span class='ocrx_word' id='word_1_500' title='bbox 1191 325 1287 349; x_wconf 82' lang='lat' dir='ltr'>testem</span> <span class='ocrx_word' id='word_1_501' title='bbox 1316 318 1394 355; x_wconf 76' lang='lat' dir='ltr'>facit,</span> <span class='ocrx_word' id='word_1_502' title='bbox 1434 325 1461 349; x_wconf 87' lang='lat' dir='ltr'>ut</span> <span class='ocrx_word' id='word_1_503' title='bbox 1492 321 1651 361; x_wconf 82' lang='lat' dir='ltr'>amplificat,</span> <span class='ocrx_word' id='word_1_504' title='bbox 1683 323 1757 363; x_wconf 78' lang='lat' dir='ltr'>quasi</span> <span class='ocrx_word' id='word_1_505' title='bbox 1785 324 1901 364; x_wconf 91' lang='lat' dir='ltr'>amplum</span> <span class='ocrx_word' id='word_1_506' title='bbox 1931 324 2012 361; x_wconf 82' lang='lat' dir='ltr'>facit,</span> <span class='ocrx_word' id='word_1_507' title='bbox 2043 326 2135 366; x_wconf 83' lang='lat' dir='ltr'>[atque</span> 
     </span>
     <span class='ocr_line' id='line_1_61' title="bbox 1191 361 2132 405; baseline 0.01 -16"><span class='ocrx_word' id='word_1_508' title='bbox 1191 362 1330 399; x_wconf 83' lang='lat' dir='ltr'>ex]ecrat,</span> <span class='ocrx_word' id='word_1_509' title='bbox 1375 368 1401 391; x_wconf 86' lang='lat' dir='ltr'>ut</span> <span class='ocrx_word' id='word_1_510' title='bbox 1430 361 1573 398; x_wconf 72' lang='lat' dir='ltr'>obsecrat,</span> <span class='ocrx_word' id='word_1_511' title='bbox 1611 376 1690 405; x_wconf 83' lang='lat' dir='ltr'>quam</span> <span class='ocrx_word' id='word_1_512' title='bbox 1722 366 1890 400; x_wconf 71' lang='lat' dir='ltr'>testificatur,</span> <span class='ocrx_word' id='word_1_513' title='bbox 1926 375 2084 398; x_wconf 83' lang='lat' dir='ltr'>exsecratur</span> <span class='ocrx_word' id='word_1_514' title='bbox 2097 369 2132 401; x_wconf 68' lang='grc' dir='ltr'>Π,</span> 
     </span>
     <span class='ocr_line' id='line_1_62' title="bbox 1191 403 2132 450; baseline 0.005 -17"><span class='ocrx_word' id='word_1_515' title='bbox 1191 404 1265 443; x_wconf 90' lang='lat' dir='ltr'>quasi</span> <span class='ocrx_word' id='word_1_516' title='bbox 1289 404 1347 444; x_wconf 83' lang='lat' dir='ltr'>ipse</span> <span class='ocrx_word' id='word_1_517' title='bbox 1375 403 1409 432; x_wconf 86' lang='lat' dir='ltr'>ab</span> <span class='ocrx_word' id='word_1_518' title='bbox 1435 403 1498 434; x_wconf 79' lang='lat' dir='ltr'>atio.</span> <span class='ocrx_word' id='word_1_519' title='bbox 1545 405 1696 443; x_wconf 80' lang='lat' dir='ltr'>[Quaedam</span> <span class='ocrx_word' id='word_1_520' title='bbox 1718 414 1775 437; x_wconf 89' lang='lat' dir='ltr'>sunt</span> <span class='ocrx_word' id='word_1_521' title='bbox 1799 419 1814 438; x_wconf 89' lang='lat' dir='ltr'>e</span> <span class='ocrx_word' id='word_1_522' title='bbox 1837 409 1986 447; x_wconf 77' lang='lat' dir='ltr'>conltrario</span> <span class='ocrx_word' id='word_1_523' title='bbox 2016 410 2132 450; x_wconf 77' lang='lat' dir='ltr'>passiva,</span> 
     </span>
     <span class='ocr_line' id='line_1_63' title="bbox 1190 446 2132 492; baseline 0.008 -18"><span class='ocrx_word' id='word_1_524' title='bbox 1190 456 1260 485; x_wconf 87' lang='lat' dir='ltr'>quae</span> <span class='ocrx_word' id='word_1_525' title='bbox 1282 446 1404 486; x_wconf 77' lang='lat' dir='ltr'>speciem</span> <span class='ocrx_word' id='word_1_526' title='bbox 1427 446 1574 476; x_wconf 75' lang='lat' dir='ltr'>activorum</span> <span class='ocrx_word' id='word_1_527' title='bbox 1603 449 1778 487; x_wconf 57' lang='lat' dir='ltr'>optinorum,</span> <span class='ocrx_word' id='word_1_528' title='bbox 1814 457 1839 480; x_wconf 89' lang='lat' dir='ltr'>ut</span> <span class='ocrx_word' id='word_1_529' title='bbox 1865 462 1952 481; x_wconf 89' lang='lat' dir='ltr'>veneo</span> <span class='ocrx_word' id='word_1_530' title='bbox 1982 462 2032 492; x_wconf 90' lang='lat' dir='ltr'>per</span> <span class='ocrx_word' id='word_1_531' title='bbox 2053 462 2132 492; x_wconf 86' lang='lat' dir='ltr'>prae-</span> 
     </span>
     <span class='ocr_line' id='line_1_64' title="bbox 1190 488 2124 534; baseline 0.007 -19"><span class='ocrx_word' id='word_1_532' title='bbox 1190 498 1302 522; x_wconf 81' lang='lat' dir='ltr'>conem,</span> <span class='ocrx_word' id='word_1_533' title='bbox 1332 488 1430 526; x_wconf 81' lang='lat' dir='ltr'>[ardeo</span> <span class='ocrx_word' id='word_1_534' title='bbox 1453 490 1574 527; x_wconf 85' lang='lat' dir='ltr'>amor]e,</span> <span class='ocrx_word' id='word_1_535' title='bbox 1605 489 1641 519; x_wconf 87' lang='lat' dir='ltr'>fio</span> <span class='ocrx_word' id='word_1_536' title='bbox 1664 492 1849 530; x_wconf 72' lang='lat' dir='ltr'>magistratus,</span> <span class='ocrx_word' id='word_1_537' title='bbox 1878 493 1977 533; x_wconf 88' lang='lat' dir='ltr'>vapulo</span> <span class='ocrx_word' id='word_1_538' title='bbox 2002 494 2124 534; x_wconf 79' lang='lat' dir='ltr'>pendens</span> 
     </span>
     <span class='ocr_line' id='line_1_65' title="bbox 1189 530 2133 574; baseline 0.011 -17"><span class='ocrx_word' id='word_1_539' title='bbox 1189 530 1344 567; x_wconf 74' lang='lat' dir='ltr'>[Quaedam</span> <span class='ocrx_word' id='word_1_540' title='bbox 1366 537 1423 560; x_wconf 79' lang='lat' dir='ltr'>sunt</span> <span class='ocrx_word' id='word_1_541' title='bbox 1443 537 1553 566; x_wconf 89' lang='lat' dir='ltr'>neutra,</span> <span class='ocrx_word' id='word_1_542' title='bbox 1582 537 1608 561; x_wconf 89' lang='lat' dir='ltr'>et</span> <span class='ocrx_word' id='word_1_543' title='bbox 1628 530 1807 572; x_wconf 80' lang='lat' dir='ltr'>inceptionem</span> <span class='ocrx_word' id='word_1_544' title='bbox 1830 535 2004 574; x_wconf 57' lang='lat' dir='ltr'>significant]</span> <span class='ocrx_word' id='word_1_545' title='bbox 2031 561 2037 566; x_wconf 92' lang='lat'><strong><em>.</em></strong></span> <span class='ocrx_word' id='word_1_546' title='bbox 2052 561 2058 567; x_wconf 92' lang='lat'><strong><em>.</em></strong></span> <span class='ocrx_word' id='word_1_547' title='bbox 2077 535 2133 571; x_wconf 79' lang='lat'>.¹³‚</span> 
     </span>
     <span class='ocr_line' id='line_1_66' title="bbox 1189 571 2131 617; baseline 0.007 -17"><span class='ocrx_word' id='word_1_548' title='bbox 1189 578 1215 600; x_wconf 85' lang='lat' dir='ltr'>ut</span> <span class='ocrx_word' id='word_1_549' title='bbox 1238 571 1368 611; x_wconf 82' lang='lat' dir='ltr'>tepescit,</span> <span class='ocrx_word' id='word_1_550' title='bbox 1392 571 1531 613; x_wconf 77' lang='lat' dir='ltr'>frigescit,</span> <span class='ocrx_word' id='word_1_551' title='bbox 1564 574 1683 603; x_wconf 81' lang='lat' dir='ltr'>calescit.</span> <span class='ocrx_word' id='word_1_552' title='bbox 1729 574 1770 604; x_wconf 84' lang='lat' dir='ltr'>Ex</span> <span class='ocrx_word' id='word_1_553' title='bbox 1797 574 1891 617; x_wconf 74' lang='lat' dir='ltr'>quihus</span> <span class='ocrx_word' id='word_1_554' title='bbox 1915 577 2037 608; x_wconf 85' lang='lat' dir='ltr'>habitiva</span> <span class='ocrx_word' id='word_1_555' title='bbox 2060 578 2131 612; x_wconf 80' lang='lat' dir='ltr'>flunt,</span> 
     </span>
     <span class='ocr_line' id='line_1_67' title="bbox 1188 614 2131 657; baseline 0.007 -14"><span class='ocrx_word' id='word_1_556' title='bbox 1188 624 1247 643; x_wconf 91' lang='lat' dir='ltr'>cum</span> <span class='ocrx_word' id='word_1_557' title='bbox 1278 614 1460 654; x_wconf 82' lang='lat' dir='ltr'>inceptionem</span> <span class='ocrx_word' id='word_1_558' title='bbox 1493 616 1668 651; x_wconf 82' lang='lat' dir='ltr'>transierint,</span> <span class='ocrx_word' id='word_1_559' title='bbox 1703 622 1729 646; x_wconf 90' lang='lat' dir='ltr'>ut</span> <span class='ocrx_word' id='word_1_560' title='bbox 1759 618 1859 657; x_wconf 86' lang='lat' dir='ltr'>[topet‚</span> <span class='ocrx_word' id='word_1_561' title='bbox 1891 619 1993 657; x_wconf 55' lang='lat' dir='ltr'>friget,</span> <span class='ocrx_word' id='word_1_562' title='bbox 2031 620 2131 657; x_wconf 84' lang='lat' dir='ltr'>callet,]</span> 
     </span>
     <span class='ocr_line' id='line_1_68' title="bbox 1237 654 1938 696; baseline 0.004 -10"><span class='ocrx_word' id='word_1_563' title='bbox 1237 681 1241 686; x_wconf 97' lang='lat'>.</span> <span class='ocrx_word' id='word_1_564' title='bbox 1261 656 1304 691; x_wconf 69' lang='lat'>¹⁴,</span> <span class='ocrx_word' id='word_1_565' title='bbox 1327 656 1419 696; x_wconf 84' lang='lat' dir='ltr'>pallet.</span> <span class='ocrx_word' id='word_1_566' title='bbox 1928 654 1938 661; x_wconf 41' lang='lat'>¹⁷</span> 
     </span>
    </p>
   </div>
   <div class='ocr_carea' id='block_1_13' title="bbox 1188 708 2134 1088">
    <p class='ocr_par' dir='ltr' id='par_1_14' title="bbox 1188 708 2134 1088">
     <span class='ocr_line' id='line_1_69' title="bbox 1254 708 2132 752; baseline 0.005 -16"><span class='ocrx_word' id='word_1_567' title='bbox 1254 709 1300 737; x_wconf 88' lang='lat'>10.</span> <span class='ocrx_word' id='word_1_568' title='bbox 1326 708 1394 737; x_wconf 81' lang='lat' dir='ltr'>Cum</span> <span class='ocrx_word' id='word_1_569' title='bbox 1423 708 1512 738; x_wconf 84' lang='lat' dir='ltr'>onmia</span> <span class='ocrx_word' id='word_1_570' title='bbox 1543 708 1629 738; x_wconf 88' lang='lat' dir='ltr'>verba</span> <span class='ocrx_word' id='word_1_571' title='bbox 1656 715 1699 738; x_wconf 90' lang='lat' dir='ltr'>ant</span> <span class='ocrx_word' id='word_1_572' title='bbox 1727 710 1834 739; x_wconf 83' lang='lat' dir='ltr'>actione</span> <span class='ocrx_word' id='word_1_573' title='bbox 1862 712 1964 747; x_wconf 80' lang='lat' dir='ltr'>activa,</span> <span class='ocrx_word' id='word_1_574' title='bbox 2001 718 2043 741; x_wconf 87' lang='lat' dir='ltr'>aut</span> <span class='ocrx_word' id='word_1_575' title='bbox 2072 722 2132 752; x_wconf 82' lang='lat' dir='ltr'>pas-</span> 
     </span>
     <span class='ocr_line' id='line_1_70' title="bbox 1188 749 2131 789; baseline 0.006 -12"><span class='ocrx_word' id='word_1_576' title='bbox 1188 749 1265 778; x_wconf 80' lang='lat' dir='ltr'>sione</span> <span class='ocrx_word' id='word_1_577' title='bbox 1294 749 1418 789; x_wconf 80' lang='lat' dir='ltr'>passiva,</span> <span class='ocrx_word' id='word_1_578' title='bbox 1446 757 1489 781; x_wconf 84' lang='lat' dir='ltr'>aut</span> <span class='ocrx_word' id='word_1_579' title='bbox 1513 750 1606 781; x_wconf 87' lang='lat' dir='ltr'>habitu</span> <span class='ocrx_word' id='word_1_580' title='bbox 1637 751 1758 781; x_wconf 74' lang='lat' dir='ltr'>ltabitiva</span> <span class='ocrx_word' id='word_1_581' title='bbox 1788 752 1925 788; x_wconf 85' lang='lat' dir='ltr'>dicautur,</span> <span class='ocrx_word' id='word_1_582' title='bbox 1958 765 2010 783; x_wconf 88' lang='lat' dir='ltr'>non</span> <span class='ocrx_word' id='word_1_583' title='bbox 2040 754 2131 783; x_wconf 87' lang='lat' dir='ltr'>imme-</span> 
     </span>
     <span class='ocr_line' id='line_1_71' title="bbox 1189 791 2134 835; baseline 0.004 -14"><span class='ocrx_word' id='word_1_584' title='bbox 1189 791 1242 821; x_wconf 84' lang='lat' dir='ltr'>rito</span> <span class='ocrx_word' id='word_1_585' title='bbox 1265 791 1384 821; x_wconf 85' lang='lat' dir='ltr'>habitiva</span> <span class='ocrx_word' id='word_1_586' title='bbox 1407 804 1465 822; x_wconf 91' lang='lat' dir='ltr'>cum</span> <span class='ocrx_word' id='word_1_587' title='bbox 1488 794 1584 823; x_wconf 78' lang='lat' dir='ltr'>activis</span> <span class='ocrx_word' id='word_1_588' title='bbox 1613 794 1841 831; x_wconf 84' lang='lat' dir='ltr'>adnumerantur,</span> <span class='ocrx_word' id='word_1_589' title='bbox 1871 806 1940 835; x_wconf 89' lang='lat' dir='ltr'>quae</span> <span class='ocrx_word' id='word_1_590' title='bbox 1963 795 2062 825; x_wconf 76' lang='lat' dir='ltr'>habent</span> <span class='ocrx_word' id='word_1_591' title='bbox 2086 797 2134 826; x_wconf 82' lang='grc' dir='ltr'>ἐν-</span> 
     </span>
     <span class='ocr_line' id='line_1_72' title="bbox 1189 833 2132 876; baseline 0.004 -13"><span class='ocrx_word' id='word_1_592' title='bbox 1189 833 1360 873; x_wconf 53' lang='grc' dir='ltr'><strong><em>έργειανιᾶ,</em></strong></span> <span class='ocrx_word' id='word_1_593' title='bbox 1386 841 1409 864; x_wconf 90' lang='lat' dir='ltr'>ul</span> <span class='ocrx_word' id='word_1_594' title='bbox 1434 836 1533 871; x_wconf 82' lang='lat' dir='ltr'>cernit,</span> <span class='ocrx_word' id='word_1_595' title='bbox 1559 835 1647 870; x_wconf 89' lang='lat' dir='ltr'>videt,</span> <span class='ocrx_word' id='word_1_596' title='bbox 1672 837 1777 876; x_wconf 84' lang='lat' dir='ltr'>aspicit.</span> <span class='ocrx_word' id='word_1_597' title='bbox 1822 838 1857 867; x_wconf 88' lang='lat' dir='ltr'>At</span> <span class='ocrx_word' id='word_1_598' title='bbox 1881 838 2018 867; x_wconf 89' lang='lat' dir='ltr'>contraria</span> <span class='ocrx_word' id='word_1_599' title='bbox 2039 848 2132 867; x_wconf 85' lang='lat' dir='ltr'>eorum</span> 
     </span>
     <span class='ocr_line' id='line_1_73' title="bbox 1189 878 2134 918; baseline 0.005 -14"><span class='ocrx_word' id='word_1_600' title='bbox 1189 880 1426 916; x_wconf 71' lang='grc' dir='ltr'><em>καταχρηστικῶς</em></span> <span class='ocrx_word' id='word_1_601' title='bbox 1442 878 1466 895; x_wconf 75' lang='lat'>¹⁵</span> <span class='ocrx_word' id='word_1_602' title='bbox 1487 878 1656 908; x_wconf 85' lang='lat' dir='ltr'>nominantur</span> <span class='ocrx_word' id='word_1_603' title='bbox 1679 879 1802 918; x_wconf 74' lang='lat' dir='ltr'>passiva,</span> <span class='ocrx_word' id='word_1_604' title='bbox 1826 879 1924 908; x_wconf 86' lang='lat' dir='ltr'>nullum</span> <span class='ocrx_word' id='word_1_605' title='bbox 1944 879 2015 908; x_wconf 87' lang='lat' dir='ltr'>enim</span> <span class='ocrx_word' id='word_1_606' title='bbox 2032 879 2134 915; x_wconf 73' lang='grc' dir='ltr'><em>πάθος</em></span> 
     </span>
     <span class='ocr_line' id='line_1_74' title="bbox 1189 917 2133 958; baseline 0.006 -12"><span class='ocrx_word' id='word_1_607' title='bbox 1189 917 1289 953; x_wconf 79' lang='lat' dir='ltr'>habet,</span> <span class='ocrx_word' id='word_1_608' title='bbox 1326 918 1397 958; x_wconf 90' lang='lat' dir='ltr'>qnod</span> <span class='ocrx_word' id='word_1_609' title='bbox 1426 921 1546 949; x_wconf 85' lang='lat' dir='ltr'>cernitur</span> <span class='ocrx_word' id='word_1_610' title='bbox 1574 919 1608 949; x_wconf 83' lang='lat' dir='ltr'>al)</span> <span class='ocrx_word' id='word_1_611' title='bbox 1639 921 1699 950; x_wconf 86' lang='lat' dir='ltr'>aliis</span> <span class='ocrx_word' id='word_1_612' title='bbox 1729 921 1787 951; x_wconf 82' lang='lat' dir='ltr'>sive</span> <span class='ocrx_word' id='word_1_613' title='bbox 1817 921 1974 951; x_wconf 63' lang='lat' dir='ltr'>videturff.</span> <span class='ocrx_word' id='word_1_614' title='bbox 2023 921 2133 952; x_wconf 82' lang='lat' dir='ltr'>Amatur</span> 
     </span>
     <span class='ocr_line' id='line_1_75' title="bbox 1190 959 2132 1001; baseline 0.004 -12"><span class='ocrx_word' id='word_1_615' title='bbox 1190 959 1272 1001; x_wconf 78' lang='lat' dir='ltr'>igitur</span> <span class='ocrx_word' id='word_1_616' title='bbox 1288 960 1314 978; x_wconf 70' lang='lat'>¹⁸</span> <span class='ocrx_word' id='word_1_617' title='bbox 1342 967 1367 989; x_wconf 85' lang='lat' dir='ltr'>et</span> <span class='ocrx_word' id='word_1_618' title='bbox 1397 962 1552 1001; x_wconf 82' lang='lat' dir='ltr'>suspicitur,</span> <span class='ocrx_word' id='word_1_619' title='bbox 1588 963 1693 993; x_wconf 87' lang='lat' dir='ltr'>auditur</span> <span class='ocrx_word' id='word_1_620' title='bbox 1723 969 1748 992; x_wconf 83' lang='lat' dir='ltr'>et</span> <span class='ocrx_word' id='word_1_621' title='bbox 1778 970 1934 999; x_wconf 84' lang='lat' dir='ltr'>excusatur,</span> <span class='ocrx_word' id='word_1_622' title='bbox 1971 962 2132 998; x_wconf 81' lang='lat' dir='ltr'>defenditur,</span> 
     </span>
     <span class='ocr_line' id='line_1_76' title="bbox 1191 1003 2133 1045; baseline 0.004 -15"><span class='ocrx_word' id='word_1_623' title='bbox 1191 1003 1317 1042; x_wconf 89' lang='lat' dir='ltr'>quoniam</span> <span class='ocrx_word' id='word_1_624' title='bbox 1340 1013 1393 1031; x_wconf 90' lang='lat' dir='ltr'>non</span> <span class='ocrx_word' id='word_1_625' title='bbox 1420 1004 1507 1033; x_wconf 89' lang='lat' dir='ltr'>minus</span> <span class='ocrx_word' id='word_1_626' title='bbox 1535 1004 1605 1034; x_wconf 85' lang='lat' dir='ltr'>haec</span> <span class='ocrx_word' id='word_1_627' title='bbox 1628 1006 1655 1034; x_wconf 91' lang='lat' dir='ltr'>in</span> <span class='ocrx_word' id='word_1_628' title='bbox 1681 1006 1848 1045; x_wconf 83' lang='lat' dir='ltr'>praesentis,</span> <span class='ocrx_word' id='word_1_629' title='bbox 1875 1016 1953 1045; x_wconf 86' lang='lat' dir='ltr'>quam</span> <span class='ocrx_word' id='word_1_630' title='bbox 1982 1005 2008 1035; x_wconf 90' lang='lat' dir='ltr'>in</span> <span class='ocrx_word' id='word_1_631' title='bbox 2037 1005 2133 1036; x_wconf 84' lang='lat' dir='ltr'>absen-</span> 
     </span>
     <span class='ocr_line' id='line_1_77' title="bbox 1189 1044 1979 1088; baseline 0.005 -15"><span class='ocrx_word' id='word_1_632' title='bbox 1189 1045 1223 1073; x_wconf 81' lang='lat' dir='ltr'>tis</span> <span class='ocrx_word' id='word_1_633' title='bbox 1237 1045 1263 1062; x_wconf 77' lang='lat'>¹⁹</span> <span class='ocrx_word' id='word_1_634' title='bbox 1286 1044 1397 1080; x_wconf 86' lang='lat' dir='ltr'>cadunt,</span> <span class='ocrx_word' id='word_1_635' title='bbox 1422 1046 1464 1085; x_wconf 88' lang='lat' dir='ltr'>qui</span> <span class='ocrx_word' id='word_1_636' title='bbox 1478 1046 1509 1063; x_wconf 79' lang='lat'>²⁰</span> <span class='ocrx_word' id='word_1_637' title='bbox 1532 1046 1577 1076; x_wconf 90' lang='lat' dir='ltr'>illa</span> <span class='ocrx_word' id='word_1_638' title='bbox 1604 1047 1685 1076; x_wconf 88' lang='lat' dir='ltr'>etiam</span> <span class='ocrx_word' id='word_1_639' title='bbox 1709 1048 1839 1088; x_wconf 75' lang='lat' dir='ltr'>ignorare</span> <span class='ocrx_word' id='word_1_640' title='bbox 1862 1053 1979 1087; x_wconf 83' lang='lat' dir='ltr'>possunt.</span> 
     </span>
    </p>
   </div>
   <div class='ocr_carea' id='block_1_14' title="bbox 1188 1095 2134 1177">
    <p class='ocr_par' dir='ltr' id='par_1_15' title="bbox 1188 1095 2134 1177">
     <span class='ocr_line' id='line_1_78' title="bbox 1253 1095 2134 1134; baseline 0.005 -10"><span class='ocrx_word' id='word_1_641' title='bbox 1253 1095 1319 1125; x_wconf 88' lang='lat' dir='ltr'>Sunt</span> <span class='ocrx_word' id='word_1_642' title='bbox 1342 1095 1427 1125; x_wconf 85' lang='lat' dir='ltr'>verba</span> <span class='ocrx_word' id='word_1_643' title='bbox 1449 1096 1580 1134; x_wconf 78' lang='lat' dir='ltr'>quaedam</span> <span class='ocrx_word' id='word_1_644' title='bbox 1603 1098 1662 1128; x_wconf 86' lang='lat' dir='ltr'>sine</span> <span class='ocrx_word' id='word_1_645' title='bbox 1685 1097 1766 1127; x_wconf 90' lang='lat' dir='ltr'>dubio</span> <span class='ocrx_word' id='word_1_646' title='bbox 1786 1099 1888 1133; x_wconf 84' lang='lat' dir='ltr'>activa,</span> <span class='ocrx_word' id='word_1_647' title='bbox 1915 1105 1940 1128; x_wconf 89' lang='lat' dir='ltr'>ut</span> <span class='ocrx_word' id='word_1_648' title='bbox 1961 1099 2037 1133; x_wconf 87' lang='lat' dir='ltr'>scio,</span> <span class='ocrx_word' id='word_1_649' title='bbox 2061 1097 2134 1133; x_wconf 81' lang='lat' dir='ltr'>volo,</span> 
     </span>
     <span class='ocr_line' id='line_1_79' title="bbox 1188 1136 2134 1177; baseline 0.005 -12"><span class='ocrx_word' id='word_1_650' title='bbox 1188 1136 1284 1177; x_wconf 75' lang='lat' dir='ltr'>quibus</span> <span class='ocrx_word' id='word_1_651' title='bbox 1318 1148 1377 1166; x_wconf 82' lang='lat' dir='ltr'>curn</span> <span class='ocrx_word' id='word_1_652' title='bbox 1408 1139 1573 1168; x_wconf 82' lang='lat' dir='ltr'>accesserint</span> <span class='ocrx_word' id='word_1_653' title='bbox 1606 1139 1756 1175; x_wconf 84' lang='lat' dir='ltr'>adverbia,</span> <span class='ocrx_word' id='word_1_654' title='bbox 1796 1140 1897 1169; x_wconf 76' lang='lat' dir='ltr'>fiunt²¹</span> <span class='ocrx_word' id='word_1_655' title='bbox 1937 1140 2073 1175; x_wconf 79' lang='lat' dir='ltr'>habitiva,</span> <span class='ocrx_word' id='word_1_656' title='bbox 2109 1147 2134 1170; x_wconf 80' lang='lat' dir='ltr'>ut</span> 
     </span>
    </p>
   </div>
   <div class='ocr_carea' id='block_1_15' title="bbox 1188 1179 2222 1224">
    <p class='ocr_par' dir='ltr' id='par_1_16' title="bbox 1188 1179 2222 1224">
     <span class='ocr_line' id='line_1_80' title="bbox 1188 1179 2222 1224; baseline 0.006 -17"><span class='ocrx_word' id='word_1_657' title='bbox 1188 1179 1266 1213; x_wconf 83' lang='lat' dir='ltr'>nolo,</span> <span class='ocrx_word' id='word_1_658' title='bbox 1295 1179 1396 1208; x_wconf 84' lang='lat' dir='ltr'>nescio.</span> <span class='ocrx_word' id='word_1_659' title='bbox 1421 1180 1433 1220; x_wconf 79' lang='grc' dir='ltr'>Η</span> <span class='ocrx_word' id='word_1_660' title='bbox 1450 1179 1526 1210; x_wconf 85' lang='lat' dir='ltr'>Talis</span> <span class='ocrx_word' id='word_1_661' title='bbox 1546 1187 1571 1210; x_wconf 87' lang='lat' dir='ltr'>et</span> <span class='ocrx_word' id='word_1_662' title='bbox 1594 1180 1704 1211; x_wconf 76' lang='lat' dir='ltr'>haec²2</span> <span class='ocrx_word' id='word_1_663' title='bbox 1722 1181 1846 1211; x_wconf 85' lang='lat' dir='ltr'>adverbii</span> <span class='ocrx_word' id='word_1_664' title='bbox 1870 1188 1979 1217; x_wconf 85' lang='lat' dir='ltr'>natura,</span> <span class='ocrx_word' id='word_1_665' title='bbox 2004 1189 2030 1212; x_wconf 82' lang='lat' dir='ltr'>ut</span> <span class='ocrx_word' id='word_1_666' title='bbox 2053 1182 2222 1224; x_wconf 84' lang='lat' dir='ltr'>addi-[142]</span> 
     </span>
    </p>
   </div>
   <div class='ocr_carea' id='block_1_16' title="bbox 1186 1220 1867 1263">
    <p class='ocr_par' dir='ltr' id='par_1_17' title="bbox 1186 1220 1867 1263">
     <span class='ocr_line' id='line_1_81' title="bbox 1186 1220 1867 1263; baseline 0.004 -13"><span class='ocrx_word' id='word_1_667' title='bbox 1186 1227 1213 1250; x_wconf 89' lang='lat' dir='ltr'>to</span> <span class='ocrx_word' id='word_1_668' title='bbox 1236 1220 1322 1250; x_wconf 87' lang='lat' dir='ltr'>verbo</span> <span class='ocrx_word' id='word_1_669' title='bbox 1344 1222 1507 1252; x_wconf 89' lang='lat' dir='ltr'>contrariam</span> <span class='ocrx_word' id='word_1_670' title='bbox 1529 1223 1756 1263; x_wconf 66' lang='lat' dir='ltr'>significationem</span> <span class='ocrx_word' id='word_1_671' title='bbox 1779 1223 1867 1254; x_wconf 84' lang='lat' dir='ltr'>saciat.</span> 
     </span>
    </p>
   </div>
   <div class='ocr_carea' id='block_1_17' title="bbox 1188 1272 2134 1354">
    <p class='ocr_par' dir='ltr' id='par_1_18' title="bbox 1188 1272 2134 1354">
     <span class='ocr_line' id='line_1_82' title="bbox 1255 1272 2134 1314; baseline 0.003 -13"><span class='ocrx_word' id='word_1_672' title='bbox 1255 1274 1300 1302; x_wconf 89' lang='lat' dir='ltr'>ll.</span> <span class='ocrx_word' id='word_1_673' title='bbox 1325 1272 1428 1313; x_wconf 73' lang='lat' dir='ltr'>Figura</span> <span class='ocrx_word' id='word_1_674' title='bbox 1451 1272 1597 1303; x_wconf 88' lang='lat' dir='ltr'>verborum</span> <span class='ocrx_word' id='word_1_675' title='bbox 1620 1280 1663 1303; x_wconf 87' lang='lat' dir='ltr'>aut</span> <span class='ocrx_word' id='word_1_676' title='bbox 1685 1273 1801 1314; x_wconf 79' lang='lat' dir='ltr'>simplex</span> <span class='ocrx_word' id='word_1_677' title='bbox 1826 1280 1882 1309; x_wconf 81' lang='lat' dir='ltr'>est,</span> <span class='ocrx_word' id='word_1_678' title='bbox 1907 1280 1933 1304; x_wconf 87' lang='lat' dir='ltr'>ut</span> <span class='ocrx_word' id='word_1_679' title='bbox 1955 1274 2061 1310; x_wconf 86' lang='lat' dir='ltr'>scribo;</span> <span class='ocrx_word' id='word_1_680' title='bbox 2091 1281 2134 1305; x_wconf 85' lang='lat' dir='ltr'>aut</span> 
     </span>
     <span class='ocr_line' id='line_1_83' title="bbox 1188 1315 1556 1354; baseline 0.005 -11"><span class='ocrx_word' id='word_1_681' title='bbox 1188 1315 1354 1354; x_wconf 87' lang='lat' dir='ltr'>composita,</span> <span class='ocrx_word' id='word_1_682' title='bbox 1379 1323 1404 1344; x_wconf 88' lang='lat' dir='ltr'>ut</span> <span class='ocrx_word' id='word_1_683' title='bbox 1427 1315 1556 1345; x_wconf 86' lang='lat' dir='ltr'>inscribo.</span> 
     </span>
    </p>
   </div>
   <div class='ocr_carea' id='block_1_18' title="bbox 1189 1357 2138 1609">
    <p class='ocr_par' dir='ltr' id='par_1_19' title="bbox 1189 1357 2136 1428">
     <span class='ocr_line' id='line_1_84' title="bbox 1252 1357 2136 1399; baseline 0.002 -13"><span class='ocrx_word' id='word_1_684' title='bbox 1252 1357 1364 1387; x_wconf 81' lang='lat' dir='ltr'>Numeri</span> <span class='ocrx_word' id='word_1_685' title='bbox 1394 1364 1451 1387; x_wconf 82' lang='lat' dir='ltr'>sunt</span> <span class='ocrx_word' id='word_1_686' title='bbox 1475 1357 1540 1387; x_wconf 80' lang='lat' dir='ltr'>duo:</span> <span class='ocrx_word' id='word_1_687' title='bbox 1570 1357 1734 1399; x_wconf 80' lang='lat' dir='ltr'>singularis,</span> <span class='ocrx_word' id='word_1_688' title='bbox 1768 1364 1793 1388; x_wconf 90' lang='lat' dir='ltr'>ut</span> <span class='ocrx_word' id='word_1_689' title='bbox 1817 1357 1922 1393; x_wconf 81' lang='lat' dir='ltr'>scrib0;</span> <span class='ocrx_word' id='word_1_690' title='bbox 1951 1357 2078 1398; x_wconf 84' lang='lat' dir='ltr'>pluralis,</span> <span class='ocrx_word' id='word_1_691' title='bbox 2108 1364 2136 1388; x_wconf 87' lang='lat' dir='ltr'>ut</span> 
     </span>
     <span class='ocr_line' id='line_1_85' title="bbox 1189 1398 1339 1428; baseline -0.007 0"><span class='ocrx_word' id='word_1_692' title='bbox 1189 1398 1339 1428; x_wconf 85' lang='lat' dir='ltr'>scribimus.</span> 
     </span>
    </p>

    <p class='ocr_par' dir='ltr' id='par_1_20' title="bbox 1196 1441 2138 1525">
     <span class='ocr_line' id='line_1_86' title="bbox 1259 1441 2138 1483; baseline 0.002 -13"><span class='ocrx_word' id='word_1_693' title='bbox 1259 1441 1335 1470; x_wconf 86' lang='lat' dir='ltr'>Modi</span> <span class='ocrx_word' id='word_1_694' title='bbox 1358 1447 1416 1471; x_wconf 86' lang='lat' dir='ltr'>sunt</span> <span class='ocrx_word' id='word_1_695' title='bbox 1445 1448 1566 1482; x_wconf 76' lang='lat' dir='ltr'>septem:</span> <span class='ocrx_word' id='word_1_696' title='bbox 1597 1441 1772 1478; x_wconf 87' lang='lat' dir='ltr'>indicativus,</span> <span class='ocrx_word' id='word_1_697' title='bbox 1805 1442 1993 1482; x_wconf 78' lang='lat' dir='ltr'>imperativus,</span> <span class='ocrx_word' id='word_1_698' title='bbox 2023 1442 2138 1483; x_wconf 90' lang='lat' dir='ltr'>promis-</span> 
     </span>
     <span class='ocr_line' id='line_1_87' title="bbox 1196 1483 2095 1525; baseline 0.002 -13"><span class='ocrx_word' id='word_1_699' title='bbox 1196 1483 1284 1517; x_wconf 81' lang='lat' dir='ltr'>sivus,</span> <span class='ocrx_word' id='word_1_700' title='bbox 1310 1484 1456 1524; x_wconf 77' lang='lat' dir='ltr'>optativus,</span> <span class='ocrx_word' id='word_1_701' title='bbox 1481 1484 1678 1519; x_wconf 73' lang='lat' dir='ltr'>coniunctivuS,</span> <span class='ocrx_word' id='word_1_702' title='bbox 1709 1491 1871 1525; x_wconf 69' lang='lat' dir='ltr'>perpetuuS,</span> <span class='ocrx_word' id='word_1_703' title='bbox 1896 1484 2095 1525; x_wconf 71' lang='lat' dir='ltr'>impersonalis.</span> 
     </span>
    </p>

    <p class='ocr_par' dir='ltr' id='par_1_21' title="bbox 1196 1525 2135 1609">
     <span class='ocr_line' id='line_1_88' title="bbox 1258 1525 2135 1568; baseline 0.003 -14"><span class='ocrx_word' id='word_1_704' title='bbox 1258 1525 1396 1566; x_wconf 87' lang='lat' dir='ltr'>Tempora</span> <span class='ocrx_word' id='word_1_705' title='bbox 1417 1532 1475 1556; x_wconf 86' lang='lat' dir='ltr'>sunt</span> <span class='ocrx_word' id='word_1_706' title='bbox 1489 1526 1519 1544; x_wconf 78' lang='lat'>²³</span> <span class='ocrx_word' id='word_1_707' title='bbox 1539 1527 1604 1556; x_wconf 88' lang='lat' dir='ltr'>tria:</span> <span class='ocrx_word' id='word_1_708' title='bbox 1626 1536 1775 1566; x_wconf 76' lang='lat' dir='ltr'>praesens,</span> <span class='ocrx_word' id='word_1_709' title='bbox 1799 1533 1825 1557; x_wconf 87' lang='lat' dir='ltr'>ut</span> <span class='ocrx_word' id='word_1_710' title='bbox 1848 1526 1928 1567; x_wconf 78' lang='lat' dir='ltr'>leg0;</span> <span class='ocrx_word' id='word_1_711' title='bbox 1950 1527 2135 1568; x_wconf 85' lang='lat' dir='ltr'>praeteritum,</span> 
     </span>
     <span class='ocr_line' id='line_1_89' title="bbox 1196 1567 1641 1609; baseline 0.002 -12"><span class='ocrx_word' id='word_1_712' title='bbox 1196 1574 1222 1597; x_wconf 88' lang='lat' dir='ltr'>nt</span> <span class='ocrx_word' id='word_1_713' title='bbox 1244 1567 1319 1608; x_wconf 73' lang='lat' dir='ltr'>legi;</span> <span class='ocrx_word' id='word_1_714' title='bbox 1342 1568 1469 1603; x_wconf 86' lang='lat' dir='ltr'>suturum,</span> <span class='ocrx_word' id='word_1_715' title='bbox 1494 1575 1519 1598; x_wconf 86' lang='lat' dir='ltr'>ut</span> <span class='ocrx_word' id='word_1_716' title='bbox 1542 1568 1641 1609; x_wconf 71' lang='lat' dir='ltr'>legam,</span> 
     </span>
    </p>
   </div>
   <div class='ocr_carea' id='block_1_19' title="bbox 1191 1667 2139 2183">
    <p class='ocr_par' dir='ltr' id='par_1_22' title="bbox 1191 1667 2139 2183">
     <span class='ocr_line' id='line_1_90' title="bbox 1191 1667 2136 1701; baseline 0 -8"><span class='ocrx_word' id='word_1_717' title='bbox 1191 1669 1260 1693; x_wconf 89' lang='lat' dir='ltr'>bium</span> <span class='ocrx_word' id='word_1_718' title='bbox 1280 1667 1329 1699; x_wconf 89' lang='lat' dir='ltr'>sit,</span> <span class='ocrx_word' id='word_1_719' title='bbox 1357 1668 1418 1701; x_wconf 88' lang='lat' dir='ltr'>quin</span> <span class='ocrx_word' id='word_1_720' title='bbox 1438 1668 1539 1694; x_wconf 82' lang='lat' dir='ltr'>salsum.</span> <span class='ocrx_word' id='word_1_721' title='bbox 1576 1669 1700 1694; x_wconf 79' lang='lat' dir='ltr'>Fortasse</span> <span class='ocrx_word' id='word_1_722' title='bbox 1718 1667 1789 1693; x_wconf 88' lang='lat' dir='ltr'>locus</span> <span class='ocrx_word' id='word_1_723' title='bbox 1809 1667 1847 1693; x_wconf 87' lang='lat' dir='ltr'>sic</span> <span class='ocrx_word' id='word_1_724' title='bbox 1869 1667 2056 1692; x_wconf 84' lang='lat' dir='ltr'>emendandus:</span> <span class='ocrx_word' id='word_1_725' title='bbox 2084 1667 2136 1693; x_wconf 74' lang='lat' dir='ltr'>Ne-</span> 
     </span>
     <span class='ocr_line' id='line_1_91' title="bbox 1194 1702 2138 1736; baseline 0.001 -10"><span class='ocrx_word' id='word_1_726' title='bbox 1194 1712 1244 1736; x_wconf 75' lang='lat' dir='ltr'>que</span> <span class='ocrx_word' id='word_1_727' title='bbox 1263 1703 1328 1727; x_wconf 80' lang='lat' dir='ltr'>cnim</span> <span class='ocrx_word' id='word_1_728' title='bbox 1349 1704 1463 1728; x_wconf 74' lang='lat' dir='ltr'>‹lt-citum</span> <span class='ocrx_word' id='word_1_729' title='bbox 1482 1707 1534 1735; x_wconf 77' lang='lat' dir='ltr'>cst,</span> <span class='ocrx_word' id='word_1_730' title='bbox 1561 1707 1589 1728; x_wconf 81' lang='lat' dir='ltr'>ut</span> <span class='ocrx_word' id='word_1_731' title='bbox 1609 1707 1710 1729; x_wconf 70' lang='lat' dir='ltr'>laesum</span> <span class='ocrx_word' id='word_1_732' title='bbox 1729 1706 1781 1733; x_wconf 79' lang='lat' dir='ltr'>est,</span> <span class='ocrx_word' id='word_1_733' title='bbox 1805 1710 1852 1726; x_wconf 75' lang='lat' dir='ltr'>noc</span> <span class='ocrx_word' id='word_1_734' title='bbox 1871 1712 1965 1727; x_wconf 78' lang='lat' dir='ltr'>rursus</span> <span class='ocrx_word' id='word_1_735' title='bbox 1985 1702 2087 1727; x_wconf 79' lang='lat' dir='ltr'>taeduit</span> <span class='ocrx_word' id='word_1_736' title='bbox 2108 1706 2138 1727; x_wconf 78' lang='lat' dir='ltr'>ut</span> 
     </span>
     <span class='ocr_line' id='line_1_92' title="bbox 1193 1736 2137 1770; baseline -0.002 -8"><span class='ocrx_word' id='word_1_737' title='bbox 1193 1739 1280 1762; x_wconf 52' lang='lat' dir='ltr'>attuit</span> <span class='ocrx_word' id='word_1_738' title='bbox 1301 1738 1352 1762; x_wconf 81' lang='lat' dir='ltr'>‹lici</span> <span class='ocrx_word' id='word_1_739' title='bbox 1367 1742 1463 1770; x_wconf 71' lang='lat' dir='ltr'>potest.</span> <span class='ocrx_word' id='word_1_740' title='bbox 1570 1738 1611 1769; x_wconf 90' lang='lat'>10)</span> <span class='ocrx_word' id='word_1_741' title='bbox 1630 1737 1690 1762; x_wconf 85' lang='lat' dir='ltr'>Plus</span> <span class='ocrx_word' id='word_1_742' title='bbox 1710 1736 1854 1761; x_wconf 83' lang='lat' dir='ltr'>desiderari</span> <span class='ocrx_word' id='word_1_743' title='bbox 1873 1737 1898 1761; x_wconf 92' lang='lat' dir='ltr'>in</span> <span class='ocrx_word' id='word_1_744' title='bbox 1920 1737 1983 1762; x_wconf 74' lang='lat' dir='ltr'>eod.</span> <span class='ocrx_word' id='word_1_745' title='bbox 2004 1737 2137 1761; x_wconf 76' lang='lat' dir='ltr'>adnotavit</span> 
     </span>
     <span class='ocr_line' id='line_1_93' title="bbox 1193 1771 2137 1804; baseline -0.001 -7"><span class='ocrx_word' id='word_1_746' title='bbox 1193 1772 1272 1797; x_wconf 87' lang='lat' dir='ltr'>Nieb.</span> <span class='ocrx_word' id='word_1_747' title='bbox 1380 1774 1422 1801; x_wconf 75' lang='lat'>11)</span> <span class='ocrx_word' id='word_1_748' title='bbox 1446 1773 1612 1797; x_wconf 64' lang='lat' dir='ltr'>Eoesccratur</span> <span class='ocrx_word' id='word_1_749' title='bbox 1635 1771 1765 1804; x_wconf 85' lang='lat' dir='ltr'>scriptura</span> <span class='ocrx_word' id='word_1_750' title='bbox 1792 1779 1805 1795; x_wconf 90' lang='lat' dir='ltr'>e</span> <span class='ocrx_word' id='word_1_751' title='bbox 1825 1771 1891 1795; x_wconf 79' lang='lat' dir='ltr'>Cod.</span> <span class='ocrx_word' id='word_1_752' title='bbox 1998 1772 2042 1802; x_wconf 79' lang='lat'>12)</span> <span class='ocrx_word' id='word_1_753' title='bbox 2065 1771 2137 1803; x_wconf 82' lang='lat' dir='ltr'>opti-</span> 
     </span>
     <span class='ocr_line' id='line_1_94' title="bbox 1193 1805 2136 1839; baseline 0 -9"><span class='ocrx_word' id='word_1_754' title='bbox 1193 1811 1256 1831; x_wconf 76' lang='lat' dir='ltr'>mnt</span> <span class='ocrx_word' id='word_1_755' title='bbox 1283 1805 1414 1839; x_wconf 81' lang='lat' dir='ltr'>scriptura</span> <span class='ocrx_word' id='word_1_756' title='bbox 1438 1816 1451 1832; x_wconf 86' lang='lat' dir='ltr'>e</span> <span class='ocrx_word' id='word_1_757' title='bbox 1475 1807 1541 1832; x_wconf 89' lang='lat' dir='ltr'>Cod.</span> <span class='ocrx_word' id='word_1_758' title='bbox 1654 1805 1695 1838; x_wconf 87' lang='grc'>13)</span> <span class='ocrx_word' id='word_1_759' title='bbox 1715 1805 1776 1829; x_wconf 77' lang='lat' dir='ltr'>Plus</span> <span class='ocrx_word' id='word_1_760' title='bbox 1803 1806 1893 1830; x_wconf 83' lang='lat' dir='ltr'>deesse</span> <span class='ocrx_word' id='word_1_761' title='bbox 1920 1805 1946 1830; x_wconf 90' lang='lat' dir='ltr'>in</span> <span class='ocrx_word' id='word_1_762' title='bbox 1972 1805 2037 1830; x_wconf 84' lang='lat' dir='ltr'>cod.</span> <span class='ocrx_word' id='word_1_763' title='bbox 2062 1813 2136 1838; x_wconf 83' lang='lat' dir='ltr'>quam</span> 
     </span>
     <span class='ocr_line' id='line_1_95' title="bbox 1194 1839 2136 1874; baseline -0.001 -9"><span class='ocrx_word' id='word_1_764' title='bbox 1194 1849 1260 1874; x_wconf 87' lang='lat' dir='ltr'>quae</span> <span class='ocrx_word' id='word_1_765' title='bbox 1280 1841 1352 1865; x_wconf 82' lang='lat' dir='ltr'>uncis</span> <span class='ocrx_word' id='word_1_766' title='bbox 1371 1841 1468 1866; x_wconf 88' lang='lat' dir='ltr'>inclusa</span> <span class='ocrx_word' id='word_1_767' title='bbox 1487 1846 1562 1871; x_wconf 87' lang='lat' dir='ltr'>sunt,</span> <span class='ocrx_word' id='word_1_768' title='bbox 1587 1839 1721 1865; x_wconf 78' lang='lat' dir='ltr'>adnotavit</span> <span class='ocrx_word' id='word_1_769' title='bbox 1742 1839 1820 1866; x_wconf 87' lang='lat' dir='ltr'>Nieb.</span> <span class='ocrx_word' id='word_1_770' title='bbox 1857 1840 1886 1864; x_wconf 90' lang='lat' dir='ltr'>ln</span> <span class='ocrx_word' id='word_1_771' title='bbox 1914 1840 1965 1866; x_wconf 88' lang='lat' dir='ltr'>Ed.</span> <span class='ocrx_word' id='word_1_772' title='bbox 1986 1848 2026 1873; x_wconf 87' lang='lat' dir='ltr'>pr.</span> <span class='ocrx_word' id='word_1_773' title='bbox 2053 1839 2136 1864; x_wconf 85' lang='lat' dir='ltr'>hiatus</span> 
     </span>
     <span class='ocr_line' id='line_1_96' title="bbox 1194 1873 2137 1908; baseline -0.002 -8"><span class='ocrx_word' id='word_1_774' title='bbox 1194 1881 1233 1900; x_wconf 74' lang='lat' dir='ltr'>est</span> <span class='ocrx_word' id='word_1_775' title='bbox 1251 1876 1326 1900; x_wconf 81' lang='lat' dir='ltr'>trium</span> <span class='ocrx_word' id='word_1_776' title='bbox 1347 1876 1386 1900; x_wconf 83' lang='lat' dir='ltr'>vel</span> <span class='ocrx_word' id='word_1_777' title='bbox 1404 1880 1514 1908; x_wconf 84' lang='lat' dir='ltr'>quatuor</span> <span class='ocrx_word' id='word_1_778' title='bbox 1534 1875 1678 1899; x_wconf 84' lang='lat' dir='ltr'>verborum.</span> <span class='ocrx_word' id='word_1_779' title='bbox 1716 1873 1766 1900; x_wconf 90' lang='lat' dir='ltr'>Vv.</span> <span class='ocrx_word' id='word_1_780' title='bbox 1795 1875 1930 1905; x_wconf 75' lang='lat' dir='ltr'>Quaedam</span> <span class='ocrx_word' id='word_1_781' title='bbox 1951 1879 2014 1899; x_wconf 77' lang='lat' dir='ltr'>sunt</span> <span class='ocrx_word' id='word_1_782' title='bbox 2040 1879 2137 1899; x_wconf 77' lang='lat' dir='ltr'>neutra</span> 
     </span>
     <span class='ocr_line' id='line_1_97' title="bbox 1194 1908 2139 1942; baseline 0 -8"><span class='ocrx_word' id='word_1_783' title='bbox 1194 1914 1217 1934; x_wconf 79' lang='lat' dir='ltr'>ee</span> <span class='ocrx_word' id='word_1_784' title='bbox 1232 1910 1403 1942; x_wconf 66' lang='lat' dir='ltr'>inceptionem</span> <span class='ocrx_word' id='word_1_785' title='bbox 1422 1911 1576 1942; x_wconf 58' lang='lat' dir='ltr'>Significant</span> <span class='ocrx_word' id='word_1_786' title='bbox 1595 1917 1609 1932; x_wconf 86' lang='lat' dir='ltr'>a</span> <span class='ocrx_word' id='word_1_787' title='bbox 1621 1908 1702 1933; x_wconf 85' lang='lat' dir='ltr'>Fabr.</span> <span class='ocrx_word' id='word_1_788' title='bbox 1721 1908 1840 1942; x_wconf 83' lang='lat' dir='ltr'>suppleta</span> <span class='ocrx_word' id='word_1_789' title='bbox 1858 1914 1926 1935; x_wconf 88' lang='lat' dir='ltr'>sunt.</span> <span class='ocrx_word' id='word_1_790' title='bbox 1999 1909 2042 1939; x_wconf 78' lang='lat'>14)</span> <span class='ocrx_word' id='word_1_791' title='bbox 2061 1908 2139 1934; x_wconf 78' lang='lat' dir='ltr'>Plura</span> 
     </span>
     <span class='ocr_line' id='line_1_98' title="bbox 1194 1940 2139 1975; baseline 0 -7"><span class='ocrx_word' id='word_1_792' title='bbox 1194 1944 1300 1975; x_wconf 76' lang='lat' dir='ltr'>deesse,</span> <span class='ocrx_word' id='word_1_793' title='bbox 1327 1949 1437 1971; x_wconf 74' lang='lat' dir='ltr'>testatur</span> <span class='ocrx_word' id='word_1_794' title='bbox 1457 1945 1535 1970; x_wconf 81' lang='lat' dir='ltr'>Nieb.</span> <span class='ocrx_word' id='word_1_795' title='bbox 1574 1942 1605 1967; x_wconf 91' lang='lat' dir='ltr'>In</span> <span class='ocrx_word' id='word_1_796' title='bbox 1623 1942 1674 1967; x_wconf 78' lang='lat' dir='ltr'>Ed.</span> <span class='ocrx_word' id='word_1_797' title='bbox 1698 1951 1737 1975; x_wconf 86' lang='lat' dir='ltr'>pr.</span> <span class='ocrx_word' id='word_1_798' title='bbox 1759 1942 1850 1967; x_wconf 77' lang='lat' dir='ltr'>lacuna</span> <span class='ocrx_word' id='word_1_799' title='bbox 1869 1943 1944 1968; x_wconf 88' lang='lat' dir='ltr'>nulla.</span> <span class='ocrx_word' id='word_1_800' title='bbox 2018 1944 2061 1973; x_wconf 87' lang='lat'>15)</span> <span class='ocrx_word' id='word_1_801' title='bbox 2079 1940 2139 1968; x_wconf 78' lang='grc' dir='ltr'>Ἑν-</span> 
     </span>
     <span class='ocr_line' id='line_1_99' title="bbox 1193 1977 2137 2010; baseline 0 -8"><span class='ocrx_word' id='word_1_802' title='bbox 1193 1986 1287 2010; x_wconf 71' lang='grc' dir='ltr'><em>εργιαν</em></span> <span class='ocrx_word' id='word_1_803' title='bbox 1310 1978 1376 2006; x_wconf 87' lang='lat' dir='ltr'>Cod.</span> <span class='ocrx_word' id='word_1_804' title='bbox 1483 1980 1528 2010; x_wconf 83' lang='lat'>16)</span> <span class='ocrx_word' id='word_1_805' title='bbox 1544 1978 1769 2009; x_wconf 76' lang='grc' dir='ltr'><strong><em>Καταχρεστικως</em></strong></span> <span class='ocrx_word' id='word_1_806' title='bbox 1786 1977 1851 2004; x_wconf 81' lang='lat' dir='ltr'>cod.</span> <span class='ocrx_word' id='word_1_807' title='bbox 1960 1977 2004 2009; x_wconf 87' lang='lat'>17)</span> <span class='ocrx_word' id='word_1_808' title='bbox 2023 1977 2137 2009; x_wconf 82' lang='lat' dir='ltr'>Habent,</span> 
     </span>
     <span class='ocr_line' id='line_1_100' title="bbox 1194 2011 2139 2045; baseline 0 -9"><span class='ocrx_word' id='word_1_809' title='bbox 1194 2022 1263 2045; x_wconf 78' lang='lat' dir='ltr'>quur</span> <span class='ocrx_word' id='word_1_810' title='bbox 1281 2018 1430 2039; x_wconf 74' lang='lat' dir='ltr'>cernuntur</span> <span class='ocrx_word' id='word_1_811' title='bbox 1449 2014 1481 2038; x_wconf 84' lang='lat' dir='ltr'>ab</span> <span class='ocrx_word' id='word_1_812' title='bbox 1499 2013 1558 2037; x_wconf 83' lang='lat' dir='ltr'>aliis</span> <span class='ocrx_word' id='word_1_813' title='bbox 1577 2012 1629 2036; x_wconf 77' lang='lat' dir='ltr'>sive</span> <span class='ocrx_word' id='word_1_814' title='bbox 1647 2011 1770 2036; x_wconf 75' lang='lat' dir='ltr'>videntur</span> <span class='ocrx_word' id='word_1_815' title='bbox 1792 2011 1872 2037; x_wconf 82' lang='lat' dir='ltr'>Fabr.</span> <span class='ocrx_word' id='word_1_816' title='bbox 1890 2011 1920 2036; x_wconf 84' lang='lat' dir='ltr'>P.</span> <span class='ocrx_word' id='word_1_817' title='bbox 1946 2011 2052 2043; x_wconf 77' lang='lat' dir='ltr'>habent,</span> <span class='ocrx_word' id='word_1_818' title='bbox 2071 2021 2139 2044; x_wconf 80' lang='lat' dir='ltr'>quae</span> 
     </span>
     <span class='ocr_line' id='line_1_101' title="bbox 1196 2046 2138 2079; baseline 0 -8"><span class='ocrx_word' id='word_1_819' title='bbox 1196 2048 1314 2072; x_wconf 67' lang='lat' dir='ltr'>cci-uitur</span> <span class='ocrx_word' id='word_1_820' title='bbox 1334 2063 1365 2066; x_wconf 72' lang='lat'>——</span> <span class='ocrx_word' id='word_1_821' title='bbox 1386 2049 1489 2073; x_wconf 70' lang='lat' dir='ltr'>videtur</span> <span class='ocrx_word' id='word_1_822' title='bbox 1511 2046 1561 2072; x_wconf 87' lang='lat' dir='ltr'>Ed.</span> <span class='ocrx_word' id='word_1_823' title='bbox 1582 2055 1621 2079; x_wconf 83' lang='lat' dir='ltr'>pr.</span> <span class='ocrx_word' id='word_1_824' title='bbox 1647 2046 1731 2071; x_wconf 76' lang='lat' dir='ltr'>habet</span> <span class='ocrx_word' id='word_1_825' title='bbox 1753 2055 1821 2078; x_wconf 78' lang='lat' dir='ltr'>quae</span> <span class='ocrx_word' id='word_1_826' title='bbox 1846 2047 1964 2070; x_wconf 66' lang='lat' dir='ltr'>cernitur</span> <span class='ocrx_word' id='word_1_827' title='bbox 1986 2060 2013 2064; x_wconf 96' lang='lat'>—</span> <span class='ocrx_word' id='word_1_828' title='bbox 2033 2046 2138 2071; x_wconf 78' lang='lat' dir='ltr'>videtur</span> 
     </span>
     <span class='ocr_line' id='line_1_102' title="bbox 1197 2080 2138 2115; baseline -0.002 -9"><span class='ocrx_word' id='word_1_829' title='bbox 1197 2082 1263 2107; x_wconf 83' lang='lat' dir='ltr'>Cod.</span> <span class='ocrx_word' id='word_1_830' title='bbox 1294 2082 1362 2115; x_wconf 81' lang='lat' dir='ltr'>quod</span> <span class='ocrx_word' id='word_1_831' title='bbox 1380 2082 1493 2113; x_wconf 76' lang='lat' dir='ltr'>servavi,</span> <span class='ocrx_word' id='word_1_832' title='bbox 1520 2081 1569 2105; x_wconf 88' lang='lat' dir='ltr'>nisi</span> <span class='ocrx_word' id='word_1_833' title='bbox 1588 2080 1656 2113; x_wconf 80' lang='lat' dir='ltr'>quod</span> <span class='ocrx_word' id='word_1_834' title='bbox 1675 2089 1721 2113; x_wconf 86' lang='lat' dir='ltr'>pto</span> <span class='ocrx_word' id='word_1_835' title='bbox 1741 2089 1810 2113; x_wconf 76' lang='lat' dir='ltr'>quae</span> <span class='ocrx_word' id='word_1_836' title='bbox 1828 2081 1921 2114; x_wconf 85' lang='lat' dir='ltr'>scripsi</span> <span class='ocrx_word' id='word_1_837' title='bbox 1942 2081 2020 2112; x_wconf 76' lang='lat' dir='ltr'>quod.</span> <span class='ocrx_word' id='word_1_838' title='bbox 2093 2082 2138 2113; x_wconf 89' lang='lat'>18)</span> 
     </span>
     <span class='ocr_line' id='line_1_103' title="bbox 1198 2115 2139 2149; baseline 0.003 -9"><span class='ocrx_word' id='word_1_839' title='bbox 1198 2117 1263 2141; x_wconf 64' lang='lat' dir='ltr'>Itum</span> <span class='ocrx_word' id='word_1_840' title='bbox 1287 2117 1366 2141; x_wconf 76' lang='lat' dir='ltr'>Fabr.</span> <span class='ocrx_word' id='word_1_841' title='bbox 1393 2117 1423 2141; x_wconf 91' lang='lat' dir='ltr'>P.</span> <span class='ocrx_word' id='word_1_842' title='bbox 1448 2117 1534 2149; x_wconf 79' lang='lat' dir='ltr'>igitur</span> <span class='ocrx_word' id='word_1_843' title='bbox 1559 2115 1625 2140; x_wconf 78' lang='lat' dir='ltr'>Cod.</span> <span class='ocrx_word' id='word_1_844' title='bbox 1652 2115 1702 2140; x_wconf 80' lang='lat' dir='ltr'>Ed.</span> <span class='ocrx_word' id='word_1_845' title='bbox 1721 2124 1761 2148; x_wconf 86' lang='lat' dir='ltr'>pr.</span> <span class='ocrx_word' id='word_1_846' title='bbox 1870 2117 1912 2145; x_wconf 76' lang='grc'>19)</span> <span class='ocrx_word' id='word_1_847' title='bbox 1933 2115 2088 2140; x_wconf 43' lang='lat' dir='ltr'>Praesente&amp;</span> <span class='ocrx_word' id='word_1_848' title='bbox 2105 2129 2139 2133; x_wconf 80' lang='lat'>-</span> 
     </span>
     <span class='ocr_line' id='line_1_104' title="bbox 1198 2149 2138 2183; baseline -0.001 -8"><span class='ocrx_word' id='word_1_849' title='bbox 1198 2152 1317 2176; x_wconf 67' lang='lat' dir='ltr'>absentes</span> <span class='ocrx_word' id='word_1_850' title='bbox 1351 2152 1430 2176; x_wconf 77' lang='lat' dir='ltr'>Fabr.</span> <span class='ocrx_word' id='word_1_851' title='bbox 1458 2152 1486 2176; x_wconf 91' lang='lat' dir='ltr'>P.</span> <span class='ocrx_word' id='word_1_852' title='bbox 1521 2149 1670 2182; x_wconf 77' lang='lat' dir='ltr'>praesentis</span> <span class='ocrx_word' id='word_1_853' title='bbox 1699 2163 1732 2168; x_wconf 86' lang='lat'><em>-</em></span> <span class='ocrx_word' id='word_1_854' title='bbox 1766 2150 1881 2174; x_wconf 74' lang='lat' dir='ltr'>absentis</span> <span class='ocrx_word' id='word_1_855' title='bbox 1914 2150 1980 2175; x_wconf 87' lang='lat' dir='ltr'>Cod.</span> <span class='ocrx_word' id='word_1_856' title='bbox 2015 2149 2066 2176; x_wconf 72' lang='lat' dir='ltr'>Ed.</span> <span class='ocrx_word' id='word_1_857' title='bbox 2099 2157 2138 2183; x_wconf 83' lang='lat' dir='ltr'>pr.</span> 
     </span>
    </p>
   </div>
   <div class='ocr_carea' id='block_1_20' title="bbox 1197 2191 2140 2338">
    <p class='ocr_par' dir='ltr' id='par_1_23' title="bbox 1197 2191 2140 2338">
     <span class='ocr_line' id='line_1_105' title="bbox 1199 2191 2138 2234; baseline -0.002 -7"><span class='ocrx_word' id='word_1_858' title='bbox 1199 2202 1246 2233; x_wconf 82' lang='lat'>20)</span> <span class='ocrx_word' id='word_1_859' title='bbox 1268 2203 1342 2234; x_wconf 73' lang='lat' dir='ltr'>Quae</span> <span class='ocrx_word' id='word_1_860' title='bbox 1366 2202 1416 2227; x_wconf 85' lang='lat' dir='ltr'>Ed.</span> <span class='ocrx_word' id='word_1_861' title='bbox 1436 2210 1473 2234; x_wconf 83' lang='lat' dir='ltr'>pr.</span> <span class='ocrx_word' id='word_1_862' title='bbox 1500 2191 1515 2233; x_wconf 55' lang='lat' dir='ltr'>g</span> <span class='ocrx_word' id='word_1_863' title='bbox 1537 2201 1601 2233; x_wconf 70' lang='lat' dir='ltr'>(sic)</span> <span class='ocrx_word' id='word_1_864' title='bbox 1620 2200 1686 2226; x_wconf 88' lang='lat' dir='ltr'>Cod.</span> <span class='ocrx_word' id='word_1_865' title='bbox 1706 2200 1752 2232; x_wconf 79' lang='lat' dir='ltr'>qui</span> <span class='ocrx_word' id='word_1_866' title='bbox 1769 2200 1849 2227; x_wconf 82' lang='lat' dir='ltr'>Fabr.</span> <span class='ocrx_word' id='word_1_867' title='bbox 1870 2200 1900 2225; x_wconf 89' lang='lat' dir='ltr'>P.</span> <span class='ocrx_word' id='word_1_868' title='bbox 2004 2200 2050 2233; x_wconf 85' lang='lat'>21)</span> <span class='ocrx_word' id='word_1_869' title='bbox 2069 2201 2138 2225; x_wconf 78' lang='lat' dir='ltr'>Sunt</span> 
     </span>
     <span class='ocr_line' id='line_1_106' title="bbox 1198 2235 2139 2268; baseline -0.002 -8"><span class='ocrx_word' id='word_1_870' title='bbox 1198 2236 1268 2262; x_wconf 79' lang='lat' dir='ltr'>Edd.</span> <span class='ocrx_word' id='word_1_871' title='bbox 1286 2237 1362 2268; x_wconf 76' lang='lat' dir='ltr'>fiunt</span> <span class='ocrx_word' id='word_1_872' title='bbox 1387 2235 1452 2260; x_wconf 85' lang='lat' dir='ltr'>cod.</span> <span class='ocrx_word' id='word_1_873' title='bbox 1544 2238 1588 2268; x_wconf 76' lang='lat'>22)</span> <span class='ocrx_word' id='word_1_874' title='bbox 1611 2235 1685 2259; x_wconf 81' lang='lat' dir='ltr'>Talis</span> <span class='ocrx_word' id='word_1_875' title='bbox 1704 2238 1742 2259; x_wconf 82' lang='lat' dir='ltr'>est</span> <span class='ocrx_word' id='word_1_876' title='bbox 1761 2235 1826 2259; x_wconf 81' lang='lat' dir='ltr'>hacc</span> <span class='ocrx_word' id='word_1_877' title='bbox 1852 2235 1919 2261; x_wconf 79' lang='lat' dir='ltr'>Edd.</span> <span class='ocrx_word' id='word_1_878' title='bbox 1950 2235 2013 2259; x_wconf 77' lang='lat' dir='ltr'>talis</span> <span class='ocrx_word' id='word_1_879' title='bbox 2032 2239 2056 2259; x_wconf 83' lang='lat' dir='ltr'>et</span> <span class='ocrx_word' id='word_1_880' title='bbox 2075 2235 2139 2259; x_wconf 76' lang='lat' dir='ltr'>haec</span> 
     </span>
     <span class='ocr_line' id='line_1_107' title="bbox 1197 2268 2140 2303; baseline -0.003 -8"><span class='ocrx_word' id='word_1_881' title='bbox 1197 2270 1262 2295; x_wconf 85' lang='lat' dir='ltr'>Cod.</span> <span class='ocrx_word' id='word_1_882' title='bbox 1365 2271 1411 2301; x_wconf 77' lang='lat'>23)</span> <span class='ocrx_word' id='word_1_883' title='bbox 1435 2269 1565 2303; x_wconf 81' lang='lat' dir='ltr'>Tempora</span> <span class='ocrx_word' id='word_1_884' title='bbox 1583 2270 1720 2294; x_wconf 79' lang='lat' dir='ltr'>verborum</span> <span class='ocrx_word' id='word_1_885' title='bbox 1744 2273 1807 2294; x_wconf 80' lang='lat' dir='ltr'>sunt</span> <span class='ocrx_word' id='word_1_886' title='bbox 1833 2268 1901 2294; x_wconf 76' lang='lat' dir='ltr'>Edd.</span> <span class='ocrx_word' id='word_1_887' title='bbox 1928 2277 1977 2294; x_wconf 88' lang='lat' dir='ltr'>om.</span> <span class='ocrx_word' id='word_1_888' title='bbox 2004 2269 2140 2293; x_wconf 81' lang='lat' dir='ltr'>verborum</span> 
     </span>
     <span class='ocr_line' id='line_1_108' title="bbox 1198 2302 2138 2338; baseline -0.001 -10"><span class='ocrx_word' id='word_1_889' title='bbox 1198 2305 1264 2330; x_wconf 84' lang='lat' dir='ltr'>Cod.</span> <span class='ocrx_word' id='word_1_890' title='bbox 1300 2305 1339 2329; x_wconf 61' lang='lat' dir='ltr'>Ad</span> <span class='ocrx_word' id='word_1_891' title='bbox 1359 2304 1421 2329; x_wconf 83' lang='lat' dir='ltr'>hacc</span> <span class='ocrx_word' id='word_1_892' title='bbox 1441 2309 1466 2330; x_wconf 87' lang='lat' dir='ltr'>et</span> <span class='ocrx_word' id='word_1_893' title='bbox 1485 2304 1599 2338; x_wconf 81' lang='lat' dir='ltr'>proxime</span> <span class='ocrx_word' id='word_1_894' title='bbox 1622 2303 1758 2337; x_wconf 85' lang='lat' dir='ltr'>superiora</span> <span class='ocrx_word' id='word_1_895' title='bbox 1784 2304 1863 2328; x_wconf 80' lang='lat' dir='ltr'>Fabr.</span> <span class='ocrx_word' id='word_1_896' title='bbox 1889 2308 1970 2328; x_wconf 76' lang='lat' dir='ltr'>artem</span> <span class='ocrx_word' id='word_1_897' title='bbox 1986 2302 2080 2328; x_wconf 83' lang='lat' dir='ltr'>Donati</span> <span class='ocrx_word' id='word_1_898' title='bbox 2099 2311 2138 2327; x_wconf 85' lang='lat' dir='ltr'>se-</span> 
     </span>
    </p>
   </div>
   <div class='ocr_carea' id='block_1_21' title="bbox 1197 2337 2137 2399">
    <p class='ocr_par' dir='ltr' id='par_1_24' title="bbox 1197 2337 2137 2399">
     <span class='ocr_line' id='line_1_109' title="bbox 1197 2337 2137 2399; baseline -0.003 -35"><span class='ocrx_word' id='word_1_899' title='bbox 1197 2339 1305 2399; x_wconf 58' lang='lat' dir='ltr'>cutnllgm</span> <span class='ocrx_word' id='word_1_900' title='bbox 1330 2338 1442 2364; x_wconf 80' lang='lat' dir='ltr'>conferri</span> <span class='ocrx_word' id='word_1_901' title='bbox 1469 2339 1553 2364; x_wconf 82' lang='lat' dir='ltr'>iussit.</span> <span class='ocrx_word' id='word_1_902' title='bbox 1591 2338 1633 2363; x_wconf 85' lang='lat' dir='ltr'>Cs.</span> <span class='ocrx_word' id='word_1_903' title='bbox 1654 2339 1756 2370; x_wconf 81' lang='lat' dir='ltr'>Corpus</span> <span class='ocrx_word' id='word_1_904' title='bbox 1776 2338 1890 2363; x_wconf 79' lang='lat' dir='ltr'>Gramm.</span> <span class='ocrx_word' id='word_1_905' title='bbox 1917 2343 1976 2364; x_wconf 82' lang='lat' dir='ltr'>tom.</span> <span class='ocrx_word' id='word_1_906' title='bbox 1995 2337 2026 2369; x_wconf 89' lang='lat'>1,</span> <span class='ocrx_word' id='word_1_907' title='bbox 2049 2345 2075 2370; x_wconf 85' lang='lat' dir='ltr'>p.</span> <span class='ocrx_word' id='word_1_908' title='bbox 2097 2337 2137 2363; x_wconf 84' lang='lat'>17.</span> 
     </span>
     <span class='ocr_line' id='line_1_110' title="bbox 1198 2379 1287 2399; baseline 0.011 -1"><span class='ocrx_word' id='word_1_909' title='bbox 1198 2379 1224 2398; x_wconf 83' lang='lat' dir='ltr'>et</span> <span class='ocrx_word' id='word_1_910' title='bbox 1282 2391 1287 2399; x_wconf 84' lang='lat'><strong>.</strong></span> 
     </span>
    </p>
   </div>
  </div>
 </body>
</html>
