2264 2830
770 95 1014 130 ORIGINUM
1052 97 1196 132 LIBER
1229 100 1335 134 xvn.
1956 104 2030 138 557

249 188 308 222 ll.
361 188 509 223 Lactuca
537 189 627 223 dicta
653 185 754 231 est²⁷‚
800 190 892 233 quod
920 191 1122 224 abundantia
1158 194 1249 227 lactis
1284 190 1496 235 exuberet'ffl,
1540 206 1596 227 scu
1629 195 1706 238 quia
1742 195 1826 228 lactc
1855 198 2030 231 nutrientes

84 241 221 275 feminas
248 241 375 286 implet.
429 242 525 275 llaec
553 247 585 275 et
611 242 642 274 in
670 241 744 273 viris
772 242 910 274 Veneris
940 255 1031 275 usum
1061 251 1201 278 coercet.

186 293 334 327 Lactuca
358 294 494 338 agrestis
522 299 569 326 est
582 289 625 335 ²⁹,
672 305 773 337 quam
809 292 1014 327 nan-raliam‘ffl
1040 297 1266 338 nominamus,
1308 293 1382 330 eo³¹
1412 297 1503 340 quod
1539 294 1708 330 dorsumffl
1738 297 1805 330 eius
1832 299 1864 330 in
1892 300 2030 333 modum

83 356 191 378 serrae
220 348 276 378 est.

250 395 307 428 12.
363 396 496 429 lntubus
517 396 686 428 Graecum
713 407 835 428 nomen
863 403 920 432 est.
974 399 1019 431 Et
1045 399 1174 432 intubus
1185 396 1220 439 ³³,
1248 399 1340 443 quod
1370 400 1407 431 „it
1435 401 1518 432 intus
1529 396 1552 415 ’Ἠ
1580 399 1714 444 tophus.
1761 400 1856 445 Cepa
1885 409 2031 443 vocatur,

84 448 161 491 quia
187 459 253 480 non
281 452 328 480 est
355 447 446 480 aliud
460 443 501 488 ³⁵,
534 447 591 479 nisi
619 452 745 480 tantum
773 454 884 492 caput.

254 498 308 531 13.
362 498 540 532 Ascalonia
563 505 753 543 nuncupata
781 511 821 532 ex
849 512 912 533 una
935 501 1063 534 urbium
1092 502 1317 544 Palaestinae,
1347 513 1432 544 quae
1451 501 1595 535 Ascalon
1623 502 1760 544 (licitur,
1788 504 1876 537 unde
1904 505 1994 548 prius
2008 502 2031 522 ³⁶

84 550 224 585 advecta
252 555 307 583 est.

250 601 306 635 1⁴.
359 601 483 633 Allium
506 601 649 641 dictum,
677 602 767 644 quod
796 603 894 635 oleat.

186 653 345 697 Ulpicum
373 653 599 696 appellatum,
628 653 721 696 quod
749 654 818 686 allii
846 655 987 688 odorem
1015 655 1149 687 habeat.

184 704 347 737 Phaselos
359 699 383 719 ³⁷
411 705 522 737 vocari
549 705 639 737 aiunt
665 717 683 737 a
710 705 856 738 Phaselo
884 707 988 739 insula
1016 707 1202 745 Graeciae,
1229 706 1285 737 ubi
1313 716 1379 737 non
1407 707 1526 748 procul
1554 718 1648 738 mons
1676 706 1842 751 Olympus¹
1870 714 1926 740 est.

248 754 307 791 15,
368 755 530 797 Portum,
569 757 660 790 cuius
694 768 818 801 genera
862 755 982 798 duoffl,
1036 759 1219 802 capitatum
1255 762 1288 790 et
1329 757 1441 790 sectile
1452 754 1495 797 ³³,
1549 759 1662 791 sectile
1697 770 1854 802 parvum,
1903 759 2031 803 capita-

83 813 150 839 tum
191 804 339 840 maius⁴⁰.

182 858 267 891 Beta
295 858 387 903 apud
414 870 472 891 nos
500 859 598 892 oleris
624 871 740 904 genuS,
769 859 859 902 apud
889 860 1038 893 Graecos
1066 856 1202 892 litera⁴¹.

183 910 310 943 Blitum
339 921 444 955 genus
469 911 584 952 oleris,
612 911 740 955 saporis
769 911 916 951 evanidi,
946 912 1038 955 quasi
1065 912 1137 944 vilis
1164 912 1252 944 beta.

250 961 308 996 16.
363 961 567 996 cucumeres
594 963 686 1006 quod
720 963 782 994 sint
808 963 974 996 interdum
1008 959 1169 1008 saporis⁴²
1203 962 1322 1000 amari,
1361 962 1416 1005 qui
1451 961 1566 996 dulces
1603 963 1691 995 nasci
1729 961 1964 1005 perhibentur,
2007 964 2032 994 si

81 1013 167 1046 lacte
194 1013 323 1045 mellito
352 1025 467 1047 eorum
493 1026 606 1047 semen
632 1013 835 1047 infundatur.

182 1063 364 1098 cucurbita
387 1066 416 1098 *.

180 1116 361 1160 Apopores
387 1118 414 1150 ⁸¹.

181 1167 279 1212 Pepo
308 1167 337 1201 *.

180 1217 361 1264 Melipepo
386 1218 415 1253 *.

180 1269 360 1314 Ocymum.
415 1269 548 1304 Graeca
575 1270 708 1303 nomina
736 1275 809 1303 sunt
835 1276 867 1303 et
893 1271 992 1314 origo
1026 1281 1141 1302 eorum
1170 1270 1294 1302 Latinis
1321 1266 1488 1302 incerta⁴'⁴.

181 1321 265 1355 Olus
291 1321 394 1354 molle
421 1321 452 1353 *.

180 1373 334 1417 Atriplex
362 1374 391 1405 *.

180 1421 375 1458 Brassica⁴⁴.

181 1475 375 1519 Olysatrum
396 1475 425 1506 *.

244 1527 302 1560 17.
356 1525 558 1559 Nasturtium
585 1535 686 1569 sapor
713 1524 914 1569 appellavit,
944 1523 1037 1568 quod
1065 1523 1244 1557 acrimonia
1271 1524 1319 1556 sui
1345 1534 1459 1555 nasum
1486 1528 1648 1566 torqueat.

246 1578 305 1612 18.
360 1577 489 1621 Fungi,
517 1576 610 1619 quod
638 1575 722 1608 aridi
750 1576 862 1620 ignem
891 1581 1069 1620 acceptum
1098 1575 1304 1619 concipiant,
1347 1575 1418 1621 φῶς
1447 1575 1534 1607 enim
1562 1574 1647 1620 ignis
1675 1578 1740 1615 est,
1776 1573 1866 1606 unde
1894 1578 1927 1606 et
1954 1584 2029 1607 esca

78 1629 183 1674 vulgo
211 1628 350 1672 dicitur,
390 1628 482 1672 quod
510 1628 549 1660 sit
575 1628 681 1661 fomes
708 1627 793 1672 ignis
822 1633 855 1660 et
881 1628 1126 1660 nutrimentum.
1187 1627 1254 1659 Alii
1281 1627 1397 1660 dicunt
1425 1626 1550 1671 fungos
1577 1630 1736 1667 vocatos,
1777 1624 1869 1669 quod
1898 1625 1958 1656 sint
1990 1635 2028 1657 ex

77 1692 191 1714 eorum
220 1693 345 1726 genere
372 1680 509 1724 quidam
537 1679 793 1723 interemptorii,
825 1679 914 1712 unde
941 1684 974 1712 et
1001 1679 1159 1712 defuncti.

243 1732 301 1765 19.
355 1733 387 1765 T
391 1733 493 1765 ubera
519 1736 629 1764 tumor
654 1736 761 1764 terrae
789 1731 918 1775 prodit,
946 1742 1052 1774 eaque
1080 1742 1178 1764 causa
1204 1740 1326 1762 nomen
1353 1728 1401 1761 illi
1427 1728 1531 1762 dedit.

181 1780 316 1816 Volvi³⁵
341 1779 475 1823 dictim,
509 1783 602 1827 quod
630 1783 692 1815 sint
724 1783 887 1816 volubiles
913 1788 946 1815 et
972 1782 1115 1816 rotundi.

180 1837 392 1880 Asparagus‚
420 1835 513 1879 quod
542 1835 692 1879 spinosus
713 1840 745 1867 et
771 1846 869 1879 asper
896 1831 987 1875 situ,
1016 1830 1088 1867 utffi
1113 1833 1221 1866 frutex
1249 1831 1334 1871 eius,
1369 1842 1408 1863 ex
1436 1842 1503 1874 quo
1530 1831 1687 1876 gignitur.

77 1953 122 1987 34)
147 1952 195 1980 Sic
207 1952 263 1980 Gu-
283 1954 308 1982 1.
325 1953 353 1982 2.
372 1961 420 1979 va.
442 1966 482 1972 -
506 1953 591 1980 intas
613 1954 653 1980 sit
673 1953 754 1991 vulg.
775 1970 813 1974 —
837 1950 883 1990 35)
900 1951 948 1979 Sic
972 1951 1028 1980 Gu.
1074 1954 1100 1982 1.
1115 1953 1143 1981 2.
1166 1960 1211 1989 pr.
1233 1948 1302 1986 va.]
1327 1950 1424 1986 I’qm,
1446 1946 1599 1986 Melipepo
1623 1947 1796 1986 (Mellipepo
1810 1947 1866 1977 Gu.
1880 1950 1903 1978 1.
1920 1950 1948 1978 2.
1963 1947 2024 1985 plt)

78 1999 106 2027 1.
129 1997 160 2027 2.
183 2011 219 2015 -
245 2005 304 2022 ηοη
329 1993 422 2021 aliud
441 1999 482 2020 est
505 1995 587 2032 vulg.
608 2011 649 2017 —
681 1995 730 2035 36)
747 1997 886 2034 primum
915 2004 960 2023 va.
986 2009 1029 2016 —
1075 1994 1221 2030 Ocsimam
1251 1989 1402 2030 (Ocimtm
1442 1990 1498 2018 Gu.
1524 1993 1550 2021 1.
1578 1991 1609 2020 2.
1635 1989 1707 2029 va.)
1745 1991 1863 2019 Graeca
1899 1991 2024 2017 nomina

76 2036 123 2076 37)
146 2037 312 2065 Plzaselum
338 2037 426 2065 AreV-
452 2053 489 2056 —
513 2037 559 2075 38)
581 2037 628 2065 Sic
646 2038 701 2066 Gu.
719 2042 745 2069 l.
768 2041 798 2068 2.
815 2054 855 2059 —·
879 2036 940 2064 clleo
959 2047 1028 2074 gen.
1071 2042 1141 2063 sunt
1165 2040 1191 2062 et
1215 2033 1283 2072 (om.
1308 2030 1360 2072 al.)
1385 2034 1470 2070 origo
1493 2043 1596 2061 eorum
1619 2033 1734 2061 incerta
1757 2032 1827 2061 add.
1860 2033 1918 2061 Gu-
1945 2035 1972 2062 1.
1993 2035 2023 2063 2.

77 2081 175 2118 vulg.,
199 2090 275 2118 quae
299 2079 367 2108 add.
393 2083 480 2114 sunt,
505 2079 586 2116 quod
609 2090 664 2108 om.
684 2081 738 2108 Gu.
757 2084 782 2111 1.
800 2082 827 2110 2.
845 2090 891 2108 va.
915 2096 954 2100 —-
979 2080 1027 2115 39)
1070 2089 1115 2117 pr.
1139 2088 1183 2105 va.
1208 2077 1273 2111 An,
1306 2075 1356 2113 qui
1386 2085 1442 2103 om.
1464 2085 1515 2105 vv.
1548 2076 1666 2103 Graeca
1701 2099 1706 2105 .
1739 2098 1744 2104 .
1768 2078 1891 2103 incerta.
1914 2093 1950 2097 —
1977 2075 2022 2112 44)

77 2124 233 2160 capitatus
257 2128 282 2149 et
305 2122 418 2149 sectilis
449 2121 505 2148 Gu.
529 2124 556 2152 2.
580 2131 628 2151 va.
658 2139 697 2143 —
722 2121 769 2163 40)
794 2123 841 2150 Sic
859 2123 915 2151 Gn.
936 2124 964 2152 1.
986 2137 1028 2143 —
1070 2121 1222 2149 Bra-§sica
1245 2117 1279 2145 id
1300 2123 1343 2145 est
1367 2118 1501 2154 acanthi,
1524 2117 1559 2145 id
1579 2123 1621 2145 est
1644 2120 1717 2147 vitis
1739 2118 1819 2148 alba.
1853 2119 2022 2147 olisatrum

80 2165 258 2204 Capitatum
286 2165 410 2201 melias,
439 2164 539 2191 sectile
558 2165 728 2201 parvulum
749 2165 829 2203 vulg.
853 2181 891 2186 —
915 2164 1029 2192 sectilis
1067 2174 1164 2201 genus
1185 2161 1326 2189 herbulae
1350 2161 1484 2188 Latinae
1506 2161 1543 2188 al.
1567 2160 1635 2190 add.
1663 2179 1698 2183 -—
1725 2160 1773 2200 45)
1797 2161 1895 2189 Bulbi
1917 2161 1965 2188 Ar.
1981 2173 2020 2178 -·

71 2218 209 2246 parvas,
241 2209 399 2245 capitatus
421 2207 521 2234 maior
549 2207 605 2236 Gu.
626 2208 657 2237 2.
681 2217 745 2243 va,
777 2217 852 2245 quae
876 2207 945 2236 edit.
969 2217 1026 2235 om.
1069 2208 1116 2242 46)
1140 2205 1188 2232 Sic
1216 2205 1272 2232 Gu.
1300 2207 1326 2234 1.
1351 2219 1386 2224 —
1420 2204 1569 2242 appellati
1589 2204 1670 2242 vulg.
1699 2220 1734 2226 —
1770 2205 1816 2239 47)
1841 2204 1888 2231 Sic
1917 2202 1972 2229 Gu.
1995 2202 2018 2229 1.

76 2251 175 2278 sectile
193 2260 328 2288 parrum
357 2266 398 2270 —
425 2250 527 2276 maius
556 2258 612 2286 pro
643 2249 750 2276 melia-5
779 2250 835 2278 Gu.
859 2253 885 2280 1.
910 2260 956 2288 pr.
985 2265 1026 2270 —
1069 2264 1109 2269 —
1133 2246 1218 2285 quod
1238 2248 1279 2274 sit
1301 2247 1444 2284 spinosus
1474 2252 1501 2273 et
1527 2257 1614 2284 asper
1646 2246 1696 2275 Ar.
1723 2263 1763 2268 --
1792 2244 1876 2284 quod
1895 2244 2018 2280 spinam

77 2295 121 2330 41)
145 2298 188 2321 esc
209 2292 275 2321 add.
292 2292 374 2329 vulg.
389 2308 427 2313 —
453 2301 510 2320 om.
535 2291 592 2320 Gu.
609 2293 635 2322 1.
648 2293 676 2321 2.
702 2306 744 2312 —-
765 2292 810 2327 42)
833 2293 954 2330 saporis
975 2291 1027 2319 ad·
1069 2296 1095 2318 et
1118 2300 1226 2328 aspera
1248 2291 1289 2316 sit
1322 2289 1376 2316 Gu.
1399 2290 1428 2319 2.
1453 2305 1490 2311 —
1523 2287 1607 2327 quod
1635 2290 1676 2316 sit
1704 2290 1827 2327 spinosa
1854 2291 1879 2313 et
1909 2294 2017 2320 aspera

79 2335 140 2364 didi
163 2345 178 2364 e
201 2336 257 2363 Gu.
277 2337 305 2366 1.
328 2351 368 2356 —
398 2334 445 2370 43)
468 2333 525 2363 Vv.
551 2333 733 2366 cacat-hita,
763 2333 918 2371 Apopores
941 2333 1026 2372 (Ap-
1069 2333 1151 2370 vulg.
1181 2348 1219 2353 —
1251 2333 1296 2365 48)
1321 2331 1368 2359 Sic
1390 2330 1446 2360 Gu.
1474 2334 1504 2363 2.
1529 2348 1568 2353 —
1593 2337 1619 2359 et
1641 2331 1719 2369 vulg.
1740 2347 1780 2353 —
1802 2338 1857 2356 ΟΠ]-
1883 2326 1930 2354 ΑΓ·

75 2388 198 2415 poperes
222 2378 278 2406 Gu.
301 2379 328 2408 1.
349 2393 390 2399 -—
413 2387 554 2416 apoperes
571 2374 635 2416 pr.)
665 2375 756 2414 [sane
779 2375 847 2405 add.
869 2376 899 2407 h.
923 2377 943 2405 l.
967 2376 1024 2404 Gu.
