2264 2830
802 116 1048 150 ORlGlNUM
1087 117 1232 151 LlBER
1259 119 1332 152 XV.

1966 116 2040 152 463

261 213 319 246 24.
374 208 574 246 Chcbron³²
600 211 712 246 civitas
741 211 885 244 Iudaeae
897 208 932 251 ³³,
959 224 1045 255 quac
1072 213 1241 255 quondam
1270 213 1451 246 vocabatur
1471 208 1630 255 Arbee³⁸‚
1658 211 1792 245 condita
1812 216 1860 244 est
1883 223 1901 244 a
1918 212 2040 256 gigan-

92 267 178 299 tibus
206 272 281 297 ante
309 271 439 308 septem
463 276 578 302 annos,
610 275 709 306 quam
738 264 780 295 ab
809 265 853 295 eis
880 264 982 296 'l'anis
1010 265 1086 297 urbs
1108 266 1257 309 Avgypsl
1285 265 1491 297 conderetur.

92 320 136 351 ita
160 323 295 357 vocata,
324 317 416 360 quod
441 317 484 349 ibi
511 321 575 348 tres
602 315 814 359 patriarchae
834 316 954 360 sepulti
983 322 1071 357 sunt,
1101 323 1132 349 et
1160 323 1296 360 quartus
1319 317 1440 349 Adam.

93 382 133 403 ex
161 382 226 403 uno
254 369 362 402 11111100
390 367 557 401 Abrahae.

258 420 317 452 25.

1546 264 1622 308 Ipsa
1647 269 1693 296 est
1716 264 1829 296 Arbee
1857 275 1875 295 a
1901 275 2040 298 numero

1495 316 1571 360 lpsa
1600 321 1647 348 est
1675 321 1707 348 et
1730 315 1886 348 Mambre
1912 321 2041 355 vocata,

370 420 572 458 Samariam,
600 430 618 450 a
646 430 712 462 qua
740 419 845 450 omnis
877 419 993 463 regio,
1032 431 1117 462 quae
1145 421 1233 453 circa
1262 431 1334 452 eam
1368 419 1444 458 suit,
1481 431 1601 451 nomen
1629 419 1777 463 accepit,
1812 418 2041 453 Sennacherib

92 484 150 506 rex
179 472 389 515 Assyriorum
423 471 617 511 construxit,
652 471 848 513 vocavitque
881 467 989 503 eam²¹⁵
1024 472 1229 511 Samariam,
1266 471 1300 504 id
1327 476 1375 503 est
1401 471 1604 510 custodiam,
1640 471 1738 514 quia,
1774 470 1909 513 quando
1941 470 2041 503 lsrael

93 524 256 557 transtulit
284 524 315 555 111
338 522 482 560 Medos,
508 523 553 555 ibi
582 523 737 555 custodes
765 520 974 556 constituitffl’.

1028 524 1126 556 llanc
1154 523 1328 555 obsidione
1355 527 1487 566 captam
1516 522 1701 555 Antiochus
1730 522 1802 554 solo
1832 522 2041 565 coaequavit.

92 576 201 617 Quam
230 580 346 619 posteo.
372 573 527 606 Herodes
557 574 738 606 instaurans
773 587 791 607 a
822 572 1095 615 fundamentis³³,
1132 575 1163 607 in
1191 575 1356 607 honorem
1391 574 1535 618 Augusti
1571 576 1775 618 Augustam,
1803 574 1837 606 id
1861 579 1909 607 est
1934 574 2041 606 Seba-

91 628 185 660 stiam
210 627 344 659 Graeco
372 637 523 657 sermone
552 626 691 659 vocarit.

746 627 795 658 lbi
824 631 895 658 sunt
923 624 1078 670 sepultiffl
1106 627 1278 659 llelisaeus
1299 632 1331 658 et
1351 626 1475 658 Abdias
1498 625 1710 670 Prophetae,
1739 631 1781 667 et,
1808 637 1877 669 quo
1888 622 1913 641 ³⁰
1940 621 2041 658 11011ω

91 679 157 712 fuit
183 678 290 711 maior
317 661 413 710 inteltt
426 683 519 709 natos
547 679 740 715 mulierum,
770 679 918 721 Baptista
945 679 1084 710 loannes
1099 674 1133 709 ⁴¹.

254 728 313 762 26.

257 780 318 815 27.

89 895 249 929 purpura.

255 934 313 969 28.
366 935 551 969 Phoenices
579 948 598 968 a
624 935 726 968 rubro
754 935 835 967 mari
862 934 1006 978 profecti
1019 932 1058 976 ¹³,
1094 935 1257 968 Sidonem
1285 934 1568 979 opulentissimam
1600 934 1717 966 urbem

89 998 189 1030 quam
233 999 251 1019 a
285 987 423 1030 piscium
461 988 560 1031 copia
595 987 702 1019 Sidon
715 982 739 1002 ⁴⁵
773 987 1036 1030 appellaverunt.

367 729 586 762 'siberiadem
615 741 693 762 vero
721 730 876 762 Herodes
905 730 986 762 alius
1013 731 1044 761 in
1072 729 1197 762 ludaea
1224 729 1255 760 in
1283 725 1482 761 1101101011112
1509 728 1636 761 Tiberii
1667 728 1815 761 Caesaris
1843 727 2005 760 condidit.

371 781 481 824 Tyrus
509 782 587 814 urbs
614 781 822 814 Phoenicum
847 781 981 814 condita
1009 793 1027 812 a
1049 781 1274 813 Phoenicibus
1292 781 1361 813 suit.

90 832 162 876 regi
196 832 369 865 Salomoni
403 833 634 872 deferebatur,
677 834 708 865 in
746 845 811 876 qua
844 833 970 876 optima
1000 844 1150 877 purpura
1187 833 1357 877 tinguitur.

1416 780 1513 813 llaec
1541 786 1587 812 est
1615 781 1744 820 civitas,
1773 791 1811 812 ex
1833 791 1899 822 qua
1926 789 2040 812 aurum

1430 831 1533 864 Unde
1569 836 1600 864 ct
1633 832 1738 875 Tyria
1773 831 1890 864 dicitur
1923 830 2042 863 nobilis

1730 929 1753 949 ⁴¹
1783 936 2043 972 construxerunt,

1976 983 2043 1027 Ipsi

1107 988 1193 1020 Nam
1229 987 1354 1031 piscem
1390 986 1577 1019 Phoenices
1611 982 1746 1018 sidon'ffi
1778 989 1908 1020 vocant.

89 1039 190 1072 etiam
216 1039 346 1082 Tyrum
375 1039 406 1071 in
434 1039 549 1082 Syria,
577 1039 639 1083 ipsi
668 1038 799 1071 blicam
824 1039 857 1070 in
871 1039 1005 1081 Africa,
1034 1039 1249 1084 Hipponem,
1276 1038 1412 1083 Leptim
1430 1038 1578 1081 aliasque
1606 1038 1705 1071 urbes
1732 1037 1764 1070 in
1792 1048 1851 1070 ora
1878 1035 2042 1069 maritima

90 1091 322 1124 condiderunt.

255 1141 315 1175 29.

88 1193 165 1225 bem
193 1192 225 1224 in
253 1192 392 1226 Oceano
421 1193 660 1231 condiderunt,
688 1205 829 1237 eamque
858 1194 973 1238 lingua
1000 1205 1058 1227 sua
1086 1190 1239 1226 (1111105ῃ
1267 1194 1527 1226 nominaverunt.

370 1141 437 1184 ipsi
465 1140 603 1173 Thebas
632 1141 662 1173 in
690 1141 834 1174 Boeotia
864 1142 951 1175 duce
983 1141 1136 1183 Cadmo,
1172 1141 1235 1185 ipsi
1264 1146 1435 1186 postremo
1462 1142 1495 1174 in
1524 1141 1638 1175 ultima
1675 1141 1764 1173 orbis
1791 1139 1963 1172 tendentes
1986 1147 2040 1168 ur>

1582 1194 1668 1225 Nam
1695 1204 1766 1225 mos
1794 1196 1863 1224 erat
1889 1189 2041 1231 antiquus

87 1243 296 1278 Phoenicum
322 1244 430 1288 gentis
459 1241 570 1277 011111Μ
598 1245 709 1277 multis
737 1246 832 1277 simul
861 1245 1032 1278 mercandi
1066 1256 1165 1278 causa
1193 1256 1212 1276 a
1239 1244 1342 1277 domo
1369 1245 1556 1288 proticisci,
1594 1249 1627 1277 et
1655 1256 1728 1277 cum
1756 1242 1941 1275 incolarum
1969 1240 2040 1271 ani—

87 1307 161 1328 mos
189 1296 394 1329 commercio
422 1307 532 1327 rerum
560 1295 611 1327 his
624 1293 648 1312 ⁴⁹

87 1346 208 1379 idonea
234 1347 450 1385 ridebantur,
478 1358 610 1390 capere.

254 1397 312 1430 30.
366 1397 417 1428 Ex
444 1397 480 1429 iis
508 1398 661 1442 prosecta
689 1402 721 1429 et
756 1397 845 1430 Dido
873 1398 904 1430 in
932 1398 1005 1430 litus
1019 1394 1042 1415 ⁵¹

673 1301 748 1328 ante
775 1297 1020 1340 incognitarum
1052 1297 1115 1328 sibi
1143 1296 1371 1329 conciliassent
1382 1292 1425 1336 ⁵⁰,
1453 1297 1546 1336 loca,
1580 1307 1666 1338 quae
1694 1293 1877 1328 condendis
1904 1292 2040 1325 urbibus

1070 1397 1206 1431 Africae
1230 1399 1347 1431 urbem
1375 1397 1548 1438 condidit,
1592 1402 1624 1430 et
1651 1395 1861 1430 Carthadam
1890 1393 2040 1426 nomina-

88 1449 149 1489 vit,
178 1449 271 1492 quod
297 1448 468 1481 Phoenica
481 1445 506 1465 ⁵²
532 1449 646 1493 lingua
674 1449 829 1493 exprimit
853 1450 1018 1482 civitatem
1046 1460 1183 1491 novam,
1210 1461 1288 1482 mox
1316 1461 1467 1482 sermone
1495 1460 1589 1482 verso
1602 1445 1627 1465 ‘²¹³
1655 1447 1831 1491 Carthago
1860 1450 1908 1479 est
1935 1445 2041 1478 dicta:

88 1500 177 1534 hanc
206 1500 322 1545 Scipio
355 1500 488 1532 delevit.

544 1501 641 1541 Quae
668 1508 779 1533 autem
806 1512 894 1534 1111110
922 1507 986 1539 est,
1022 1507 1138 1544 postea
1166 1512 1185 1533 a
1213 1502 1374 1534 Romanis
1407 1500 1543 1534 condita
1571 1512 1604 1532 es

1608 1504 1619 1531 t
1633 1496 1666 1533 5³.
1725 1498 1901 1542 Carthago
1929 1501 2040 1530 autem

87 1558 184 1585 antea
212 1553 325 1592 Birsa,
352 1556 428 1595 post
441 1548 465 1568 ⁵⁵
492 1551 603 1594 Tyrus
625 1552 714 1584 dicta
742 1557 805 1592 est,
834 1552 955 1585 deinde
982 1552 1167 1596 CarthagO.

252 1603 311 1636 31.

87 1655 250 1700 Aegypto
277 1654 428 1699 regnavit
438 1650 472 1688 ⁵⁷.

87 1712 170 1741 runt

87 1758 168 1792 roris
193 1757 382 1792 ostendunt.

365 1602 558 1647 Memphim
593 1603 758 1636 civitatem
797 1604 947 1649 Aegypti
983 1603 1171 1636 aedificavit
1204 1602 1372 1648 Epaphus
1408 1602 1495 1635 filius
1529 1602 1617 1635 Iovis
1630 1597 1671 1641 ⁵⁶,
1717 1611 1794 1633 cum
1828 1600 1861 1633 in
1895 1597 2040 1633 secunda

525 1655 622 1688 Haec
649 1660 698 1688 est
726 1656 822 1696 urbs,
851 1652 944 1689 ubiffl
965 1662 1055 1689 carta
1085 1655 1245 1696 nascitur,
1279 1651 1372 1689 ubi³¹⁹
1400 1654 1499 1688 etiarn
1528 1648 1685 1698 ο1)111111“’θ
1712 1651 1940 1687 mathematici
1967 1650 2040 1681 sue-

224 1707 309 1739 Nam
334 1706 449 1738 urbem
474 1705 563 1740 hanc
575 1703 597 1723 ¹³¹
625 1707 763 1753 magicis
790 1708 913 1741 artibus
941 1707 1089 1741 deditam
1119 1707 1246 1752 pristini
1273 1718 1378 1750 usque
1406 1705 1449 1739 ad
1477 1717 1633 1750 praesens
1664 1709 1796 1749 tempus
1823 1701 1964 1747 vestigia
1987 1711 2040 1733 er-

251 1808 312 1844 32.
365 1808 468 1842 Tanis
498 1810 693 1854 metropolis
722 1810 890 1855 Aegypti,
919 1810 976 1844 ubi
1005 1810 1139 1845 Pharao
1167 1809 1248 1852 fuit,
1283 1813 1316 1843 et
1342 1807 1479 1852 Moyses
1506 1812 1625 1842 cuncta
1653 1807 1747 1851 signa
1775 1804 1871 1846 fecit,
1899 1802 2039 1847 quaein

88 1919 136 1955 33)
160 1916 256 1946 Iudae
280 1919 310 1946 Z.
334 1933 375 1939 —
405 1916 450 1954 34)
475 1918 523 1945 Sic
548 1919 579 1947 Z.
602 1919 650 1949 Ar.
673 1935 709 1940 -
739 1919 819 1947 Arbe-
841 1919 922 1956 vulg.
947 1924 974 1947 et
995 1919 1037 1948 sic

88 1970 170 1989 mox.
198 1976 241 1982 —
267 1959 315 2002 35)
339 1971 404 1988 eam
427 1960 527 1988 addidi
551 1971 566 1989 e
589 1962 644 1991 Gu.
671 1965 696 1992 1.
716 1978 753 1983 —
784 1962 831 1997 36)
856 1962 904 1989 Sic
927 1962 958 1992 Z.
983 1963 1038 1990 Gu.

90 2008 118 2035 1.
139 2006 167 2035 2.
191 2004 238 2039 (in
255 2003 326 2040 om.)
350 2013 395 2041 pr.
418 2013 461 2030 va.
487 2002 626 2041 (utraque
649 2004 718 2033 edit.
743 2004 928 2042 custodiam)
950 2006 1037 2034 Arev.

87 2062 128 2068 --
153 2046 240 2084 Vulg.
264 2056 357 2084 quum
381 2044 504 2083 quando
528 2046 581 2073 lar.
604 2051 730 2081 transt..
754 2048 798 2076 ibi
820 2049 1039 2075 constituit.—

87 2088 133 2126 37)
159 2088 208 2116 Sic
232 2089 291 2117 Gu.
309 2091 336 2119 1.
359 2104 401 2110 —-
424 2087 555 2124 asund.
579 2090 647 2118 inst.
670 2091 750 2127 vulg.
776 2105 817 2111 ——
840 2093 888 2125 35)
911 2091 958 2118 Sic
981 2090 1038 2118 Gu.

88 2133 117 2161 1.
136 2148 173 2152 —
197 2131 309 2170 sepulti
331 2136 402 2158 sunt
416 2130 460 2158 ed.
483 2130 571 2160 Goth.
597 2149 634 2153 —
658 2133 712 2159 sili
733 2138 804 2160 sunt
821 2133 902 2170 vulg.
928 2150 964 2154 —
989 2130 1038 2170 33)

89 2175 142 2212 qui
166 2174 222 2201 Gu.
239 2176 266 2204 2.
289 2189 332 2195 —
364 2174 412 2208 40)
437 2184 495 2200 non
525 2183 584 2203 0111.
607 2174 663 2204 Gu.
682 2177 710 2204 2.
730 2191 770 2197 —·
793 2177 938 2213 nonfuit
961 2177 1038 2203 inter

88 2222 152 2244 nat.
183 2216 255 2244 mul.
299 2216 356 2245 GU.
383 2219 408 2245 1.
445 2226 500 2254 pro
540 2215 620 2253 vulg.
673 2217 751 2244 inter
780 2223 843 2246 nat.
875 2219 949 2246 mul.
979 2228 1038 2245 nun

80 2260 156 2296 fuit.
181 2276 222 2281 —
251 2269 309 2286 non
333 2259 431 2286 maior
454 2268 501 2286 va.
537 2273 574 2278 —
604 2256 653 2297 41)
679 2259 740 2289 Ivlz,
763 2262 857 2299 Bapt.
881 2262 911 2291 Z.
934 2271 981 2289 va.
1000 2277 1035 2281 —

87 2299 136 2342 42)
159 2302 207 2330 Sic
231 2302 286 2329 Gu.
312 2304 337 2332 1.
370 2317 408 2322 —
443 2302 475 2329 in
507 2302 625 2328 nomine
658 2301 737 2339 vulg.
766 2318 806 2322 ——
844 2305 891 2340 43)
915 2304 997 2342 prcfi
1019 2313 1039 2330 a

91 2345 170 2372 rubr.
195 2355 273 2373 mar.
298 2344 354 2372 Gu.
378 2345 406 2374 2.
431 2359 468 2365 —
501 2353 583 2371 mare
605 2343 642 2371 al.
662 2353 709 2383 pr.
732 2360 774 2365 —
804 2355 823 2371 (ι
846 2347 929 2377 rubr,
954 2346 1038 2384 prcf.

93 2393 167 2413 mar.
189 2387 236 2416 Ar.
263 2403 294 2408 -—
330 2385 376 2424 4-1)
400 2386 450 2414 510
481 2387 538 2416 Gu.
565 2389 594 2418 1.
620 2402 662 2408 —
694 2386 759 2415 urb.
790 2388 869 2425 apul.
892 2389 974 2426 vulg.
998 2403 1039 2408 -

1081 1924 1313 1948 construxerunt
1336 1928 1391 1956 pro
1417 1917 1499 1953 vulg.
1524 1914 1722 1944 condiderunt
1746 1915 1803 1943 Gu.
1828 1917 1855 1945 1.
1872 1916 1902 1946 2.
1926 1913 1975 1943 Ar.
2001 1928 2039 1933 --

1080 1962 1130 2002 45)
1155 1961 1294 1991 Sidonem
1319 1961 1349 1989 Z.
1375 1977 1412 1982 --
1443 1960 1491 1996 46)
1515 1958 1655 1988 Sidonem
1679 1968 1725 1986 va.
1749 1974 1789 1980 —
1825 1954 1874 1996 47)
1898 1954 2040 1984 A'acades

1082 2006 1115 2034 Z.
1139 2021 1180 2026 —
1206 2002 1256 2044 40)
1282 2013 1349 2030 cum
1373 2012 1432 2030 om.
1455 2002 1486 2032 Ζ,
1511 2017 1548 2023 -—
1572 2003 1620 2038 49)
1644 2001 1693 2029 Sic
1707 2001 1738 2028 Z.
1765 2000 1822 2028 Gu.
1841 2003 1868 2030 1.
1884 2002 1913 2030 2,
1938 2015 1976 2020 -
2000 1999 2040 2024 iis

1080 2048 1164 2083 vulg.
1188 2063 1225 2067 —
1257 2044 1306 2085 50)
1329 2045 1527 2072 conciliarent
1551 2044 1608 2075 Gu.
1627 2047 1654 2075 1.
1687 2060 1728 2066 —
1765 2041 1813 2081 51)
1838 2043 1871 2070 ίη
1893 2042 1981 2069 litore
2003 2040 2039 2067 al.

1080 2106 1122 2111 —
1144 2091 1191 2125 52)
1216 2088 1385 2116 Phoenicia
1410 2088 1456 2116 Ar.
1492 2103 1533 2108 —
1566 2085 1613 2126 53)
1637 2097 1719 2114 uer-⁹⁰
1742 2096 1828 2113 serm.
1852 2085 1883 2114 Z.
1907 2100 1948 2105 —
1971 2093 2038 2110 scr*

1081 2142 1196 2159 monem
1220 2141 1276 2159 om.
1303 2141 1386 2158 verso
1411 2132 1469 2158 Gu.
1494 2133 1523 2160 1.
1544 2146 1586 2151 —
1607 2128 1653 2168 54)
1682 2129 1729 2158 Sic
1752 2129 1784 2157 Ζ.
1805 2128 1863 2157 Gu.
1893 2129 1920 2159 1.
1942 2128 1971 2154 2-
1990 2133 2036 2151 VS·

1080 2176 1130 2203 Ar.
1154 2191 1195 2196 —
1219 2180 1260 2201 est
1291 2172 1378 2204 cond.
1408 2172 1489 2210 vulg.
1511 2188 1553 2194 —
1581 2170 1630 2211 55)
1661 2172 1710 2200 Sic
1735 2172 1791 2200 Gu.
1814 2173 1841 2201 1.
1865 2183 1905 2193 υ-
1931 2171 2037 2212 postea

1080 2217 1163 2255 vulg.
1190 2233 1227 2238 —
1253 2216 1413 2254 Karthago
1438 2216 1534 2246 Gu.1.
1551 2218 1578 2246 2.
1602 2215 1700 2253 priore
1719 2214 1785 2242 loco
1809 2215 1839 2239 et
1861 2214 2034 2257 posterlore.

1083 2278 1122 2283 —
1150 2258 1197 2299 56)
1222 2261 1270 2288 Sic
1301 2261 1356 2287 Gu.
1382 2262 1408 2289 1.
1431 2275 1465 2282 -
1490 2258 1550 2287 loe.
1570 2258 1618 2295 sil.
1634 2258 1714 2293 vulg·
1737 2270 1778 2276 -
1800 2255 1848 2289 57)
1871 2250 1992 2295 Sic-(xu-
2008 2251 2034 2277 1.

1081 2318 1123 2323 -—
1145 2307 1284 2340 regnaret
1313 2302 1393 2339 vulg.
1420 2317 1463 2322 -
1491 2299 1539 2339 58)
1565 2301 1614 2327 510
1645 2301 1673 2327 Ζ.
1707 2297 1763 2327 Gu.
1788 2299 1815 2326 1.
1845 2308 1886 2316 ——
1916 2300 1948 2317 zn
1971 2300 2034 2328 qua

1081 2345 1162 2382 vulg.
1187 2360 1226 2368 —-
1248 2346 1296 2382 59)
1321 2345 1364 2372 ι’ὸι·
1387 2344 1417 2372 Ζ.
1440 2359 1483 2365 -
1505 2344 1549 2375 60)
1573 2341 1681 2378 optimi
1704 2350 1762 2368 om.
1787 2338 1842 2364 Gu-
1865 2336 1892 2364 2.
1919 2347 1955 2354 —
1984 2334 2031 2367 61)

1082 2389 1129 2416 Sic
1148 2388 1207 2417 Gu.
1229 2391 1255 2418 1.
1279 2402 1320 2408 -
1342 2386 1423 2413 hanc
1449 2383 1514 2412 urb.
1539 2384 1619 2421 vulg.
