2264 2830
808 70 1053 108 ORlGlNUM
1081 76 1225 113 LIBER
1252 81 1293 116 11.

80 154 250 193 ventione,
293 155 527 199 dispositione,
564 161 771 205 elocutione,
806 168 984 211 memoria,

78 205 290 248 persuadere.

243 257 274 289 2.
327 258 403 301 Ipsa
431 265 540 292 autern
570 263 684 305 peritia
712 266 846 300 dicendi
880 270 911 301 in
939 272 1040 304 tribus
1069 275 1167 307 rebus?
1195 279 1360 320 consistit,
1400 287 1531 326 natura,
1568 285 1736 330 doctrina,
1773 303 1840 323 usu.

78 307 231 351 ingenio,
259 308 408 342 doctrina
444 312 595 351 scicntia,
625 326 699 347 usus¹
712 314 736 333 ²³
763 320 961 358 assiduitate.

1971 100 2021 135 69

1028 175 1303 213 pronunciatione
1336 184 1368 211 et
1403 180 1468 213 tine
1503 182 1632 223 oflicii,
1684 187 1776 229 quod
1810 196 1857 222 est
1892 194 2016 237 aliquid

1895 294 2019 330 Natura

1027 324 1122 359 Haec
1150 335 1223 361 sunt
1250 331 1335 363 enini
1364 344 1449 376 quac
1477 347 1543 368 non
1570 338 1678 372 solum
1713 340 1743 373 in
1771 349 1922 386 oratore,
1958 348 2016 380 sed

78 358 109 390 in
138 370 339 402 unoquoque
365 361 501 396 homine
527 365 654 399 artifice
682 375 912 414 exspectantur
926 371 966 417 ²¹,
995 382 1029 408 ut
1055 378 1182 422 aliquid
1212 380 1379 417 efficiat²⁵.

462 455 491 489 C
517 458 546 490 A
575 458 613 492 Ρ.
665 461 722 494 IV.

802 464 869 499 De
911 468 1053 503 tribus
1090 475 1337 516 generibus
1379 489 1626 518 causarum.

241 529 272 560 l.
333 530 476 564 Genera
504 544 694 569 causarum
722 546 795 573 sunt
826 540 932 584 tria²⁶‚
961 545 1230 592 deliberativum,
1259 552 1570 600 demonstrativum,
1603 560 1765 597 iudiciale.
1817 565 2017 600 Deliberati-

76 590 151 611 vum
177 590 283 623 genus
311 587 375 621 (τῇ,
404 583 435 614 in
463 596 529 626 quo
558 586 600 619 de
627 590 831 630 quibuslibet
853 596 1042 630 utilitatibus
1070 601 1172 641 vitae,
1204 605 1296 645 quod
1308 601 1332 621 ²⁷

294 633 594 670 Demonstrativum
623 639 721 681 est²⁸‚
756 644 787 676 in
822 657 888 688 quo
918 648 1094 683 laudabilis

76 636 238 664 tractatur.

236 683 269 716 2.
324 685 503 726 iudiciale,
531 689 562 721 in
589 702 657 733 quo
685 693 728 725 de
756 697 855 739 ipsius

1360 613 1414 639 aut
1442 608 1579 649 debeat,
1615 618 1670 644 aut
1694 626 1758 646 non
1787 614 1908 650 debeat
1935 619 2017 661 lieri,

1122 664 1264 696 persona
1300 663 1354 689 aut
1382 660 1645 704 vituperabilis²9
1679 667 1872 701 ostenditur.

877 710 1040 742 personae
1066 703 1156 736 facto
1191 713 1247 738 aut
1284 719 1433 751 poenae,
1467 718 1524 745 aut
1558 716 1695 757 praemii
1722 721 1881 752 sententia
1908 720 2015 753 (latur.

72 731 206 765 Dictum
233 741 342 768 autem
371 737 525 772 iudiciale
553 752 613 784 eu,
648 745 739 785 quod
768 747 890 782 iudicet
918 751 1106 795 hominem,
1153 762 1185 788 et
1211 761 1403 794 sententiam
1431 774 1522 796 suam
1537 761 1561 781 ³⁰
1589 768 1765 809 ostendat,
1801 777 1908 804 utrum
1943 773 2016 806 lau-

73 784 191 817 dabilis

72 943 106 970 et
130 951 196 972 non
221 941 376 974 faciendo
389 940 423 978 ³⁸.

216 788 367 830 praemio
395 789 514 833 (lignus
541 793 596 833 sit,
624 802 680 827 aut
707 804 795 831 certe
824 799 926 833 reu-5³¹
956 806 1170 839 condemnari
1199 809 1373 845 libcrarive
1384 809 1409 830 ³²

235 838 268 870 3.
321 839 579 877 Deliberativum
602 856 709 888 genus
734 857 871 884 vocatur
897 865 955 894 eo,
983 857 1077 899 quod

72 898 130 919 nus
158 887 285 932 duplex
311 896 375 930 est,
403 894 509 926 suasio
535 900 568 928 et
602 896 804 944 ‹lesuasio³⁴‚
833 904 866 936 id
895 913 942 938 est
974 905 1040 940 de³

1434 816 1601 860 supplicio
1614 814 1646 850 Ἡ,

1104 858 1148 891 de
1166 871 1364 906 unaquaque
1388 876 1424 897 re
1451 867 1483 898 in
1512 878 1552 899 eo
1570 869 1781 905 deliberatur.
1822 873 1928 905 Huius
1951 886 2013 918 ge—

1080 913 1269 954 expetendo
1281 911 1305 931 ³⁵
1333 920 1365 948 et
1392 917 1576 962 fugiend0‚
1603 920 1637 953 id
1650 918 1675 938 ³⁷
1701 928 1758 965 est,
1786 924 1829 957 de
1858 924 2012 958 faciendo

234 992 267 1024 4.
321 994 474 1028 Suasoria
503 1002 612 1031 autem
640 1000 672 1033 in
705 1002 842 1037 tribus³⁹
868 1007 950 1041 locis
978 1010 1153 1054 dividitur,
1182 1013 1339 1060 honesto,
1372 1019 1462 1061 utili,
1497 1027 1530 1054 et
1555 1024 1716 1067 possibili.
1771 1026 1867 1060 Haec
1903 1027 2016 1060 differt

70 1040 196 1083 aliquid
224 1043 438 1079 deliberativa
453 1044 491 1087 ¹⁰,
530 1051 607 1092 quia
642 1053 819 1088 ευτιεοτίειΗ

70 1093 149 1137 agit.

233 1144 267 1180 5.
322 1149 660 1187 Demonstrativum'13
691 1158 836 1201 dietum,

71 1196 282 1232 demonstrat.
336 1200 438 1241 Quod
466 1215 572 1246 genus
600 1206 681 1240 duas
710 1209 812 1243 habet

69 1249 275 1294 temporibus
302 1250 529 1297 distinguitur,
553 1261 629 1289 ante
655 1259 780 1304 ipsum,
807 1263 839 1294 in
866 1265 991 1308 ipsum,

231 1300 266 1334 6.
320 1303 408 1336 Ante
433 1305 560 1348 ipsum,
589 1313 640 1340 ut:

302 1371 344 1376 —
376 1366 445 1398 qua
472 1360 506 1388 tc
531 1360 606 1391 tum
632 1359 733 1395 laeta
759 1363 911 1399 tulerunt

294 1402 452 1440 Saecula
462 1403 486 1424 ⁴⁵
512 1426 579 1442 —.

67 1451 105 1483 ln
132 1452 251 1496 ipsum,
282 1459 337 1488 ut:

855 1065 932 1104 eget
961 1062 1064 1095 altera
1099 1064 1294 1108 persona⁴²,
1343 1070 1560 1107 deliberativa
1593 1076 1760 1110 interdum
1794 1083 1825 1110 et
1853 1078 1944 1122 apud
1981 1091 2015 1112 se

200 1094 239 1127 ln
272 1098 415 1130 suasoria
442 1105 552 1132 autem
574 1102 661 1137 duae
685 1112 772 1148 sunt,
801 1120 887 1152 quae
914 1113 988 1156 plus
1015 1115 1143 1157 valent,
1169 1129 1245 1162 spes
1272 1125 1305 1153 et
1336 1128 1451 1156 metus.

879 1165 970 1205 quod
999 1177 1265 1213 unamquamque
1299 1183 1370 1206 rem
1404 1180 1461 1207 aut
1495 1176 1665 1210 laudando
1701 1183 1758 1211 aut
1792 1181 2013 1225 vituperando

839 1213 1020 1256 species⁴⁴‚

1057 1219 1190 1252 laudem
1220 1227 1252 1254 et
1278 1225 1564 1268 vituperationem.
1625 1229 1751 1262 Laudis
1787 1231 1871 1263 ordo
1909 1232 2010 1265 tribus

1017 1274 1095 1312 post
1125 1271 1243 1314 ipsum.

297 1505 330 1539 Ο
354 1508 432 1541 sola
457 1508 624 1554 infandos
655 1513 782 1548 Troiae
807 1518 978 1554 miserata
1003 1522 1145 1558 labores
1154 1523 1188 1557 ⁴⁶.

65 1553 145 1587 Post
170 1554 300 1599 ipsum,
327 1563 377 1590 ut:

286 1607 329 1640 In
350 1608 457 1654 freta
484 1612 570 1646 dum
584 1613 695 1660 ιῙῖιιυὶἱ
721 1624 861 1653 current
873 1618 915 1665 ⁴⁷,
943 1623 1030 1657 dum
1055 1627 1227 1662 montibus
1254 1630 1400 1664 umbrae

289 1660 505 1696 Lustrabwzt
518 1661 560 1708 ⁴⁸,
599 1677 756 1702 convetu
779 1673 885 1715 polus
911 1674 996 1708 dum
1023 1678 1146 1711 sidera
1168 1685 1294 1725 puscet
1305 1679 1340 1723 ⁴⁹,

287 1710 437 1757 Semper
457 1714 565 1750 honos
590 1719 815 1765 ηοηισηᾳιιε50
840 1728 936 1758 tuum
961 1727 1153 1775 laudesque
1178 1733 1376 1766 manebunt.

64 1797 158 1836 (quod
173 1809 229 1828 om.
249 1800 347 1841 Arev.)
371 1807 491 1835 artibus
508 1809 587 1847 vulg.
610 1827 652 1833 —-
682 1812 729 1849 23)
754 1824 814 1842 usu
835 1816 890 1845 Gu.
909 1821 934 1848 1.
958 1830 1003 1858 pr.

60 1849 110 1869 va.
133 1856 174 1862 -—
195 1840 242 1882 24)
266 1846 314 1873 Sic
329 1848 384 1876 Gu.
406 1852 429 1879 1.
447 1853 475 1880 2.
491 1861 534 1889 pr.
552 1862 598 1881 va.
615 1854 652 1883 al.
670 1873 707 1878 —
731 1863 900 1894 spec-tantm
919 1862 1000 1900 vulg.

59 1897 101 1904 —
124 1883 216 1914 Grial.
234 1889 404 1926 suspicatur
415 1900 600 1930 eipelunllcr.
621 1914 664 1918 —-
685 1901 730 1932 25)
755 1901 891 1937 efficiant
909 1903 946 1932 al.
961 1921 1002 1927 -

59 1925 214 1961 efficiatur
230 1937 275 1957 va.
298 1947 339 1953 ·—
366 1932 411 1971 26)
436 1936 484 1964 Sic
503 1937 557 1966 Gu.
578 1940 603 1968 1.
626 1955 668 1960 -—-
690 1942 752 1969 tria
768 1950 841 1971 sunt
858 1945 936 1983 vulg.
961 1965 998 1970 —

57 1967 144 1995 dludi
163 1980 329 2001 causarum
345 1980 403 2002 tres
416 1978 452 2007 al.
476 1995 518 2000 —-
539 1981 588 2018 27)
613 1982 692 2020 quid
709 1984 764 2013 Gu.
779 1989 808 2017 2.
824 1986 875 2014 Ar.
891 1998 935 2015 va.
962 2006 997 2011 —

55 2013 101 2043 28)
125 2017 167 2038 est
183 2013 285 2042 addidi
302 2025 317 2044 e
331 2017 384 2045 Gu.
400 2022 426 2049 1.
449 2036 486 2040 —
511 2021 558 2062 ΞΟ)
581 2024 630 2052 Sic
655 2025 710 2053 Gn.
731 2030 756 2058 1.
780 2044 823 2048 —
844 2031 999 2067 reprelien—

56 2052 153 2080 sibilis
167 2055 246 2093 vulg.
271 2073 312 2078 —
341 2059 387 2097 30)
412 2062 460 2090 sie
483 2064 540 2094 Gu.
556 2068 582 2096 1.
606 2082 647 2089 ——
669 2072 817 2098 sententia
839 2083 897 2100 sua
918 2075 997 2112 vulg.

55 2109 96 2116 —-
117 2095 164 2135 31)
188 2098 224 2127 al.
244 2109 300 2127 om.
323 2116 363 2123 —
386 2103 423 2132 al.
445 2116 514 2133 reus
529 2108 579 2136 sit.
602 2126 643 2130 —
664 2111 712 2148 32)
735 2112 917 2153 liberarique
941 2118 996 2145 Gu.

57 2139 83 2167 1.
106 2136 158 2167 Ar.
181 2155 223 2161 —
245 2140 463 2183 deliberarique
481 2149 518 2176 al.
543 2165 582 2171 —-
613 2151 660 2191 33)
683 2154 764 2191 vulg.
779 2156 863 2186 addit
885 2158 997 2196 delae-at,

54 2179 136 2217 quod
153 2191 210 2210 om.
225 2183 281 2213 Gu.
299 2188 323 2216 1.
341 2190 367 2218 2.
384 2197 430 2217 va.
455 2206 494 2211 ——
519 2194 563 2229 34)
581 2193 630 2221 Sic
643 2196 750 2234 scripsi
767 2208 781 2226 e
797 2199 852 2227 Gu.
872 2203 898 2231 1.
917 2205 995 2232 2.-

53 2221 208 2251 dissuasio
225 2226 303 2264 vulg.
327 2229 376 2256 Sic
401 2230 548 2260 ‹le-suasor
569 2235 768 2276 Lindenbrog.
789 2241 858 2277 legit
874 2242 902 2270 in
920 2245 993 2272 Am-

53 2264 138 2293 miun.
157 2266 286 2297 Marcell.
305 2269 326 2299 Ι,
340 2273 391 2302 30.
409 2283 438 2311 p.
457 2274 529 2305 463.
551 2278 601 2306 sed
615 2280 787 2310 Dis-suasor
809 2283 917 2314 ibidem
935 2286 992 2315 Va-

51 2305 101 2337 les.
116 2307 167 2336 sol.
185 2311 256 2342 609.
278 2327 320 2333 —
342 2316 388 2351 35)
407 2314 442 2342 de
458 2326 515 2345 om.
533 2328 578 2356 pr.
603 2337 641 2342 —-
665 2322 713 2362 36)
737 2326 786 2353 SIc
811 2328 917 2366 scripsi
941 2339 991 2357 se-

52 2349 182 2380 cundum
196 2352 284 2383 Arev.
305 2370 348 2378 —
370 2360 565 2396 exspectando
579 2363 658 2403 vulg.
674 2374 741 2395 cum
756 2368 844 2398 codd.
868 2386 907 2392 —
943 2369 990 2412 37)

1047 1821 1084 1850 id
1098 1829 1140 1851 est
1158 1834 1214 1855 om.
1234 1826 1282 1854 Ar.
1307 1842 1348 1847 —
1373 1826 1419 1864 38)
1444 1826 1646 1866 defugiendo
1667 1836 1693 1857 et
1713 1841 1773 1858 non
1783 1831 1935 1867 faciendo
1961 1834 1996 1861 al.

1046 1880 1089 1886 —
1110 1865 1157 1905 39)
1181 1869 1214 1895 in
1236 1868 1337 1896 trihus
1357 1868 1456 1897 modis
1473 1871 1521 1897 vel
1535 1872 1610 1899 locis
1624 1882 1671 1902 va.
1695 1889 1736 1896 —-
1764 1873 1810 1911 40)
1834 1884 1890 1902 om.
1913 1885 1997 1913 prae-

1044 1908 1225 1945 positionem
1245 1922 1265 1938 α
1289 1916 1357 1939 ante
1373 1912 1572 1941 deliberativa
1589 1925 1603 1942 e
1623 1915 1678 1943 Gu.
1698 1918 1742 1952 1.‚
1765 1921 1799 1944 ut
1822 1916 1897 1946 Plin.
1910 1917 1944 1945 H.
1960 1918 1994 1946 N.

1044 1950 1105 1985 IX,
1128 1953 1184 1989 35,
1206 1953 1255 1985 5-1Α
1283 1953 1404 1982 Cone-lia
1421 1955 1509 1983 haud
1529 1957 1658 1985 mullum
1682 1964 1850 1987 ostrearum
1874 1961 1995 1988 conchis

1043 1992 1192 2031 differens.
1217 2012 1254 2017 —
1279 1997 1323 2030 41>
1347 2000 1491 2026 suasoria
1513 2009 1606 2037 usque
1630 2000 1667 2028 ad
1691 2000 1777 2039 apud
1796 2012 1826 2029 se
1848 2004 1915 2041 agit
1935 2013 1992 2032 om.

1044 2035 1098 2063 Gu.
1117 2039 1144 2067 2.
1160 2053 1202 2059 —-
1224 2037 1272 2077 42)
1296 2040 1424 2067 alteram
1444 2052 1607 2078 per-§onam
1632 2042 1754 2080 gothici.
1782 2060 1824 2065 —-
1858 2044 1903 2082 43)
1927 2047 1992 2073 De-

1040 2082 1275 2108 monstrativum
1297 2087 1399 2109 autem
1417 2083 1533 2112 (lictum
1552 2094 1599 2113 va.
1629 2101 1671 2107 -—
1699 2084 1746 2125 44)
1770 2088 1880 2124 species
1902 2087 1990 2116 hahet

1041 2120 1096 2148 Gu.
1112 2124 1140 2152 2.
1163 2139 1205 2144 —
1228 2122 1274 2162 45)
1299 2123 1379 2161 Virg.
1396 2127 1469 2157 Aen.
1489 2127 1517 2162 l,
1548 2128 1618 2158 605.
1644 2145 1682 2149 —
1706 2131 1749 2163 46)
1774 2129 1853 2167 Virg.
1879 2131 1947 2158 Aen·
1966 2130 1987 2163 17

1038 2163 1108 2194 597.
1131 2180 1174 2186 —
1196 2168 1241 2197 47)
1266 2173 1391 2195 currunt
1409 2169 1463 2197 Gu.
1480 2172 1509 2200 2.
1526 2172 1555 2200 3.
1573 2170 1600 2200 4,
1616 2181 1663 2200 va.
1676 2186 1719 2192 ——-
1741 2173 1788 2207 48)
1811 2173 1985 2200 lustrabun-

1037 2209 1088 2232 ίαν
1114 2216 1158 2244 pr.
1181 2224 1221 2229 —
1250 2206 1295 2247 49)
1319 2220 1448 2239 convexa
1466 2212 1559 2249 polu-5·
1581 2212 1657 2241 dum
1676 2212 1778 2242 sidera
1800 2221 1905 2253 pascet
1929 2224 1983 2242 om.

1037 2247 1093 2277 Gu.
1111 2252 1138 2280 2.
1157 2251 1185 2280 3.
1201 2251 1229 2281 4.
1252 2260 1298 2278 va.
1317 2267 1358 2274 —
1375 2254 1445 2291 pola·
1461 2255 1516 2282 (ἆυ.
1533 2258 1558 2286 1.
1582 2271 1623 2277 —
1643 2257 1745 2293 pascit
1763 2258 1817 2287 Gu,
1833 2262 1859 2288 1.
1873 2266 1981 2294 —po-

1035 2289 1080 2317 los
1094 2300 1137 2328 pr.
1159 2308 1202 2313 —
1220 2293 1319 2330 placet
1334 2305 1380 2333 pr.
1404 2312 1445 2317 —
1468 2300 1512 2334 50)
1534 2308 1637 2326 nomen
1652 2300 1679 2326 ei
1702 2299 1757 2327 Gu.
1778 2303 1804 2331 1.
1826 2317 1860 2321 —
1884 2299 1978 2326 Locus

1034 2336 1078 2360 est
1094 2332 1171 2373 Virg.
1187 2334 1258 2365 Aen.
1276 2336 1306 2374 l,
1329 2340 1400 2369 607.
