2203 2829
187 101 261 137 298
865 101 1046 137 ISIDORI
1079 101 1260 136 HISPAL.
1298 102 1442 138 EPISC.

352 193 410 227 17.
462 193 553 226 Dum
580 198 688 226 autem
716 192 804 226 idem
833 193 1036 229 Octavianus
1062 197 1128 229 iam
1156 195 1280 230 Caesar
1315 201 1347 230 et
1373 196 1554 241 imperator
1583 198 1829 243 appellaretur,
1865 200 1919 232 vel
1946 200 2127 245 Augustus,

185 253 302 293 postea
329 257 410 279 vero
436 245 515 278 dum
542 245 638 277 ludos
665 250 848 288 spectaret,
877 252 909 278 et
935 249 1191 291 pronunciatum
1216 253 1300 282 esset
1326 248 1375 280 illi
1399 260 1418 280 a
1445 250 1594 295 populo,
1629 256 1666 284 ut
1692 256 1867 284 vocaretur
1894 256 1928 284 et
1953 251 2127 292 Dominus,

185 299 293 334 statim
320 309 418 331 manu
442 297 601 338 vultuque
632 306 747 328 averso
774 295 972 331 indecoras¹
1007 299 1212 333 adulationes
1238 300 1392 344 repressit
1425 306 1457 334 et
1484 302 1618 335 Domini
1646 303 1906 346 appellationem
1938 308 1974 335 ut
2000 299 2128 336 homo²

185 350 379 392 declinavit,
415 354 514 391 atque
540 348 723 390 insequenti
759 349 813 382 die
841 361 975 383 omnem
1011 352 1177 396 populum
1212 351 1407 397 gravissimo
1439 350 1575 386 edicto³
1607 354 1785 399 corripuit,
1819 354 2068 398 Dominumque
2092 366 2128 387 se

185 401 350 447 appellari
377 395 561 444 posthaec*
589 395 673 432 nec⁵
700 398 835 433 liberis‘i
862 402 999 445 quidem
1025 404 1088 437 suis
1115 404 1272 448 permisit.
1328 403 1406 435 Fuit
1433 402 1566 438 autem⁷
1592 406 1679 439 filius
1704 406 1839 448 Actiae,
1866 417 1954 449 quae
1980 411 2056 439 nata
2079 410 2127 439 est

184 454 228 487 de
254 463 367 486 sorore
392 451 468 484 Iulii
495 449 653 483 Caesaris.

347 502 404 537 18.
458 502 571 546 Reges
598 508 709 535 autem
736 503 826 546 apud
862 504 1014 539 Graecos
1048 506 1093 539 ob
1125 505 1216 540 hanc
1248 501 1404 539 causama
1436 509 1594 552 βασιλεῖς
1621 514 1798 550 vocantur,
1839 508 1933 552 quod
1968 514 2127 551 tanquam

184 549 305 587 bases⁰
332 554 498 599 populum
526 554 690 587 sustinent.
743 554 844 588 Unde
869 562 901 588 et
929 557 1024 590 bases
1052 569 1192 591 coronas
1220 558 1347 589 habent
1358 554 1390 592 ¹⁰.
1444 559 1579 600 Quanto
1607 561 1694 593 enim
1721 561 1863 604 quisque
1890 560 1998 604 magis
2026 571 2127 604 prae-

180 606 333 650 ponitur,
362 610 452 638 tanto
481 606 622 649 amplius
649 605 799 650 pondere
826 608 978 641 laborum
1007 616 1174 653 gravatur.

345 656 403 690 19.
457 657 606 700 Tyranni
633 658 765 691 Graece
793 658 947 692 dicuntur
971 658 1105 694 iidemll
1132 661 1250 693 Latine
1276 670 1375 704 reges
1387 657 1419 693 ¹².
1474 661 1560 694 Nam
1581 662 1674 706 apud
1700 667 1827 696 veteres
1853 663 1936 695 inter
1960 673 2077 707 regem
2095 666 2127 694 et

180 714 354 752 tyrannum
378 709 467 742 nulla
493 708 649 742 discretio
681 714 767 751 erat,
801 717 836 743 ut
863 712 1022 756 Virgilius
1035 710 1073 745 13ε

407 760 504 794 Pars
530 761 616 793 milti
645 762 750 806 pacis
778 767 855 795 erat
883 764 1049 796 dextram
1074 764 1233 808 tetigisse
1271 763 1422 806 tyranni.

281 811 401 844 Fortes
429 812 516 845 enim
542 823 639 856 reges
665 814 794 856 tyranni
820 816 1035 848 vocabantur.
1087 815 1173 848 Nam
1202 815 1265 847 tiro
1293 815 1396 850 fortis.
1450 815 1503 848 De
1529 815 1681 858 qualibus
1692 812 1715 832 ¹⁴
1735 815 1898 849 Dominus
1925 815 2072 858 loquitur
2085 810 2124 846 ¹⁵:

179 862 251 895 Per
277 874 333 896 me
359 874 467 908 reges
493 868 647 908 regnant
676 868 707 897 et
735 866 875 908 tyranni
905 877 974 911 per
999 878 1055 900 mc
1081 870 1194 899 tenent
1221 870 1364 900 terram.

343 914 403 946 20.
455 915 526 947 lam
552 921 670 959 postea
697 916 728 948 in
751 929 843 950 usum
870 918 991 952 accidit
1017 925 1172 962 tyrannos
1206 918 1318 950 vocari
1345 917 1504 962 pessimos
1532 922 1632 961 atque
1667 918 1842 962 improbos
1876 929 1991 962 regeS,
2025 917 2124 949 luxu-

179 962 320 998 riosae¹⁶
347 966 581 999 dominationis
608 968 824 1011 cupiditatem
853 975 885 1002 et
912 970 1171 1004 crudelissimam
1198 969 1459 1002 dominationem
1487 970 1519 1001 in
1545 969 1681 1014 populis
1692 966 1715 986 ¹⁷
1743 974 1940 1003 exercentes.

344 1017 403 1050 21.
455 1018 615 1063 Princeps
643 1024 676 1052 et
702 1019 870 1065 dignitatis
897 1022 1000 1054 modo
1025 1022 1230 1066 significatur
1259 1026 1291 1053 et
1318 1021 1458 1062 ordinis,
1486 1021 1570 1053 sicut
1585 1027 1631 1054 est
1648 1018 1919 1066 virgilianumffl:

404 1068 577 1114 Princeps
604 1071 789 1104 ardentem
816 1074 958 1106 coniecit
987 1074 1161 1118 lampada
1196 1072 1343 1115 Turnus,

176 1127 240 1162 pro
267 1117 403 1162 primus.
457 1121 573 1154 Dictus
600 1127 710 1155 autem
737 1124 894 1168 princeps
910 1137 929 1157 a
953 1125 1106 1168 capiendi
1132 1124 1392 1169 significatione,
1419 1123 1512 1167 quod
1539 1124 1686 1168 primum

177 1169 292 1213 niceps
319 1170 361 1202 ab
386 1182 445 1211 eo,
474 1171 565 1214 quod
594 1174 705 1205 munia
731 1175 851 1218 capiat.

342 1220 400 1254 22.
454 1223 529 1255 Dux
557 1223 664 1256 dictus
687 1236 738 1264 eo,
767 1225 858 1268 quod
885 1226 925 1257 sit
952 1226 1073 1259 ductor
1101 1226 1278 1265 exercitus,
1305 1225 1363 1257 sed
1382 1236 1447 1257 non
1471 1225 1590 1266 statim,
1615 1226 1807 1268 quicunque
1828 1224 2012 1268 principes,
2037 1222 2088 1255 vel
2099 1218 2122 1238 ²¹

175 1271 277 1304 duces
304 1269 429 1313 stanin,
458 1274 555 1306 etiam
584 1286 680 1319 reges
707 1276 773 1309 dici
801 1281 947 1320 possunt.
1002 1278 1038 1309 ln
1066 1277 1158 1309 bello
1182 1282 1292 1308 autem
1303 1273 1329 1292 ²³
1350 1276 1467 1308 melius
1494 1276 1615 1309 ducem
1643 1276 1803 1309 nominari
1815 1273 1850 1315 ²⁸,
1877 1287 1977 1319 quani
1997 1285 2121 1319 regem.

174 1323 261 1355 Nam
292 1322 361 1357 hoc
388 1335 509 1358 nomen
537 1326 691 1369 exprimit
716 1327 749 1360 in
775 1328 906 1371 praelio
933 1327 1111 1362 ducentem
1123 1324 1158 1364 ²⁵.
1212 1327 1313 1361 Unde
1348 1325 1414 1360 et²⁰
1441 1327 1616 1372 Virgilius:

403 1375 516 1410 Ducis
552 1377 727 1413 Evandri.

175 1424 353 1458 Salustius:
384 1426 463 1472 Quo
491 1429 653 1472 cupidius
679 1431 713 1463 in
740 1441 801 1463 ore
827 1431 928 1464 ducis
953 1442 1029 1464 sese
1056 1432 1198 1476 quisque
1225 1430 1360 1464 boumn.
1412 1431 1490 1463 Non
1516 1429 1598 1462 dixit
1624 1430 1657 1462 in
1684 1425 1777 1462 ore²⁷
1804 1427 1955 1462 consulis.

340 1476 398 1510 23.
452 1478 662 1514 Monarchae
675 1478 700 1497 ²⁸
727 1487 820 1521 sunt,
855 1479 945 1525 qui²⁹
976 1483 1179 1527 singularem
1206 1482 1380 1525 possident
1413 1482 1664 1525 principatum,
1707 1480 1812 1524 qualis
1847 1480 1909 1512 fuit
1934 1477 2123 1512 Alexander

175 1527 265 1571 apud
294 1528 464 1571 Graecos,
493 1536 524 1564 et
552 1531 652 1563 lulius
681 1533 772 1577 apud
800 1534 982 1568 Romanos.
1036 1535 1125 1567 Hinc
1152 1538 1183 1566 et
1207 1533 1401 1566 monarchia
1425 1533 1553 1566 dicitur.
1607 1529 1737 1571 ῘΠόιιας
1760 1531 1888 1576 quippe
1915 1530 2123 1575 singularitas

175 1578 309 1612 Graeco
332 1581 488 1624 nomine,
516 1580 608 1628 α’ρχή
634 1584 838 1629 principatus
865 1582 956 1618 est³⁰.

341 1631 400 1666 24.
452 1633 662 1668 Tetrarchae
684 1640 758 1668 sunt
784 1641 935 1679 quartam
961 1640 1092 1681 partem
1120 1636 1215 1681 regni
1241 1639 1397 1669 tenentes.
1449 1636 1537 1669 Nam
1568 1634 1725 1680 τέτταρα
1752 1638 1896 1676 quatuor
1921 1637 2011 1673 sunt,
2039 1643 2121 1675 qua-

176 1680 214 1712 lis
240 1680 301 1714 suit
327 1684 419 1727 apud
446 1685 605 1718 Iudaeam
631 1687 821 1732 Philippus.

339 1734 398 1767 25.
452 1736 587 1770 Patricii
613 1738 690 1772 inde
717 1740 827 1773 vocati
854 1744 946 1778 sunt,
972 1749 1036 1783 pro
1058 1749 1098 1771 eo
1125 1739 1218 1781 quod
1246 1738 1330 1772 sicut
1352 1741 1463 1782 patres
1487 1736 1581 1777 filiis,
1608 1735 1652 1768 ita
1676 1734 1876 1779 provideant
1903 1734 2118 1779 reipublicae.

340 1785 398 1819 26.
451 1788 618 1823 Praefecti
643 1790 742 1832 dicti,
769 1791 862 1834 quod
890 1790 1057 1835 praetoria
1085 1795 1248 1834 potestate
1273 1790 1428 1835 praesint.

1698 1119 1721 1139 ¹⁹
1748 1123 1876 1167 capiat,
1904 1122 1986 1156 sicut
1996 1118 2021 1138 ²⁰
2049 1131 2123 1153 mu-

262 1857 291 1894 1)
315 1859 508 1890 indedecoras
520 1864 556 1891 al.
587 1865 619 1893 In
643 1865 710 1895 cod.
730 1866 825 1896 Tolel.
846 1867 866 1896 I.
891 1866 927 1894 ad
950 1875 1041 1902 marg.
1059 1870 1127 1893 nota
1171 1882 1212 1887 —-
1245 1862 1290 1905 15)
1314 1863 1416 1892 dicens
1438 1861 1505 1893 add.
1533 1861 1588 1890 Gu.
1616 1864 1643 1893 2-
1664 1861 1702 1890 al.
1747 1861 1844 1890 Locus
1865 1866 1908 1890 est
1931 1861 2072 1891 Proverb.
2088 1863 2118 1895 8,

177 1902 237 1926 est:
251 1900 347 1936 fictas
369 1903 582 1935 hlanditwnm.
605 1923 646 1929 —
669 1908 697 1947 ⁶2)
720 1915 752 1936 ut
772 1920 855 1937 omen
871 1909 957 1937 Arev.
981 1924 1024 1930 —
1046 1909 1074 1945 3)
1091 1909 1128 1936 al.
1174 1909 1221 1939 15.
1251 1925 1292 1928 —
1331 1910 1373 1941 16)
1398 1907 1434 1935 al.
1456 1907 1645 1940 lu.r10⁴1'0.s‹0.›·‚
1683 1903 1921 1932 dominationem
1951 1902 2119 1941 cupiditate

176 1939 267 1970 dicto.
292 1959 329 1962 —
353 1943 384 1984 4)
409 1947 458 1974 Sic
475 1948 530 1976 Gu.
549 1952 574 1979 1.
606 1950 660 1978 nisi
691 1951 770 1988 quod
801 1957 944 1990 corrupte
973 1961 1032 1989 quo
1055 1951 1129 1978 lum-
1172 1949 1397 1979 crudelissima.
1431 1967 1469 1971 —-
1509 1949 1555 1982 17)
1580 1949 1613 1975 in
1635 1948 1748 1985 Populo
1775 1948 1833 1975 Gu·
1849 1950 1877 1979 2·
1896 1962 1937 1968 -
1961 1946 2004 1985 13)
2030 1947 2116 1985 Vulg-

176 1993 231 2021 Pro
252 1985 405 2022 posthaec,
440 2005 482 2010 —
511 1990 595 2028 Vulg.
618 2003 647 2020 sc
671 1994 816 2031 posthaec
839 2005 910 2032 app.
931 2010 973 2015 —
1001 1994 1129 2031 paschae
1172 1992 1254 2021 illud
1279 1993 1383 2031 Vir-g„
1415 1991 1467 2020 sed
1498 1989 1578 2017 illud
1607 1999 1664 2018 om.
1695 1990 1751 2020 Gu.
1772 1992 1800 2021 1.
1846 1989 1942 2017 Locus
1973 1994 2016 2017 est
2043 1988 2116 2019 Aen.

176 2025 247 2055 edit.
273 2026 363 2056 Goth.
396 2045 436 2050 --
467 2033 494 2064 5)
517 2043 569 2059 nec
594 2044 649 2072 pro
680 2046 716 2063 m,
739 2037 795 2064 Gu·
821 2040 848 2068 1·
877 2053 919 2057 -
949 2035 977 2069 (ἢ
1000 2036 1087 2073 Vulg.
1109 2048 1127 2063 α
1173 2036 1225 2071 IX,
1249 2037 1319 2067 535.
1342 2051 1382 2056 —-
1415 2035 1458 2070 19)
1483 2044 1541 2071 quo
1565 2034 1704 2071 primum
1728 2033 1778 2062 Ar.
1802 2031 1831 2060 h.
1850 2032 1869 2061 l.
1898 2036 1926 2059 et
1947 2036 2058 2069 postea.
2075 2049 2116 2053 —

176 2068 295 2104 liberis,
318 2070 372 2099 sed.
395 2081 534 2112 praepos.
564 2085 621 2105 0111,
646 2078 702 2108 Gn,
723 2082 747 2109 1,
768 2095 810 2100 —
844 2079 874 2118 7)
897 2079 946 2107 Sic
970 2079 1028 2106 Gu,
1047 2082 1074 2109 1,
1096 2080 1125 2109 2,
1164 2080 1287 2117 Ιη-ίηιιις
1311 2078 1456 2107 Gu.1.2.
1479 2092 1521 2098 --
1543 2074 1590 2114 20)
1614 2077 1695 2102 sicut
1718 2096 1724 2103 .
1748 2097 1755 2103 .
1781 2097 1787 2104 .
1811 2075 1914 2112 capiat
1939 2084 1996 2102 oin.
2018 2084 2116 2101 va.—

176 2110 286 2148 gothici
309 2117 338 2141 et
358 2114 396 2142 al.
422 2116 470 2145 Ar.
495 2133 532 2138 -
564 2120 640 2146 emm
663 2120 741 2156 vulg.
767 2136 802 2142 -—
836 2120 863 2160 8)
885 2122 933 2149 Sic
956 2121 1016 2150 Gu.
1037 2123 1062 2151 1,
1086 2136 1125 2141 —
1169 2121 1215 2158 21)
1239 2126 1294 2148 aut
1317 2130 1363 2148 va.
1393 2135 1434 2141 —-
1464 2118 1510 2156 22)
1528 2118 1576 2146 Sic
1600 2119 1657 2147 Gu.
1677 2122 1703 2148 1.
1727 2134 1767 2138 -
1794 2116 1878 2153 vulg.
1902 2122 1983 2144 sunt.
2006 2133 2046 2137 —
2069 2113 2115 2155 23)

177 2152 263 2191 Vulg.
288 2155 323 2182 ob
344 2156 424 2184 hanc
447 2169 574 2186 causam
602 2161 689 2198 apud
712 2164 851 2192 Graecas„
875 2180 916 2186 ,-
954 2161 984 2201 9)
1004 2167 1073 2190 ηοω
1097 2164 1126 2191 ju
1170 2164 1218 2192 Sic
1241 2164 1296 2192 GU⁸
1323 2165 1348 2193 1,
1370 2164 1397 2192 2,
1421 2171 1467 2189 va.
1488 2176 1529 2181 —-
1553 2160 1637 2198 Vulg.
1661 2171 1738 2189 vero.
1763 2176 1798 2180 —
1824 2161 1871 2194 24)
1888 2160 2022 2186 convenit
2045 2158 2114 2188 add.

178 2195 243 2224 cod.
258 2197 352 2226 Tolet.
374 2199 398 2228 I.
421 2205 464 2228 est
486 2201 573 2229 bases
588 2204 732 2239 fulturae
753 2211 826 2234 sunt
849 2206 1066 2234 colunuzarum.
1083 2222 1125 2228 —-
1169 2205 1267 2243 vulg.,
1299 2204 1379 2243 quod
1404 2213 1461 2233 oni.
1486 2204 1542 2231 Gu.
1573 2206 1598 2234 1-
1621 2205 1650 2233 2-
1672 2217 1714 2224 -·-
1744 2201 1789 2239 535)
1811 2200 1917 2228 dacem
1941 2202 1998 2230 GU·
2024 2205 2050 2231 1·
2073 2216 2115 2223 ‘-

179 2236 226 2278 10)
249 2241 435 2270 coronabant
458 2243 496 2272 al.
520 2259 557 2265 —
591 2248 633 2280 ll)
658 2246 693 2274 id
712 2253 753 2274 est
776 2258 821 2275 va.
854 2265 889 2269 —
923 2247 966 2286 12)
992 2248 1076 2284 Vulg.
1098 2254 1123 2276 et
1168 2247 1214 2287 26)
1237 2254 1263 2275 et
1286 2247 1388 2276 addidi
1403 2257 1418 2274 e
1442 2248 1498 2274 Gn.
1520 2251 1544 2277 1.
1564 2247 1591 2275 2.
1615 2255 1659 2283 pr.
1704 2245 1799 2272 Locus
1823 2249 1865 2272 est
1889 2245 1961 2272 Aen.
1983 2244 2022 2279 X,
2041 2245 2113 2274 370.

177 2291 274 2318 reges,
298 2282 349 2310 sed
371 2289 397 2311 et
427 2295 483 2314 om.
511 2286 567 2315 Gu.
592 2289 619 2318 1.
650 2304 692 2309 —
724 2292 767 2325 13)
805 2291 957 2328 IQ'rgllius
985 2289 1085 2318 addidi
1109 2301 1124 2320 e
1168 2306 1209 2312 —-
1232 2293 1276 2323 27)
1299 2300 1380 2317 mute
1410 2289 1445 2318 al.
1479 2299 1526 2327 ap.
1550 2287 1639 2316 Goth.
1689 2287 1784 2315 Locus
1813 2291 1855 2314 est
1877 2286 1905 2314 in
1929 2286 2042 2323 Fragm.
2067 2296 2112 2324 ap.

177 2323 235 2353 Gu.
259 2327 286 2355 1.
337 2325 430 2355 Locus
452 2333 496 2356 est
520 2329 591 2357 Aen.
617 2329 687 2365 VH,
713 2333 783 2361 266.
816 2349 853 2354 —
885 2336 928 2364 14)
952 2333 1000 2360 Sic
1020 2334 1074 2361 Gu.
1099 2337 1125 2364 1.
1169 2332 1307 2361 Gerlach.
1333 2334 1382 2363 25.
1406 2332 1513 2360 lncert.
1545 2347 1579 2352 -—
1620 2333 1668 2365 23)
1691 2329 1870 2358 Momm-cha
1895 2329 1952 2359 Gu.
1971 2332 1996 2359 l.
2020 2331 2047 2359 2.
2071 2344 2113 2349 -—

177 2364 212 2394 de
235 2367 370 2404 qualibet
391 2375 548 2410 corrupte,
571 2381 626 2410 pro
650 2383 710 2411 quo
727 2373 763 2401 al.
786 2379 887 2412 aperte
910 2374 945 2402 de
968 2376 1122 2412 qualzhus.
1169 2375 1216 2412 29)
1240 2385 1317 2414 quae
1341 2375 1396 2404 Gu.
1416 2377 1444 2406 2.
1460 2390 1501 2396 -
1524 2376 1571 2410 30)
1585 2378 1625 2400 est
1649 2383 1707 2401 om.
1735 2373 1792 2403 Gu.
1808 2375 1838 2403 2.
1862 2387 1902 2392 -
1924 2369 1971 2411 31)
1988 2371 2036 2399 Sic
2053 2370 2109 2400 911-
