2264 2830
807 82 1052 116 ORIGINUM
1079 84 1224 119 LIBER
1250 87 1358 121 XVII.
1979 92 2055 126 543

108 185 156 216 est
169 176 205 223 ⁴1,
232 174 350 212 sonam
377 177 421 210 ad
449 177 589 222 iuniperi
617 176 876 211 similitudinem.
931 176 1030 210 Cuius
1051 178 1147 211 silvas
1174 187 1341 225 serpentes
1365 181 1572 224 custodiunt,
1600 181 1657 214 sed
1686 183 1818 216 incolae
1844 186 1987 229 regionis
2013 187 2056 219 il-

109 235 189 275 lius,
216 242 318 275 quum
346 234 494 263 maturae
522 229 662 269 fuerint,
693 229 871 262 incendunt
888 225 925 266 ¹³⁸,
954 234 987 261 et
1013 237 1181 274 serpentes
1210 234 1288 276 igno
1317 234 1492 277 sugantur,
1528 238 1560 266 et
1587 233 1665 266 inde
1696 245 1735 267 ex
1763 235 1896 268 {lamma
1925 238 2055 282 nigrum

109 286 208 330 piper
235 283 388 316 eflicitur.
461 283 546 314 Nam
574 286 689 314 natura
716 281 840 325 piperis
867 281 944 313 alba
971 288 1034 321 est,
1081 284 1172 315 cuius
1207 286 1343 327 quidem
1378 286 1525 317 diversus
1559 292 1605 317 est
1643 286 1779 320 fructus,
1845 289 1930 320 Nam
1963 291 2056 332 quod

108 338 320 369 immaturum
356 338 427 374 est,
478 333 576 378 piper
616 333 755 377 longum
799 329 990 373 vocaiurfl,
1038 335 1130 376 quod
1173 337 1401 381 incorruptum
1442 338 1484 368 ab
1528 338 1631 379 igne,
1684 339 1782 382 piper
1814 340 1926 372 album
1963 337 2055 379 est⁴·'¹,

108 388 202 432 quod
231 398 309 419 vero
337 390 413 418 cute
442 395 565 429 rugosa
595 390 626 417 et
654 384 790 416 horrida
819 385 931 426 suerit,
979 396 1017 416 ex
1052 386 1165 419 calore
1201 389 1287 432 ignis
1315 388 1417 420 trabit
1451 394 1483 420 et
1511 390 1658 421 colorem
1694 396 1727 422 vt
1753 401 1882 424 nomen.
1956 393 2056 436 Piper

108 441 133 472 si
160 440 235 472 leve
269 442 335 478 est,
376 440 538 468 vetustum
565 440 612 468 est
630 432 668 476 ¹⁰,
703 436 727 467 si
754 433 903 480 grauun,
932 437 1111 470 novellum.
1173 439 1318 472 Vitanda
1354 445 1402 473 cst.
1437 445 1547 472 autcm
1583 446 1803 475 mercatorum
1838 443 1933 476 fraus.
1991 445 2055 477 So-

109 492 177 524 lent
211 491 297 523 enim
332 487 546 521 vetustissimo
574 487 682 532 piperi
718 488 877 520 humecto
892 485 913 504 ¹⁸
947 490 1076 533 argenti
1110 502 1281 534 spumam,
1323 496 1379 524 aut
1411 492 1588 535 plumbum
1624 504 1804 538 aspergere
1818 490 1858 534 ⁴⁹,
1900 501 1935 527 ut
1968 507 2055 539 pon-

107 543 265 577 derosum
291 540 359 573 fiat.

273 591 308 625 9.
361 587 484 624 Aloa⁵⁰
509 590 544 623 in
568 589 664 622 India
691 594 790 633 atque
818 590 942 623 Arabia
969 591 1134 635 gignitur,
1174 594 1274 625 arbor
1301 593 1413 625 odoris
1440 594 1617 626 suavissimi
1644 605 1683 628 ac
1709 598 1835 630 summi.

108 646 238 691 lignum
267 639 400 687 ipsius⁵¹
431 642 503 675 vice
531 642 787 685 thymiamatum
813 643 966 674 altaribus
990 640 1189 685 adoletur-³²,
1218 645 1306 677 unde
1335 651 1366 677 ct
1394 656 1514 677 nomcn
1542 647 1675 679 traxisse
1702 645 1863 680 dicitur⁵³.

273 694 331 728 10.
385 693 642 727 Cinnamomum
653 690 677 710 ⁵⁴
699 694 841 733 dictum,
870 694 962 736 quod
991 699 1104 726 cortex
1132 695 1200 727 eius
1228 697 1259 728 in
1287 696 1427 729 modum
1455 708 1580 730 cannae
1606 698 1645 730 sit
1672 699 1830 732 rotundus
1853 705 1886 732 et
1912 701 2054 744 gracilis.

107 746 265 792 Gignitur
292 741 439 778 autem⁵⁵
470 747 502 778 in
531 745 647 778 Indiae
675 751 707 778 et
739 745 943 789 Aethiopiae
970 747 1180 788 regionibus,
1223 748 1341 780 frutice
1373 749 1482 789 brevi,
1526 749 1667 782 duorum
1700 756 1828 783 tantum
1856 752 2055 790 cubitorum,

106 799 220 833 colore
250 798 427 841 subnigro⁷
455 797 509 830 vel
536 798 687 837 cinereo,
721 798 984 830 tenuissimarum
1012 799 1180 842 virgarum
1192 796 1225 831 ⁵⁰.
1298 801 1383 832 Nam
1411 800 1503 843 quod
1540 802 1570 833 in
1594 799 1878 834 crassitudine1n⁵⁷
1906 803 2056 835 extendi—

105 847 202 894 tur⁵⁸‚
229 849 404 894 despectui
430 855 495 890 est,
523 849 616 892 quod
644 860 723 881 vero
751 849 907 893 gracilius
935 847 1175 892 provenerit⁶⁹‚
1204 851 1369 883 eximium.
1907 851 1932 869 ‘³⁴'

106 902 174 936 bile
200 902 438 947 spiramentum
450 898 474 918 ⁶¹
501 900 619 933 emittit
646 901 688 932 ad
716 900 895 944 imaginem
923 900 1083 939 nebulae,
1112 901 1165 933 vel
1177 899 1202 918 ⁶²
1229 903 1383 946 pulveris.

272 952 331 987 ll.
384 953 566 985 Amomum
593 956 768 992 vocatum,
793 951 886 995 quod
913 952 1013 984 veluti
1042 953 1183 985 odorem
1211 954 1412 987 cinnamomi
1439 956 1569 988 referat.
1644 956 1797 989 Nascitur
1829 957 1862 988 in
1895 956 1991 999 Syria
2026 963 2058 988 et

105 1004 281 1045 Armenia,
309 1004 418 1037 frutex
432 1000 456 1020 ¹³³
482 1005 674 1037 botruosum
687 1000 711 1019 ὃ*
738 1015 850 1035 semen
877 1003 1020 1035 reddens
1048 1005 1107 1036 sibi
1136 1016 1343 1047 connexum,
1372 1007 1454 1039 ssore
1485 1008 1583 1046 albo,
1619 1007 1721 1040 veluti
1748 1008 1871 1047 violae,
1900 1008 1987 1040 foliis
2013 1009 2056 1039 si—

105 1056 237 1090 milibus
249 1052 274 1073 ¹³⁵
301 1056 468 1097 brioniae,
496 1055 602 1088 odore
627 1055 724 1088 etiam
752 1056 862 1095 bono,
890 1066 1024 1087 somnos
1035 1053 1060 1072 ‘³⁰
1087 1058 1266 1091 suavificat.

270 1106 328 1141 12.
382 1103 510 1140 casiam
537 1106 679 1140 nascitur
705 1107 738 1139 in
766 1107 908 1147 Arabia,
951 1107 1046 1151 virga
1080 1109 1207 1141 robusti
1239 1110 1388 1149 corticis,
1431 1116 1462 1142 et
1501 1111 1676 1154 purpureis
1711 1110 1816 1150 foliis,
1861 1116 1894 1142 ut
1921 1111 2054 1154 piperis.

103 1159 164 1192 Est
189 1163 300 1192 autern
325 1158 450 1192 virtutis
462 1155 488 1175 ⁶⁸
514 1159 713 1192 cinnamomi
740 1158 863 1199 similis,
898 1158 956 1190 sed
977 1160 1129 1203 potentia
1155 1161 1302 1203 inferior,
1329 1161 1417 1194 unde
1441 1167 1473 1194 et
1484 1158 1508 1178 ⁰⁹
1535 1173 1598 1206 pro
1613 1159 1637 1178 ²⁰
1666 1162 1864 1196 cinnamomi
1894 1162 1963 1194 vice
1990 1161 2053 1194 du—

102 1211 181 1255 plex
208 1211 274 1244 eius
301 1210 434 1254 pondus
461 1211 493 1242 in
521 1211 772 1243 medicamentis
800 1211 1009 1244 admiscetur.

268 1261 327 1294 13.
381 1261 538 1295 Calamus
566 1263 766 1295 aromaticus
792 1275 811 1294 a
839 1262 1051 1294 similitudine
1079 1262 1197 1294 calami
1225 1263 1343 1296 usualis
1369 1269 1515 1297 vocatur.
1577 1265 1733 1309 Gignitur
1765 1265 1796 1296 in
1824 1264 1918 1296 India
1942 1264 2054 1296 multis

102 1312 198 1346 nodis
225 1313 449 1358 geniculatus,
478 1313 602 1354 fulvus,
631 1310 816 1357 fragrans⁷¹
844 1313 974 1356 spiritus
998 1313 1155 1345 suavitate
1166 1310 1199 1346 ⁷².
1261 1315 1326 1355 Qui
1355 1325 1431 1347 cum
1459 1316 1639 1360 frangitur,
1676 1316 1707 1348 in
1735 1316 1854 1348 multas
1881 1316 1918 1347 lit
1944 1321 2054 1359 partes

103 1364 249 1407 scissilis,
275 1364 431 1396 simulans
442 1360 467 1380 ⁷³
493 1371 591 1409 gustu
619 1365 739 1397 casiam
767 1375 842 1397 cum
871 1365 935 1397 levi
962 1365 1142 1397 acrimonia
1169 1366 1381 1398 remordente
1396 1362 1430 1400 ⁷⁴.

269 1415 328 1451 l—l.
381 1413 566 1448 Balsami⁷⁵
593 1416 693 1448 arbor
730 1416 761 1448 in
790 1416 914 1449 Iudaea
953 1416 1036 1448 intra
1064 1417 1220 1449 terminos
1247 1423 1372 1450 tantum
1400 1418 1463 1450 XX
1498 1418 1651 1462 iugerum
1679 1423 1758 1451 erat.
1831 1418 2053 1459 Posteaquam

103 1465 222 1500 eadem
249 1464 423 1512 regionem
446 1468 590 1500 Romani
618 1468 715 1511 potiti
742 1473 832 1507 sunt,
861 1468 958 1500 ctiam
987 1468 1148 1500 latissimis
1167 1469 1310 1502 collibus
1338 1474 1530 1514 propagata
1557 1474 1616 1509 est,
1642 1469 1744 1512 stirpe
1756 1465 1781 1484 Π
1808 1468 1922 1500 similis
1950 1464 2052 1509 visst&

102 1513 227 1551 ίόΙίις19
254 1524 366 1559 rutae,
406 1519 466 1551 sed
502 1519 717 1552 albidioribus
745 1531 944 1563 semperque
973 1520 1189 1552 manentibus
1258 1521 1371 1553 Arbor
1404 1526 1514 1553 autem
1550 1516 1789 1560 balsamumffl,
1829 1520 1958 1564 lignum
1986 1519 2054 1551 eius

101 1570 365 1614 xylobalsamum
400 1567 573 1611 diciturffl,
603 1571 728 1604 fructus
756 1571 822 1603 eius
834 1567 859 1587 ²³²
893 1571 960 1603 sive
986 1583 1098 1603 semen
1126 1572 1433 1616 carpobalsamum,
1472 1582 1589 1605 succus
1616 1572 1884 1616 opobalsamum.
1950 1570 2053 1611 Quod

100 1620 177 1654 ideo
205 1632 281 1655 cum
314 1621 500 1655 adiectione
532 1621 752 1667 significatur,
785 1633 825 1655 eo
852 1623 943 1666 quod
973 1634 1145 1667 percussus
1179 1623 1294 1656 ferreis
1329 1624 1461 1669 ungulis
1477 1620 1502 1639 ‘³³
1536 1628 1650 1656 cortex
1685 1623 1767 1668 ligni
1799 1634 1861 1668 per
1898 1633 2053 1655 cavernas

100 1673 208 1707 eximii
235 1673 347 1706 odoris
374 1678 503 1718 guttam
531 1673 683 1716 distillat,
712 1685 852 1707 caverna
880 1675 966 1707 enim
995 1674 1129 1708 Graeco
1157 1687 1310 1709 sermone
1338 1675 1407 1722 ὅπη
1439 1675 1559 1709 dicitur
1570 1671 1606 1709 ⁸¹.
1659 1674 1760 1708 Cuius
1787 1680 1919 1719 guttam
1955 1673 2053 1706 adul-

1905 598 2056 641 Denique

1440 852 1542 893 Quod
1572 863 1647 885 cum
1677 854 1897 898 confringitur
1941 879 1950 893 ‚
1979 855 2056 886 visi-

100 1784 147 1805 va.
170 1774 220 1802 Ar.
242 1789 284 1796 —
313 1773 361 1810 44)
385 1778 495 1801 vocant
518 1784 562 1803 va.
587 1790 628 1796 —-
658 1773 772 1802 dieitur
805 1775 861 1803 Gu.
884 1777 913 1805 2.
939 1791 973 1796 -—-
1004 1773 1052 1813 45)
1097 1777 1162 1803 eius
1181 1776 1248 1806 add.
1276 1776 1358 1814 vulg.
1382 1791 1423 1797 —-
1447 1776 1515 1805 Om.
1542 1776 1574 1804 Z.
1604 1776 1660 1804 Gu.
1684 1778 1710 1805 1.
1735 1778 1763 1806 2.
1784 1784 1830 1802 va.
1856 1790 1897 1795 -—-
1932 1772 1982 1814 64)
2004 1774 2053 1801 Sic

100 1821 142 1845 est
166 1816 269 1844 addidi
296 1825 310 1843 e
335 1817 390 1845 Gu.
417 1819 444 1846 1.
467 1819 497 1847 2.
519 1832 560 1838 —-
589 1818 637 1855 46)
662 1824 705 1845 est
724 1828 783 1846 om.
807 1818 838 1845 Z.
862 1818 910 1845 Ar.
940 1834 980 1839 —
1004 1819 1051 1852 47)
1097 1818 1153 1846 Gu.
1184 1821 1208 1848 1.
1233 1822 1260 1850 2.
1285 1820 1321 1847 al.
1345 1830 1390 1858 pr.
1408 1828 1456 1847 va.
1479 1835 1520 1840 —
1544 1818 1698 1845 botrosum
1721 1816 1804 1854 vulg.
1829 1833 1871 1838 —
1893 1816 1939 1854 65)
1965 1817 2053 1844 simr-

100 1864 141 1886 est
165 1858 235 1887 add.
258 1858 336 1895 vulg.
362 1874 403 1881 —
429 1858 494 1886 Om.
519 1860 573 1887 Gu.
599 1862 623 1890 1.
646 1870 692 1890 va.
709 1860 758 1888 Ar.
784 1876 826 1881 —
853 1859 899 1898 48)
921 1860 1052 1887 humecti
1095 1861 1135 1888 lis
1159 1861 1187 1888 Ζ.
1212 1877 1253 1883 -—
1278 1862 1323 1900 66)
1347 1862 1460 1889 somni-9
1484 1861 1539 1890 Gu.
1561 1863 1586 1891 1.
1609 1876 1651 1882 —
1672 1858 1719 1897 67)
1742 1859 1791 1887 Sic
1815 1859 1871 1887 Gu.
1896 1863 1924 1890 1.
1946 1859 1995 1888 Ar.
2014 1877 2049 1881 —-

101 1902 158 1929 Gu.
182 1903 208 1933 1.
233 1902 261 1930 2.
289 1916 327 1921 --
357 1900 528 1929 humectato
559 1911 603 1940 pr.
623 1919 663 1924 —-
696 1902 742 1941 49)
774 1902 822 1930 Sic
842 1903 872 1931 Z.
899 1903 954 1930 Gn.
976 1906 1000 1934 1.
1022 1905 1050 1932 Q.
1098 1903 1208 1931 Cassia
1232 1904 1313 1942 vulg.
1339 1909 1367 1932 et
1390 1904 1432 1931 sic
1455 1904 1541 1931 infra.
1564 1919 1605 1924 -
1628 1902 1798 1939 68)‡’irlute
1818 1911 1865 1930 va.
1889 1917 1929 1923 -
1955 1899 2003 1940 69)
2025 1907 2051 1928 et

99 1954 144 1972 va.
160 1959 199 1965 -—
223 1953 319 1980 sputa.
344 1953 409 1980 asp.
434 1948 489 1970 aut
507 1944 623 1982 plumb.
645 1946 726 1982 vulg.
756 1961 796 1968 --
827 1944 872 1983 50)
895 1946 971 1973 Aloe
994 1946 1050 1974 Gu.
1095 1946 1196 1974 addidi
1223 1957 1237 1974 e
1261 1947 1316 1974 Gu.
1342 1950 1367 1977 1.
1387 1949 1414 1976 2.
1440 1946 1488 1973 Ar.
1513 1962 1551 1966 ——
1575 1942 1623 1984 70)
1640 1955 1699 1982 pro
1724 1955 1780 1974 om.
1798 1945 1829 1973 Z.
1853 1960 1895 1965 —-
1919 1942 1967 1983 71)
1981 1944 2052 1981 sta-

98 1989 128 2018 2.
151 1995 197 2014 va.
222 1984 272 2013 Ar.
304 2001 344 2006 —
376 1984 423 2022 51)
447 1987 510 2013 eius
533 1996 577 2015 va.
601 2003 641 2008 --
678 1990 725 2023 52)
749 1988 797 2016 Sic
819 1988 875 2015 Gu.
901 1992 925 2019 1.
949 1991 977 2019 2.
1001 1999 1049 2017 va.
1089 1999 1189 2026 grans
1213 1989 1242 2016 Z.
1269 1990 1325 2017 Gu.
1345 1992 1371 2019 1.
1396 1990 1424 2018 2.
1440 1998 1486 2016 va.
1511 2004 1550 2009 —
1574 1989 1620 2026 72²)
1644 1987 1693 2015 Sic
1716 1988 1747 2016 Z.
1774 1985 1882 2026 (specie
1905 1996 1959 2025 pro
1983 1989 2051 2025 spt-

99 2031 149 2058 Ar.
174 2044 211 2050 —-
240 2025 321 2055 adol.
346 2027 400 2056 alt.
430 2028 510 2065 vulg.
535 2044 575 2051 -—
598 2030 688 2058 altar.
712 2041 768 2059 orn.
792 2031 821 2061 Ζ,
852 2047 893 2052 —
931 2030 979 2070 53)
1001 2031 1048 2059 Sic
1091 2030 1184 2069 ritus)
1211 2033 1266 2058 Gn.
1293 2034 1317 2061 1.
1341 2033 1369 2061 2.
1393 2041 1438 2058 va.
1464 2031 1513 2058 Ar.
1542 2047 1575 2051 -—
1610 2040 1698 2058 suar.
1729 2032 1803 2068 spir.
1826 2030 1906 2066 vulg.
1926 2045 1968 2050 -
2002 2027 2051 2067 73)

100 2072 155 2100 Gu.
178 2074 258 2102 1.-
276 2068 410 2097 creditur
432 2071 464 2098 Z.
490 2071 545 2099 Gu.
568 2074 598 2102 2.
622 2082 667 2101 va.
690 2072 740 2101 Ar.
760 2089 802 2095 ——-
824 2073 946 2100 videtur
967 2074 1046 2111 vulg.
1091 2074 1234 2100 similans
1263 2074 1293 2100 Z.
1325 2073 1381 2101 Gu.
1406 2075 1435 2103 2.
1469 2073 1506 2101 al.
1529 2087 1570 2094 —·
1602 2074 1646 2106 74)
1674 2072 1856 2100 remoederztc'
1879 2072 1909 2103 Z.
1941 2081 1986 2100 va.
2010 2087 2050 2092 ·—

98 2129 140 2136 —
160 2112 209 2151 54)
235 2112 408 2141 Cumanum
431 2113 461 2141 Z.
486 2130 526 2134 —
552 2114 735 2142 Cinnamum
759 2116 814 2143 Gu.
830 2118 857 2146 2.
881 2116 916 2143 al.
939 2133 976 2136 —
1000 2118 1046 2152 55)
1092 2120 1134 2152 75)
1158 2116 1344 2143 Balsmmzm
1369 2116 1424 2145 Gu,
1447 2118 1474 2147 2.
1505 2130 1547 2136 —
1587 2114 1632 2152 76)
1654 2115 1702 2144 Sic
1734 2116 1791 2145 Gu.
1816 2120 1839 2143 1.
1862 2131 1904 2136 -·
1926 2112 2050 2141 eandem

98 2162 200 2184 aulem
222 2155 323 2184 addidi
347 2165 362 2183 Θ
384 2155 414 2182 Z·
438 2156 493 2183 GU·
519 2159 547 2186 1·
570 2159 598 2187 2.
621 2167 666 2186 va.
690 2173 731 2179 —
753 2156 801 2198 56)
824 2158 872 2186 Sic
891 2160 919 2188 Z.
944 2158 998 2186 Gu⁴
1018 2162 1044 2190 1.
1090 2160 1240 2194 regrioncm
1262 2159 1341 2195 vulg.
1364 2174 1406 2179 —
1429 2157 1474 2194 77)
1494 2159 1570 2195 stipe
1601 2158 1694 2187 Gu.l.
1727 2175 1766 2179 —-
1798 2156 1848 2197 73)
1873 2159 1946 2184 vltis
1962 2157 1992 2184 Ζ.
2012 2154 2046 2182 al.

97 2202 126 2231 2.
141 2209 188 2228 va.
215 2215 249 2219 —
274 2198 468 2236 virgularum
492 2199 572 2236 vulg.
595 2215 636 2220 —
658 2199 705 2238 57)
727 2201 760 2227 in
781 2200 984 2229 crassitudine
1007 2201 1042 2229 al.
1087 2195 1131 2239 pr.
1154 2218 1190 2222 —
1216 2198 1263 2240 79)
1282 2201 1393 2228 similis
1409 2199 1476 2229 add.
1492 2201 1571 2237 vulg.
1590 2218 1627 2222 —
1653 2200 1717 2228 Om.
1735 2201 1791 2228 Gu.
1812 2204 1839 2231 1.
1855 2217 1893 2222 ——
1917 2198 1962 2234 SO)
1977 2196 2047 2223 bal·

97 2251 143 2270 va.
163 2257 206 2264 -—
229 2240 278 2277 58)
301 2239 431 2269 distenti.
454 2241 484 2270 Z.
511 2257 547 2262 —-
573 2247 719 2269 extcnmm
741 2252 785 2270 va.
807 2259 847 2264 —
871 2247 915 2281 59)
931 2246 1043 2271 venerit
1087 2245 1166 2270 sami
1182 2244 1211 2270 Z.
1232 2254 1277 2271 va.
1303 2260 1341 2265 -—
1376 2242 1557 2281 81)‹ltcitur
1583 2252 1640 2272 om.
1665 2243 1709 2272 ed.
1734 2241 1824 2272 Goth.
1846 2257 1886 2264 -—·
1911 2240 1954 2276 82)
1980 2239 2046 2264 “¹1⁴⁸

98 2293 144 2312 va.
163 2298 205 2305 —
232 2282 277 2322 60)
304 2283 353 2311 Sic
373 2283 429 2311 Gu.
454 2286 480 2314 1.
502 2286 530 2314 2.
559 2300 600 2305 —-
625 2285 790 2322 frangitur
819 2286 900 2322 vulg.
924 2302 964 2307 —
996 2288 1042 2323 61)
1087 2285 1188 2314 addidi
1213 2295 1227 2314 e
1251 2287 1281 2314 Z.
1307 2287 1363 2316 (ἆυ.
1391 2288 1417 2316 1.
1439 2288 1470 2316 2.
1498 2301 1540 2308 —
1556 2286 1688 2322 fructus
1711 2307 1717 2314 .
1743 2307 1749 2314 .
1774 2284 1895 2322 carpob-
1922 2290 1979 2308 Om·
1997 2279 2045 2307 ed-

99 2328 241 2363 spiritum
263 2325 307 2353 ed.
331 2325 420 2354 Goth.
445 2326 501 2355 Gu.
522 2330 546 2356 1.
571 2343 610 2348 --
632 2329 784 2365 spiramen
805 2332 876 2355 tunc
892 2329 921 2356 Z.
948 2347 983 2351 -
1009 2339 1042 2355 cx
1087 2327 1176 2357 Goth.
1203 2345 1239 2349 —-
1265 2329 1313 2366 83)
1339 2329 1472 2366 1·ergulis
1486 2337 1535 2357 va.
1553 2343 1596 2348 —--
1619 2329 1666 2365 84)
1682 2328 1736 2356 VV.
1752 2338 1814 2355 cau.
1831 2346 1839 2354 .
1856 2323 1973 2350 dicitur
1987 2321 2045 2349 ad-

101 2378 129 2396 se
143 2370 216 2406 spir.
239 2378 286 2396 va.
309 2385 350 2390 —
377 2371 427 2406 62)
449 2379 501 2397 seu
524 2369 555 2397 Z.
576 2369 630 2397 Gu.
655 2372 684 2402 2.
707 2380 754 2408 pr.
777 2379 823 2397 va.
846 2370 895 2400 Ar.
919 2387 958 2392 —
995 2371 1040 2409 63)

1085 2370 1147 2399 didi
1172 2380 1186 2399 e
1203 2372 1232 2402 Ζ,
1251 2371 1306 2400 Gu.
1327 2374 1353 2403 1.
1375 2370 1520 2409 (autem)
1540 2373 1568 2402 2.
1590 2380 1636 2409 pr.
1665 2380 1710 2400 va.
1735 2386 1774 2391 -
1801 2377 1856 2403 opo
1879 2365 1910 2393 Z·
1926 2381 1966 2386 -
1990 2375 2044 2402 Ope
