2264 2830
789 84 1035 119 ORIGINUM
1064 84 1209 118 LIBER
1236 83 1260 117 l.

1947 84 1996 118 45

55 191 273 222 consonantes
295 182 565 228 geminabantur,
593 180 751 214 sicilicum
779 180 1066 224 superponebant,
1095 184 1131 212 ut
1155 179 1256 219 sella,
1283 189 1395 217 serra,
1415 189 1552 212 asseres
1566 175 1598 211 ⁸¹.
1653 179 1789 212 Veteres
1817 180 1902 211 enim
1931 190 1995 212 non

57 238 276 283 duplicabant
302 236 427 276 literas,
461 232 519 265 sed
547 243 647 276 supra
680 229 857 266 sicilicos⁴²
891 232 1127 277 apponebant,
1161 242 1227 274 qua
1253 235 1330 262 nota
1369 230 1610 263 admonebatur
1638 231 1744 265 lector
1771 231 1900 263 literam
1927 243 1996 264 esse

57 288 291 336 geminandam
302 282 334 318 ⁴³.

587 351 616 385 C
642 353 673 385 A
700 353 736 385 Ρ.
791 352 932 387 xxvn.

224 440 256 474 l.
310 437 495 482 Analogia
523 437 667 479 Graece,
694 438 812 472 Latine
839 439 994 472 similium
1023 438 1230 482 comparatio
1258 438 1325 470 sive
1341 438 1518 481 proportio
1539 437 1736 470 nominatur.

1012 351 1082 384 De

1136 348 1462 396 Analogia³⁴.

1791 435 1893 468 Cuius
1913 434 1999 468 haec

57 494 103 527 vis
130 497 193 533 est,
221 496 274 532 ut,
301 490 393 533 quod
423 489 561 522 dubium
590 494 658 530 est,
686 491 729 523 ad
758 491 884 534 aliquid
896 488 920 507 ⁴⁵
947 491 1069 531 simile,
1097 489 1189 532 quod
1212 501 1276 521 non
1304 494 1352 521 est
1379 489 1537 529 dubium,
1574 489 1753 528 reseratur,
1782 492 1813 519 et
1824 484 1848 503 '¹¹⁵
1874 487 1999 520 incerta

58 545 153 579 certis
181 543 373 587 probentur.

428 541 517 574 Octo
552 546 661 574 autem
698 543 805 575 modis
839 543 1045 586 comparatio
1080 541 1257 585 analogiae
1293 540 1480 584 colligitur,
1513 540 1547 572 id
1580 537 1661 572 estu
1694 539 1872 583 qualitate,
1906 549 1999 571 com-

58 596 247 641 paratione,
285 605 426 638 genere,
465 604 621 635 numer0‚
663 593 793 638 ligura,
833 604 928 635 casu,
970 593 1227 628 extremitatibus
1267 592 1420 625 similium
1454 592 1677 635 syllabarum,
1722 596 1754 623 et
1788 589 2001 622 similitudine

57 654 258 692 temporum.

223 697 256 731 2.
311 695 347 728 Si
372 694 508 738 quidem
521 691 545 711 ⁴⁸
572 694 615 727 ‹le
642 695 679 728 iis
702 708 803 729 unum
832 696 993 735 defuerit,
1022 697 1086 728 iam
1115 707 1180 728 non
1208 700 1256 727 est
1283 694 1438 739 analogia
1452 690 1492 735 ⁴⁹,
1520 693 1578 726 sed
1591 688 1616 709 ⁵⁰
1642 693 1822 726 anomalia
1833 688 1874 732 ³¹,
1897 692 1931 724 id
1954 697 2002 725 est

58 755 148 784 extra
176 748 345 793 regulam,
373 753 407 779 ut
434 747 533 791 lepus
558 752 591 779 et
616 747 718 792 lupus
730 745 771 789 ⁵²,
799 753 905 780 totum
933 748 1095 788 convenit,
1122 747 1181 791 sed
1208 747 1400 779 dissentiunt
1427 757 1503 779 casu
1515 742 1557 778 5³:
1585 741 1696 777 faeit5¹
1725 745 1811 777 enim
1839 743 1923 788 lupi,
1951 744 2002 775 le-

54 801 163 847 poris.
215 801 301 832 Nam
329 798 526 843 regulariter
554 802 622 838 est,
650 799 730 832 dum
759 800 905 843 quaeris,
934 805 1042 833 utrum
1071 803 1203 832 trames
1230 798 1447 832 masculinum
1468 798 1506 831 sit
1536 808 1577 830 an
1603 791 1866 836 foemininum⁵³‚
1892 795 2003 827 similis

59 858 107 886 est
132 852 180 885 illi
205 847 364 884 nomi1ii⁵⁶
390 851 423 882 in
451 850 539 882 omni
567 849 788 884 declinatione
816 852 925 893 limes,
953 856 985 884 et
1009 851 1069 884 erit
1093 850 1320 884 masculinum.

224 902 258 935 3.
315 903 396 935 ltem
408 901 511 947 funis
537 901 562 933 si
589 901 705 935 incerti
732 904 864 947 generis
892 915 960 935 esse
988 903 1114 943 credis,
1143 902 1255 934 similis
1266 898 1290 917 ⁵⁷
1317 901 1364 933 illi
1388 900 1493 945 panis
1519 900 1551 931 in
1579 898 1820 937 declinatione,
1849 892 1915 929 et5⁸
1944 897 2003 928 erit

60 954 284 988 masculinum.

59 1006 192 1039 similes.

59 1068 137 1091 mor
161 1057 268 1090 neutri
294 1057 424 1101 generis
451 1058 709 1090 mai-musculum
739 1070 807 1091 esse
818 1055 841 1075 “¹
870 1058 1002 1091 indicat.

224 1108 259 1143 ⁴.
312 1109 397 1141 Nam
424 1119 529 1152 genus
556 1109 649 1151 quod
662 1106 687 1126 ⁶²
713 1110 744 1142 in
772 1110 1016 1154 principalitate
1043 1113 1108 1148 est,
1143 1108 1178 1140 id
1212 1119 1282 1140 esse
1309 1102 1428 1139 solet⁰³
1455 1107 1487 1139 in
1499 1102 1523 1123 ‘⁵⁴
1553 1105 1782 1138 diminutione.

855 1161 924 1194 Sed
951 1162 1035 1194 scire
1059 1161 1221 1193 debemus
1249 1171 1288 1192 ex
1311 1159 1493 1203 positione,
1520 1157 1554 1190 id
1582 1153 1674 1198 θείω,
1700 1154 1869 1200 primitivo
1897 1152 2002 1185 decli-

60 1171 126 1193 non
153 1171 302 1205 semper,
329 1165 365 1193 ut
387 1158 610 1205 Ρίείνὶηαηι65
632 1162 800 1206 pistrilla.

61 1212 245 1255 nationem,
282 1217 315 1245 et
351 1223 390 1244 ex
417 1209 668 1245 diminutione‘5⁷
702 1224 808 1258 genus
840 1213 1013 1258 colligere.

545 1297 574 1330 C
600 1297 632 1330 A
659 1297 696 1329 P.
748 1297 904 1330 xxvln.

246 1006 297 1038 Fit
317 1010 349 1037 et
374 1016 436 1049 per
463 1005 724 1047 diminutionem,
752 1011 869 1050 utputa
886 1006 1015 1051 Jimcm
1026 1003 1050 1023 5⁰
1063 1006 1280 1039 masculinum
1303 1016 1372 1037 esse
1398 1004 1563 1037 funiculus
1589 1002 1741 1036 ostendit.

982 1296 1055 1328 De

336 954 420 986 ltem
446 965 486 986 ex
513 955 763 997 comparatione
790 955 1022 999 positivorum,
1051 960 1086 987 ut
1112 954 1137 986 si
1164 954 1254 986 dicas
1282 953 1415 993 doctus,
1442 962 1607 996 magnus,
1636 950 1765 994 positivi
1792 953 1865 981 sunt
1892 952 1924 980 et
1954 948 2003 980 sui

1794 1001 1850 1034 Sic
1861 995 1886 1015 ⁰⁰
1904 1010 2001 1032 mur-

1834 1101 1904 1135 Sed
1932 1101 2000 1135 hoc

1107 1290 1511 1339 Elymologiassss.

225 1363 259 1396 l.
312 1363 543 1408 Etymologia
571 1369 619 1397 est
655 1364 752 1409 origo
779 1364 1038 1406 vocabulorum,
1081 1374 1157 1396 cum
1185 1362 1232 1394 vis
1260 1362 1351 1394 verbi
1378 1361 1432 1394 vel
1465 1359 1605 1393 nominis
1617 1353 1642 1374 ¹³⁹
1668 1369 1730 1402 per
1759 1356 2003 1401 interpretatio—

62 1427 137 1448 nem
161 1415 339 1460 colligitur.
390 1416 488 1448 Hanc
510 1415 702 1448 Aristoteles
732 1412 928 1460 σύμβολον,
956 1414 1076 1448 Cicero
1087 1411 1112 1430 ⁷⁰
1138 1414 1385 1445 annotationem
1413 1411 1610 1450 nominavit,
1636 1410 1715 1452 quia
1740 1419 1849 1440 rerum
1873 1406 2005 1439 nomina

62 1472 94 1500 et
120 1464 255 1500 verba⁷¹
283 1472 361 1499 nota
388 1463 501 1499 facit⁷²
529 1467 684 1510 exemplo
711 1466 820 1510 posito
833 1462 874 1508 ⁷³,
901 1470 1018 1510 utputa
1033 1464 1192 1510 flumen,
1220 1465 1297 1507 quia
1323 1462 1458 1495 fluendo
1486 1462 1603 1502 crevit,
1633 1472 1652 1492 a
1678 1458 1814 1492 fluendo
1843 1458 1978 1491 dictum.

226 1517 259 1549 2.
313 1517 413 1550 Cuius
440 1517 588 1561 cognitio
615 1529 716 1561 saepe
742 1529 836 1550 usum
863 1517 1080 1550 necessarium
1109 1516 1211 1548 habet
1232 1516 1264 1548 in
1290 1514 1561 1559 interpretatione
1587 1523 1653 1545 sua.

62 1568 166 1610 deris,
207 1567 294 1601 unde
335 1573 443 1601 ortum
477 1574 526 1602 est
557 1580 698 1612 nomen,
737 1569 831 1602 citius
861 1569 928 1602 vim
956 1569 1025 1603 eius
1049 1567 1218 1613 intelligis.

61 1676 178 1704 sicilicis
194 1677 226 1707 Z.
249 1692 289 1698 —
312 1677 466 1705 sicilicum
487 1678 523 1708 al.
549 1693 584 1699 —
609 1678 654 1715 43)
678 1678 728 1706 Sic
752 1678 809 1708 Gu.
837 1681 863 1710 1.
885 1694 927 1700 —
955 1689 1012 1717 ge-

63 1719 242 1747 minandam
259 1730 320 1747 esse
336 1720 454 1748 literam
469 1720 551 1758 vulg.
595 1720 683 1758 Vulg.
707 1720 791 1749 addit
811 1720 898 1750 haec:
922 1727 948 1749 et
967 1723 1014 1749 Si-

63 1762 184 1798 cilicas,
209 1763 283 1800 quia
299 1764 331 1790 in
349 1764 458 1791 Sicilia
473 1764 611 1791 int-entus
624 1769 666 1790 est
684 1765 796 1801 primo,
815 1774 889 1802 quae
906 1774 963 1792 om.
982 1764 1014 1793 Z.

63 1804 217 1835 Gu.1.Ar.
233 1815 280 1843 pr.
296 1815 340 1835 va.
355 1821 396 1827 —
414 1807 459 1840 44)
476 1806 535 1834 Cfr.
551 1806 695 1841 Quinctil.
706 1807 801 1836 instit.
817 1807 838 1842 l,
857 1807 885 1838 5.
906 1811 934 1834 et
945 1808 1014 1835 Ser-

62 1846 103 1884 gii
119 1851 172 1875 art.
183 1857 239 1875 sec.
251 1847 285 1874 de
295 1848 382 1876 casib.
397 1864 439 1869 —
452 1851 496 1883 ι45)
509 1848 556 1877 Sic
568 1849 623 1877 Gu.
636 1852 661 1881 1.
680 1859 775 1877 va.—
790 1847 923 1887 aliquod
932 1850 1012 1887 vulg.

65 1889 111 1926 46)
122 1888 171 1916 Sic
181 1889 237 1918 Gu.
250 1892 275 1919 1.
286 1889 406 1927 gothici,
424 1891 532 1929 quibus
543 1891 688 1927 Lucanus,
707 1897 738 1920 ut
748 1902 834 1930 saepe
851 1891 931 1927 alibi,
943 1902 1013 1920 con-

63 1930 143 1959 cinit.
156 1947 198 1953 ·—
214 1937 247 1959 ut
258 1932 336 1970 vulg.
352 1949 394 1954 —
408 1934 453 1972 47)
472 1936 503 1961 in
512 1934 543 1962 Ζ.
553 1934 719 1973 praeponit.
736 1950 778 1956 —
793 1938 837 1970 45)
852 1936 886 1962 Si
894 1934 1014 1972 quidde

61 1973 111 2000 Itis
121 1973 151 2002 Z.
163 1974 219 2002 Gu.
230 1977 258 2004 2.
270 1974 402 2003 Lucanus
413 1976 478 2004 cod.
490 1987 534 2014 pr.
545 1986 591 2005 va.
601 1979 694 2013 -49)
707 1977 783 2015 vulg.
796 1977 863 2005 add.
874 1977 909 2004 itl
916 1983 959 2004 cst
967 1979 1012 2004 si-

62 2015 217 2053 militudo,
233 2026 308 2054 quae
318 2017 406 2045 verba
417 2029 472 2046 om.
491 2019 546 2047 Gu.
557 2021 582 2050 1.
593 2035 634 2041 —
650 2019 695 2057 50)
707 2020 783 2058 vulg.
794 2019 848 2047 sed
857 2025 897 2047 est
915 2019 1012 2048 delevi

63 2068 79 2086 e
92 2059 123 2087 Z.
139 2059 193 2087 Gu.
215 2062 242 2090 1.
260 2075 302 2080 —-
324 2059 371 2098 51)
395 2062 537 2089 anomala
555 2062 588 2091 Z.
602 2078 644 2083 —
667 2065 712 2096 552)
732 2063 780 2090 Sic
798 2063 855 2091 Gu.
874 2066 899 2093 1.
914 2072 959 2092 va.
973 2079 1009 2084 -—-

64 2100 159 2139 lupus
174 2106 200 2128 et
215 2102 298 2139 iqui-s
316 2102 394 2139 vulg.
420 2120 455 2124 —
487 2110 513 2131 et
540 2115 596 2132 om.
617 2105 647 2132 Z.
671 2114 716 2143 pr.
741 2121 784 2126 -—-
806 2104 851 2144 53)
866 2115 957 2132 casu-9
972 2105 1010 2134 al.

66 2161 102 2165 —
127 2141 266 2181 54)fec1‘t
284 2146 332 2172 Ar.
348 2155 394 2182 pr.
417 2161 459 2167 —
481 2147 526 2182 55)
549 2147 598 2175 Sic
617 2148 673 2175 Gu.
700 2150 726 2178 1.
747 2150 775 2179 2.
798 2164 839 2169 —
861 2148 1010 2175 masculi-

63 2195 138 2213 num
160 2197 202 2214 an
214 2188 405 2223 femininam
427 2189 467 2215 ,sit
491 2189 570 2227 vulg.
592 2206 634 2210 —
656 2191 845 2225 56)v1wmini
871 2189 971 2218 addidi
995 2200 1010 2218 e

66 2228 124 2257 Gu.
147 2231 172 2259 1.
195 2245 237 2250 —
261 2229 306 2267 57)
329 2230 378 2257 Sic
395 2230 451 2257 Gu.
471 2233 497 2261 1.
514 2248 555 2252 —
577 2232 690 2259 similis
703 2238 743 2259 est
760 2233 840 2270 vulg.
857 2250 895 2255 —-
918 2233 966 2269 58)
984 2238 1010 2259 et

65 2280 123 2301 om.
150 2271 204 2301 Gu.
223 2274 250 2303 2.
271 2288 313 2292 —
335 2270 382 2311 59)
396 2274 484 2308 suna
503 2274 559 2304 Gu.
573 2277 599 2305 1.
614 2275 694 2312 finis
709 2275 740 2304 Z.
762 2291 804 2296 —
826 2277 894 2302 ilem
912 2276 1008 2312 sifu-

64 2314 111 2341 nia·
129 2323 174 2341 va.
196 2330 238 2334 —
260 2316 307 2350 60)
325 2315 372 2342 Sic
390 2315 436 2342 Gu
456 2317 480 2345 1.
503 2331 544 2336 ·—·
565 2319 644 2344 sicut
661 2318 741 2355 vulg.
757 2334 798 2339 —
822 2316 870 2357 61)
887 2319 936 2345 Sic
952 2319 1008 2348 Gu.

1708 1511 1793 1543 Nam
1816 1521 1891 1543 cum
1903 1506 1926 1525 ⁷⁴
1953 1509 2003 1541 vi-

1272 1566 1388 1601 Omnis
1416 1566 1503 1599 enim
1528 1564 1576 1598 rei
1608 1562 1770 1608 inspectio
1799 1560 2004 1606 etymologia

1056 1676 1141 1716 quod
1156 1688 1254 1716 genus
1272 1676 1353 1714 vulg.
1376 1693 1417 1698 —-
1440 1674 1485 1713 63)
1509 1673 1588 1702 idem
1607 1673 1643 1702 al.
1657 1688 1699 1693 —
1720 1672 1768 1706 64)
1784 1671 1857 1699 Solet
1874 1680 1934 1697 esse
1949 1669 2003 1699 Gu.

1056 1723 1084 1752 2.
1113 1736 1146 1742 ·-
1179 1722 1224 1757 65)
1253 1721 1422 1758 pria-tinam
1447 1718 1477 1746 Z.
1503 1719 1558 1745 Gu.
1578 1720 1605 1748 2.
1634 1729 1677 1737 -
1694 1714 1838 1753 pistrella
1864 1723 1920 1752 pro
1941 1714 2005 1750 pis-

1057 1763 1144 1790 trilla
1162 1773 1206 1801 pr.
1230 1779 1270 1785 —
1300 1765 1345 1798 66)
1374 1760 1410 1788 id
1422 1766 1463 1787 est
1480 1770 1536 1789 om.
1554 1760 1586 1789 Z.
1603 1758 1658 1786 Gu.
1675 1760 1700 1788 1.
1715 1759 1744 1788 2.
1759 1757 1809 1785 Ar.
1831 1771 1873 1777 —-
1891 1756 2005 1794 primi-

1056 1808 1121 1833 tiva
1134 1805 1334 1833 declinatione
1349 1804 1384 1832 al.
1408 1819 1449 1824 —
1471 1803 1518 1840 67)
1542 1808 1568 1829 et
1590 1812 1622 1829 ex
1644 1800 1740 1837 vulg„
1763 1798 1815 1827 sed
1839 1809 1871 1826 ex
1894 1809 1949 1826 om.
1974 1798 2004 1827 Z.

1058 1850 1115 1877 Gu.
1139 1851 1163 1879 1.
1188 1851 1217 1879 2.
1242 1864 1283 1870 —
1305 1847 1518 1885 expositione-m
1536 1844 1769 1872 declinationem
1785 1848 1810 1869 et
1827 1840 1934 1870 exdim.
1957 1850 2004 1869 va.

1057 1908 1091 1912 ψ
1110 1889 1155 1928 68)
1172 1891 1359 1919 Omittuntur
1377 1890 1408 1917 in
1429 1888 1494 1916 cod.
1511 1889 1620 1916 Zittav.
1642 1885 1748 1924 capita,
1772 1894 1846 1922 quae
1860 1894 1940 1912 nunc
1955 1893 2003 1911 se—

1056 1938 1190 1971 quuntur
1207 1943 1301 1971 usque
1321 1932 1357 1960 ad
1377 1932 1463 1959 finem
1479 1930 1557 1959 libri.
1582 1929 1683 1958 Scriba
1701 1927 1813 1956 codicis
1834 1926 1906 1955 haec
1920 1930 2003 1954 nota-

1056 1976 1114 2004 vit:
1139 1976 1355 2014 Sub-refluentes
1375 1975 1537 2009 materias,
1569 1978 1603 2000 ut
1626 1971 1662 1999 de
1682 1970 1916 2008 Aetliimologicz
1939 1969 2002 2005 (se-

1056 2023 1191 2056 quuntur
1214 2018 1331 2046 nomina
1355 2017 1487 2056 capitum
1520 2025 1615 2054 usque
1643 2013 1680 2042 ad
1702 2013 1819 2042 initium
1843 2012 1911 2041 libri
1934 2008 2001 2048 111.)

1055 2072 1148 2099 quum
1171 2072 1270 2089 omnes
1291 2063 1353 2088 sint
1375 2060 1516 2097 vulgares
1538 2064 1563 2086 et
1592 2060 1623 2085 in
1646 2056 1734 2084 libris
1757 2057 1912 2093 impressi-5
1932 2054 2002 2081 ltine

1055 2104 1125 2131 inde
1138 2106 1335 2142 reperiantur,
1359 2114 1410 2130 eus
1423 2101 1527 2129 studio
1546 2102 1644 2136 omisi,
1656 2105 1681 2127 el
1697 2098 1740 2126 ad
1754 2098 1865 2125 librum
1881 2098 2001 2125 tertium

1053 2152 1236 2174 tractantem
1250 2145 1286 2174 de
1299 2146 1505 2174 Arithmetica
1519 2155 1564 2171 me
1580 2142 1706 2171 contuli.
1719 2157 1763 2163 —
1785 2143 1831 2176 69)
1842 2142 1886 2167 vis
1902 2139 2000 2167 norni-

1051 2191 1101 2216 πίε
1120 2190 1164 2216 vel
1176 2189 1255 2217 vec-hi
1271 2199 1314 2216 va.
1331 2205 1373 2209 —
1394 2186 1441 2226 70)
1465 2187 1568 2215 Cicero
1581 2187 1611 2214 in
1627 2184 1730 2223 Topic,
1744 2185 1773 2218 8,
1792 2183 1841 2213 35.
1865 2182 1999 2211 notatio-

1052 2242 1118 2259 nem
1138 2237 1235 2260 vocat.
1265 2232 1353 2259 Errat
1377 2230 1466 2267 igitur
1484 2229 1626 2258 Isidorus.
1646 2245 1682 2249 —
1704 2228 1748 2263 71)
1772 2225 1821 2252 Sic
1840 2225 1893 2253 Gu.
1915 2228 1939 2255 1-
1958 2236 1999 2244 -

1051 2276 1176 2302 nomina
1194 2280 1219 2302 el
1235 2274 1322 2301 verba
1341 2283 1440 2301 retum
1453 2272 1585 2309 vulg.-—
1606 2274 1651 2303 72)
1665 2270 1746 2307 fecit
1765 2268 1821 2295 Gu.
1834 2270 1860 2298 1.
1882 2282 1923 2288 —
1944 2274 1998 2291 710-

1052 2322 1116 2344 tam
1127 2318 1219 2353 facit.
1233 2327 1279 2345 va.
1302 2332 1344 2338 —
1360 2314 1405 2353 73)
1422 2315 1472 2342 Sic
1489 2316 1545 2343 Gu.
1561 2316 1588 2345 1.
1605 2313 1642 2344 al,
1664 2329 1706 2334 —-
1723 2311 1829 2349 posita
1845 2310 1899 2337 Gu.
1920 2309 1947 2337 2.
1960 2321 1995 2326 —

67 2357 146 2385 1.—
168 2357 410 2385 mar-masculam
424 2356 542 2385 indicat
556 2360 635 2397 vulg.
659 2375 699 2381 —
721 2363 766 2398 62)
789 2361 838 2388 Sic
852 2361 908 2389 Gu.
930 2363 955 2391 1.
970 2377 1008 2381 -
1046 2361 1204 2398 proposito
1219 2359 1299 2397 vulg.
1322 2374 1364 2381 —
1387 2359 1432 2395 74)
1455 2356 1529 2385 dum
1551 2357 1605 2385 Gu-
1621 2359 1650 2387 2.
