2264 2830
791 127 1036 163 ORIGlNUM
1074 130 1220 165 LlBER
1246 131 1306 167 vl.

1947 136 2020 170 193

233 227 267 260 4.
321 228 496 261 Praeterea
517 230 641 259 sextam
665 229 698 258 et
718 224 892 270 septimam
914 224 1095 259 editionem
1117 225 1283 272 Origenes
1308 227 1392 260 miro
1413 225 1530 259 labore
1555 225 1705 271 repperit
1715 222 1750 269 ²³,
1779 233 1811 261 et
1838 239 1915 263 cum
1942 241 2020 266 cae-

382 277 406 296 25)

71 280 147 312 teris
174 278 373 312 editionibus
432 278 648 323 comparavit.

238 339 253 355 r

73 444 262 476 antefertur.

316 528 465 562 CAP.
520 528 560 561 V.

237 351 270 374 .).
322 340 500 383 Presbyter
526 350 661 382 quoque
688 338 914 381 Hieronymus
940 337 1038 370 trium
1066 338 1254 383 linguarum
1277 339 1402 383 peritus
1413 334 1437 354 ³⁰
1458 349 1497 370 ex
1521 338 1677 371 Hebraeo
1702 339 1733 372 in
1761 340 1917 374 Latinum
1945 343 2019 375 elo-

71 392 186 434 quium
215 392 347 425 easdem
375 391 551 434 scripturas
579 391 755 429 convertit,
793 391 1054 432 eloquenterque
1089 390 1272 424 transfudit.

1332 389 1434 422 Cuius
1463 390 1689 434 interpretatio
1725 394 1844 425 merito
1883 395 2021 427 caeteris

315 445 401 476 Nam
430 449 477 475 est
505 449 536 475 et
565 443 745 475 verborum
772 442 937 482 tenacior,
966 446 998 474 et
1024 442 1261 486 perspicuitate
1289 442 1468 473 sententiare
1495 439 1659 474 clari0r³¹.

638 527 703 561 De
738 538 804 569 eo,
856 527 929 572 qui
963 527 1157 572 primum
1191 528 1374 561 Romam
1408 526 1547 560 libros
1587 529 1785 563 advexit.

240 605 272 639 l.
324 602 491 638 Romae³²
521 605 646 649 primus
681 606 841 637 librorum
884 605 1018 649 copiam
1053 604 1186 637 advexit
1220 605 1383 638 Aemilius
1411 605 1552 645 Paulus,
1592 602 1729 638 Perse³³
1756 605 2021 641 Macedonum³⁴

75 668 156 701 rege
183 656 330 694 devictm
363 657 485 690 deinde
514 657 676 690 Lucullus
705 670 724 689 e
748 658 886 689 Pontica
914 657 1050 700 praeda.

74 709 162 742 cium
188 720 288 752 quain
312 710 473 742 maximae
486 705 510 725 ³³
539 708 762 741 bibliothecae
789 708 1039 742 construendae.

239 769 271 801 2.
324 770 472 802 Primum
499 774 608 802 autem
636 769 766 801 Romae
795 768 1017 801 bibliothecas
1045 768 1230 812 publicavit
1256 768 1385 807 Pollio,
1414 764 1585 801 Graecas³

75 820 197 853 additis
224 826 397 854 auctorum
426 822 626 866 imaginibus
646 821 678 853 in
706 821 808 862 atrio,
836 820 929 863 quod
958 820 1001 853 de
1029 821 1190 853 manubiis

359 907 388 941 C
414 908 442 940 A
472 908 509 940 P.
560 907 617 940 Π.

1105 657 1184 689 Post
1217 656 1279 690 hos
1308 657 1431 690 Caesar
1464 656 1557 690 dedit
1587 656 1707 691 Marco
1736 658 1878 691 Varroni
1912 671 2021 705 nego-

1587 764 1598 784 ὓ
1625 769 1719 801 simul
1748 773 1847 811 atque
1874 771 2021 812 Latinas,

1202 817 1226 836 ³³
1252 821 1616 865 magnificentissimum
1644 820 1846 854 instruxerat.

700 906 786 953 Qui
821 907 941 951 (qiud
975 918 1050 940 nos
1086 906 1399 941 bibliothecas
1434 907 1742 940 instituerunt.

247 976 274 1008 1.
328 976 429 1020 Apud
458 987 517 1007 nos
539 987 674 1018 quoque
701 974 901 1019 Pamphilus
912 972 938 991 ³⁶
965 975 1113 1019 Martyr,
1141 976 1233 1009 cuius
1260 976 1359 1008 vitam
1383 976 1546 1008 Eusebius
1574 974 1793 1008 Caesariensis
1820 974 2025 1018 conscripsit,

76 1027 280 1059 Pisistratum
309 1027 340 1059 in
374 1039 485 1061 sacrae
520 1027 746 1060 bibliothecae
781 1023 928 1060 studio³⁹
955 1027 1080 1071 primus

1091 1024 1115 1044 ⁴0

1152 1027 1340 1071 adaequare
1375 1027 1555 1061 contendit.
1617 1027 1684 1061 Hic
1717 1027 1803 1059 enim
1840 1026 1872 1058 in
1901 1026 2021 1059 biblio-

76 1078 176 1112 theca
199 1090 255 1110 sua
283 1090 392 1123 prope
419 1079 551 1124 triginta
577 1079 782 1112 voluminum
810 1079 915 1111 millia
929 1075 953 1095 ⁴¹
982 1078 1107 1111 habuit.

243 1138 274 1171 2.
328 1140 552 1182 Hieronymus
585 1150 721 1183 quoque
752 1145 852 1182 atque
885 1136 1113 1171 Gennadius⁴2
1140 1138 1380 1171 ecclesiasticos
1415 1139 1592 1182 scriptores
1619 1141 1690 1170 toto

1701 1133 1726 1153 ⁴³
1752 1137 1835 1170 orbe
1862 1148 2026 1180 quaeren-

78 1195 125 1223 tes
153 1190 270 1223 ordine
282 1187 305 1207 ⁴³
334 1191 499 1235 prosecuti
513 1188 537 1207 ⁴⁵
561 1197 650 1232 sunt,
679 1202 863 1234 eorumque
890 1191 998 1224 studia
1021 1191 1053 1223 in
1075 1202 1141 1223 uno
1166 1190 1341 1222 voluminis
1369 1190 1517 1223 indiculo
1546 1188 1883 1233 comprehenderunt.

484 1276 512 1310 c
542 1277 571 1308 A
598 1277 635 1309 P.
691 1273 799 1310 vum.
883 1275 985 1321 Qui

246 1345 276 1378 l.
331 1344 467 1377 Marcus
499 1344 676 1377 Terentius
702 1344 808 1377 Varro
843 1343 935 1388 apud
971 1343 1107 1376 Latinos
1142 1343 1395 1376 innumerabiles
1428 1342 1528 1375 libros
1555 1342 1692 1386 scripsit.

564 1396 651 1428 miris
682 1396 841 1428 attollitur
877 1395 1049 1435 laudibus,
1083 1395 1176 1438 quod
1211 1400 1319 1427 tantos
1354 1395 1455 1427 libros
1490 1390 1682 1437 edideritffl,
1716 1397 1857 1436 quantos
1891 1392 2028 1436 quisque

81 1406 217 1438 quoque
244 1396 497 1429 Chalceniterus
513 1392 536 1411 ⁴⁷

1037 1275 1207 1308 mulla
1258 1275 1621 1319 scripserunt.

1747 1339 1851 1385 Apud
1878 1340 2028 1375 Graecos

81 1453 225 1480 nostrum
250 1447 376 1479 alienos
398 1444 576 1480 scribere⁴⁹
602 1448 743 1491 propria
770 1458 869 1480 manu
897 1447 950 1478 vix
976 1446 1088 1490 possit.

247 1507 279 1540 2.
333 1507 385 1539 De
412 1506 527 1539 nostris
561 1503 733 1549 quoque⁵⁰
758 1506 850 1551 apud
886 1506 1036 1539 Graecos
1071 1505 1236 1550 Origenes
1270 1505 1302 1538 in
1337 1505 1574 1549 scripturarum
1610 1504 1726 1536 labore
1761 1507 1829 1535 tam
1867 1502 2029 1544 Graecos,

80 1570 181 1602 quam
207 1559 343 1591 Latinos
370 1569 511 1602 operum
539 1569 673 1590 suorum
706 1569 846 1591 numero
880 1557 1056 1602 superavit.

81 1607 146 1643 se⁵¹
173 1610 292 1655 legisse
319 1610 450 1642 fatetur.

245 1661 278 1694 3.
330 1662 462 1694 Horum
488 1668 598 1694 tamen
625 1660 772 1694 omniurn
801 1660 909 1693 studia
935 1661 1143 1706 Augustinus
1170 1659 1321 1705 ingenio,
1359 1659 1412 1692 vel
1444 1658 1578 1693 scientia
1606 1670 1663 1691 sua
1690 1657 1777 1692 vicit.

80 1770 127 1811 34)
151 1770 329 1798 Macedonio
353 1780 397 1808 pr.
413 1780 458 1799 va.
485 1787 520 1790 —
545 1773 590 1803 35)
608 1770 655 1798 Sic
676 1769 780 1808 scripsi
804 1780 871 1799 curn
895 1770 1032 1799 Arevalo.

84 1829 120 1834 —
144 1812 230 1850 Vulg.
253 1818 296 1841 est
320 1823 415 1840 causa
438 1815 567 1840 maxt'me
587 1813 783 1841 bibliothecae
804 1812 1030 1846 construendae,

82 1856 163 1894 quod
193 1865 312 1883 sensum
343 1866 403 1883 non
432 1854 531 1884 habet.
564 1856 619 1884 Gu.
638 1858 663 1886 1.
688 1866 814 1883 cmc-sam
835 1871 876 1877 —-
898 1856 935 1886 al.
964 1866 1032 1884 cam

83 1908 180 1926 causa
204 1916 240 1920 -
264 1904 355 1925 ettam
375 1908 443 1925 cum
468 1909 546 1926 max.
565 1909 610 1927 va.
632 1915 675 1920 —
702 1904 794 1926 ettam
817 1909 897 1928 max.
923 1909 969 1926 va.
991 1914 1032 1919 —

82 1951 153 1969 cum
176 1942 304 1968 maxime
328 1941 384 1969 Gu.
398 1942 427 1971 3.
473 1940 538 1970 On).
562 1940 739 1970 vocabulum
764 1952 861 1969 causa
877 1942 907 1969 Z.
931 1943 1029 1972 Gu.2.

81 1999 123 2005 --
146 1984 192 2020 36)
216 1984 262 2011 vel
282 1984 356 2010 Ιιιιιῖο
381 1984 486 2012 Graec.
510 1984 563 2012 Gu.
584 1987 611 2016 1.
631 2000 673 2006 —-
695 1984 766 2011 ln'nc
785 1986 839 2014 Gr.
864 1984 919 2013 Gu.
937 1987 963 2015 2.
986 1984 1032 2020 al.‚

83 2026 165 2065 quod
191 2025 263 2064 quid
286 2026 342 2062 sit,
371 2026 478 2055 nescio.
502 2042 542 2048 -·
580 2029 624 2061 37)
650 2025 684 2054 <le
709 2027 816 2065 spoliis
838 2028 1032 2055 inimicorum

83 2069 190 2104 Gu.1.‚
216 2079 290 2107 quae
306 2068 462 2097 manifesta
483 2073 526 2097 est
548 2068 764 2108 interpretatio,
788 2070 816 2098 in
841 2070 953 2109 optimo
977 2079 1031 2097 co-

83 2112 147 2141 dice
169 2116 296 2150 reperta.
342 2111 386 2139 Al.
409 2110 476 2139 add.
501 2110 536 2138 id
556 2117 597 2138 est
621 2111 655 2139 <le
679 2111 776 2141 (lonis.
798 2129 840 2134 —
863 2113 910 2150 38)
934 2114 1031 2140 Pam-

78 2154 199 2193 philius
214 2155 245 2182 Z.
270 2154 325 2182 Gu.
347 2157 373 2185 1,
397 2170 438 2176 -
460 2152 505 2191 39)
523 2164 578 2181 sm>
596 2153 698 2183 studio
723 2156 779 2186 Gu.
799 2158 828 2186 2.
850 2171 887 2176 —
911 2154 960 2193 40)
983 2154 1032 2182 sic

83 2198 116 2226 Ζ.
132 2198 197 2225 ·Gu.
215 2200 240 2228 1.
258 2197 307 2225 Ar.
330 2212 371 2217 -—
398 2195 504 2234 (ulans.
524 2197 612 2234 prim.
629 2198 709 2234 vulg.
733 2215 772 2220 —
796 2199 841 2235 41)
865 2197 913 2225 Sic
929 2197 985 2227 Gu.
1003 2199 1030 2228 1.

83 2256 125 2263 —
145 2240 235 2267 milla
256 2239 337 2277 vulg.
365 2255 406 2260 —
436 2236 485 2277 42)
511 2238 669 2266 Οεη(ιᾰίιιε
695 2240 750 2270 Gu.
779 2244 803 2271 1.
849 2240 912 2269 Om.
937 2240 968 2267 Z.
989 2255 1030 2261 -—

84 2279 133 2321 43)
156 2284 189 2310 in
211 2288 272 2310 toto
296 2282 364 2309 orbe
381 2282 411 2310 Z.
427 2297 467 2302 --
491 2280 536 2318 44)
553 2280 687 2309 ordinem
710 2283 766 2310 Gu.
788 2286 816 2314 2.
842 2299 877 2304 —·
902 2282 950 2319 45)
963 2293 1030 2320 per-

84 2326 180 2352 secuti
202 2325 257 2353 Gu.
272 2327 299 2355 2.
321 2325 368 2353 Ar.
390 2340 430 2345 —-
451 2324 495 2361 46)
511 2323 576 2351 Hoc
600 2329 706 2362 caput,
728 2330 756 2353 et
778 2335 853 2363 quae
877 2329 1029 2364 praeterea

84 2366 143 2396 hoc
171 2367 249 2396 libro
276 2367 467 2406 reperiuntur
497 2376 555 2395 0111.
585 2366 651 2395 cod.
680 2367 786 2395 Zittav.
828 2384 862 2389 -—
909 2368 956 2404 47)
981 2367 1030 2395 Sic

87 2411 176 2439 Arev.
195 2427 227 2431 -
257 2410 421 2439 Cult'terias
443 2408 524 2448 vulg.
547 2425 588 2431 —-
619 2409 788 2438 Calciterus
811 2410 867 2439 Gu.
890 2412 918 2441 2.
934 2411 964 2441 3.
983 2419 1029 2448 pr.

130 2461 293 2490 GRAMMAT.
315 2472 382 2490 Lar.
399 2461 448 2490 Ill.

1115 1557 1268 1600 Denique
1296 1557 1520 1601 Hieronymus
1553 1566 1609 1589 sex
1643 1555 1735 1588 milia
1768 1555 1929 1587 librorum
1964 1555 2031 1588 eius

1832 1657 1918 1690 Nam
1942 1663 2031 1691 tanta

1076 1780 1120 1798 va.
1138 1785 1180 1790 ——
1198 1768 1371 1797 cassiteras
1388 1769 1424 1797 al.
1442 1785 1480 1789 —
1500 1768 1684 1797 Cassiterius
1708 1776 1771 1796 var.
1787 1766 1856 1794 lect.
1876 1776 1923 1805 ap.
1944 1766 2030 1794 Goth.

1080 1812 1279 1841 Grammatico
1303 1811 1508 1841 Alexandrino
1533 1810 1660 1848 Didymo
1692 1808 1749 1837 hoc
1777 1808 1834 1836 suit
1858 1818 2031 1846 cognomen,

1079 1860 1112 1883 ut
1135 1855 1175 1883 ait
1188 1854 1318 1893 Hesych.
1342 1855 1371 1883 in
1395 1854 1447 1883 lib.
1468 1853 1505 1882 de
1529 1853 1573 1886 iis,
1599 1852 1651 1891 qui
1667 1852 1697 1879 in
1717 1851 1832 1889 discipl.
1850 1851 2032 1880 claruerunt.

1075 1897 1143 1927 Vid.
1167 1897 1251 1927 Suid.
1284 1915 1319 1919 -
1355 1897 1401 1937 48)
1424 1895 1520 1924 edidit
1544 1896 1581 1925 al.
1613 1911 1646 1916 —
1679 1892 1727 1934 49)
1752 1895 1800 1922 Sic
1815 1895 1870 1922 Gu.
1890 1896 1916 1925 1.
1933 1897 1962 1927 2,
1987 1904 2032 1933 pr.

1075 1950 1120 1968 va.
1145 1940 1194 1970 Ar.
1222 1956 1263 1962 —
1293 1940 1379 1978 Vulg.
1405 1940 1508 1967 aliena
1532 1944 1558 1966 et
1588 1937 1722 1966 scribere.
1774 1937 1820 1966 Al.
1844 1946 1900 1975 pro
1931 1937 2033 1965 aliena

1075 1981 1217 2011 exhibent
1239 1983 1425 2011 nallatenus.
1471 1982 1507 2010 Et
1531 1985 1574 2010 est
1596 1980 1669 2009 haec
1692 1990 1755 2009 var.
1782 1980 1849 2008 lect.
1874 1990 1921 2018 ap.
1944 1979 2032 2008 Goth.

1075 2025 1133 2054 Sed
1156 2030 1191 2054 ut
1213 2036 1284 2063 nos,
1313 2025 1353 2054 ita
1377 2024 1487 2053 Rusfin.
1533 2024 1647 2052 Iuvect.
1678 2024 1721 2053 M.
1751 2022 1925 2050 Terentium
1951 2023 2031 2051 Var-

1075 2078 1176 2096 ronem
1198 2070 1330 2096 miratur
1349 2069 1538 2107 antiquilcw,
1578 2065 1660 2105 quod
1690 2064 1778 2104 apud
1805 2066 1939 2093 Latino-5
1969 2071 2031 2092 tam

1073 2111 1310 2139 innumerabiles
1333 2111 1426 2139 l1l1roS
1448 2110 1612 2148 scripserit.
1666 2109 1777 2137 Graeci
1803 2107 2030 2136 Clzalcenterum

1074 2155 1163 2181 miris
1185 2154 1310 2192 eff‘erunt
1326 2153 1489 2189 Inruimus,
1514 2150 1598 2191 quod
1620 2157 1722 2179 tantu-5·
1744 2150 1839 2179 libros
1862 2160 2029 2188 compo-me-

1074 2198 1131 2233 rit,
1155 2203 1285 2235 quantos
1309 2198 1412 2235 quiri-s·
1433 2202 1571 2224 nostrum
1595 2194 1711 2222 alienos
1733 2204 1792 2221 saa
1804 2203 1900 2221 manu
1916 2192 2026 2219 ‹lesere-

1073 2239 1137 2267 bere
1158 2250 1219 2268 non
1237 2241 1345 2278 possit.
1370 2256 1405 2261 —
1442 2240 1491 2277 50)
1514 2239 1655 2276 Denique
1679 2247 1733 2276 pro
1756 2236 1804 2265 his
1827 2234 1947 2264 exhibet
1971 2233 2023 2259 Gu.

1073 2284 1118 2318 2.,
1139 2282 1191 2311 sed
1214 2282 1245 2310 in
1267 2292 1357 2320 marg.
1382 2286 1426 2311 est
1448 2281 1531 2319 vulg.
1550 2297 1590 2302 --
1607 2280 1644 2308 al.
1667 2278 1785 2308 deinde.
1829 2278 1888 2306 Alii
1907 2276 1954 2304 De
1974 2285 2025 2302 no-

1071 2326 1145 2351 stris
1168 2335 1260 2364 usque
1284 2325 1320 2353 ad
1338 2326 1462 2363 fatetur
1487 2334 1544 2353 om.
1576 2340 1614 2344 —
1654 2320 1704 2363 51)
1725 2333 1755 2350 se
1778 2331 1834 2350 om.
1859 2320 1913 2346 Gu.
1937 2319 1965 2347 2.
1989 2316 2022 2344 al-

1071 2377 1117 2406 pr.
1140 2377 1185 2396 va.

1517 2457 1593 2491 Bb
