2264 2830
617 112 872 148 ANALECTA
899 112 962 146 AD
1001 111 1176 147 ISIDORI
1211 113 1568 148 ETYMOLOGIAS.
1984 119 2058 152 637

186 209 340 239 Secundus
371 208 474 246 cyclus
505 208 599 238 lunae,
646 207 750 235 Omnia
780 207 986 239 consentiunt,
1020 215 1070 233 ex-
1114 206 1208 244 (tyele.
1253 207 1367 235 Similes
1390 207 1459 235 alias
1485 208 1700 245 discrepantias
1727 208 1802 236 inter
1827 209 1984 238 editionem
2009 222 2058 239 no-

121 258 207 292 cepto
233 252 313 290 quod
337 251 365 279 in
387 251 515 280 editione
541 255 593 285 est,
617 250 649 278 Ε.
672 250 738 278 IIII.
762 249 800 278 id.
824 259 887 288 apr.
906 249 968 278 XV.
990 253 1017 276 et
1040 248 1068 275 in
1113 254 1203 277 stram
1222 254 1250 277 et
1274 250 1328 277 alia
1351 250 1529 288 exemplaria
1552 261 1619 278 mss.
1645 255 1695 279 aut
1715 251 1793 278 edita
1816 257 1959 281 annotare
1986 254 2058 281 nihil

121 296 188 326 cod,
213 296 244 324 C.
270 295 334 322 llll.
357 299 412 322 etc.
1112 292 1229 321 iuverit.
1276 293 1331 320 Sed
1357 293 1535 328 notandum,
1563 293 1645 330 quod
1675 293 1702 320 in
1729 293 1829 323 Ottob.
1852 295 1922 326 345,
1947 295 2059 333 primns

185 339 263 366 Tert.
287 337 362 374 cycl.
387 336 445 364 lun.
471 335 547 365 Edit.
571 335 602 363 C.
629 335 692 363 IIII.
720 335 792 362 Non.
816 344 879 372 apr.
904 334 970 361 XX.
996 332 1067 362 Cod.
1114 335 1216 371 cyclus
1250 335 1355 373 incipit
1378 336 1547 363 Communis
1577 346 1623 363 an.
1653 336 1687 366 ll.
1713 336 1752 364 id.
1778 346 1841 374 apr.
1875 338 1936 365 lun.
1969 338 2060 373 XXI„

125 380 229 409 C.111.
260 380 334 408 Nou.
366 383 409 406 etc
450 378 569 415 Reliqua
601 377 798 406 consentiunt.
1114 386 1198 414 quem
1233 387 1342 405 annum
1376 378 1455 405 XXI.
1491 378 1717 416 praeferendum
1760 379 1848 416 aliqui
1890 385 1995 417 putant
2032 385 2060 408 et

185 424 318 458 Quartus
334 420 587 459 cyclEdit.C.Ill
613 417 1069 458 id.apr.X1X.(Jod.C.1111.idi
1114 419 1304 447 consentiunt
1336 419 1384 447 alii
1410 420 1508 455 codd„
1543 420 1634 449 l‘alat.
1671 424 1741 452 283.
1774 422 1956 458 {tegio-vat.
1992 425 2059 454 112.

121 470 246 504 elmete.
262 464 349 492 Nulla
363 463 418 492 alia
428 463 556 492 varietas
566 463 699 501 nequein
711 462 777 500 hoc,
788 472 882 501 neque
896 460 1070 498 insequenti
1116 462 1186 489 Urb.
1211 463 1283 492 479.

705 575 746 609 Il.
826 575 888 608 AI)
924 575 1053 608 LIBRI
1089 574 1128 607 V.
1174 572 1272 607 CAP.
1314 573 1467 605 XXXIX.

121 628 229 657 Addita
254 631 323 655 sunt
344 625 414 654 huie
438 625 529 664 capiti
553 625 607 654 tria
632 625 688 654 alia
713 626 807 664 capita
838 626 867 653 in
891 625 957 654 cod.
986 626 1091 653 Zittav.

737 686 758 712 C
786 686 805 712 A
833 685 860 713 Ρ.
907 685 924 712 l.
992 686 1047 711 De
1083 689 1252 721 tempor(
1289 683 1426 709 seculi.

282 728 383 757 Seculi
406 731 522 765 tempus
545 727 690 755 humanae
712 727 932 764 investigationi
955 727 1099 754 incertum
1124 730 1176 753 est.
1230 726 1354 753 Omnem
1383 725 1459 753 enim
1484 724 1520 752 de
1545 725 1599 753 llac
1633 736 1662 752 re
1692 727 1892 763 quaestionem
1919 728 2060 755 Dominus

119 773 198 801 lesus
222 771 360 803 abstulit,
385 770 502 798 dicens:
526 770 589 797 Non
614 775 657 798 est
681 775 811 798 vestrum
837 779 919 797 nosse
943 773 1076 806 tempora
1100 768 1147 796 vel
1171 772 1334 804 momenta,
1359 777 1433 804 quae
1458 772 1540 806 pater
1567 768 1661 806 posuit
1687 769 1716 795 in
1749 779 1799 796 sua
1825 774 1980 807 potestate.
2026 770 2061 797 Et

119 815 204 843 alibi:
231 815 270 842 Ue
295 813 341 841 dic
365 813 414 840 illa
439 818 466 840 et
488 812 561 840 liora
589 823 673 840 nemo
696 813 766 848 scit,
790 821 885 850 neque
908 811 1003 848 angeli
1027 811 1194 845 coelorum,
1221 810 1275 838 nisi
1299 811 1380 838 solus
1404 814 1495 848 pater.
1542 809 1751 848 Unusquisque
1775 821 1843 847 ergo
1867 811 1904 840 ‹le
1928 822 1981 839 suo
2005 822 2061 839 co—

119 858 189 895 gitet
212 858 356 891 transitu,
381 855 457 882 sicut
481 865 563 882 sacra
587 856 735 893 scriptura
760 854 817 882 ait:
862 854 895 881 In
919 853 1057 881 omnibus
1080 853 1221 891 operibus
1257 853 1316 880 tuis
1346 862 1508 880 memorare
1540 853 1699 880 novissima
1728 857 1777 880 tna
1808 859 1834 881 et
1858 854 1886 881 in
1911 859 2060 882 aeternum

118 910 178 928 non
201 898 347 938 peccabis.
392 898 518 932 Quando
542 898 618 925 enim
642 897 845 935 unusquisque
874 895 911 924 de
934 896 1033 924 seculo
1058 897 1179 933 migrat,
1210 900 1282 924 tunc
1304 895 1347 923 illi
1369 895 1584 923 consummatio
1606 895 1697 922 seculi
1720 900 1770 924 est.

418 957 439 984 C
463 956 485 984 Α
510 957 542 985 Ρ.
588 956 622 984 II.
689 957 746 984 De
789 954 1036 993 qlcczdrifera
1080 956 1243 982 ratione
1288 955 1546 992 operationis
1590 953 1764 983 dit-inae.

284 1000 426 1038 Operatio
451 999 569 1035 divina,
615 1008 689 1036 quae
712 998 811 1027 secula
836 999 947 1026 creavit
978 1003 1005 1026 ct
1031 997 1195 1035 gubernat,
1225 997 1421 1035 quadriformi
1444 997 1557 1025 ratione
1580 996 1782 1033 distinguitur.
1834 998 1952 1032 Primo,
1981 997 2062 1034 quod

118 1044 193 1072 haec
226 1043 255 1070 in
280 1042 363 1070 verbi
397 1041 446 1070 Dei
478 1041 696 1079 dispensatione
718 1052 776 1069 non
800 1042 896 1077 sacta,
926 1041 949 1069 si
973 1046 1090 1068 aeterna
1115 1045 1198 1076 sunt,
1239 1040 1287 1077 qui
1317 1050 1369 1068 nos
1405 1039 1540 1078 apostolo
1564 1043 1637 1067 teste
1670 1044 1736 1068 ante
1761 1045 1894 1078 tempora
1918 1039 2061 1067 secularia

117 1084 350 1125 praedestinavit
374 1084 403 1111 in
427 1093 559 1121 regnum.
605 1083 758 1119 Secundo,
785 1083 865 1122 quod
889 1083 918 1111 in
939 1083 1058 1112 materia
1083 1083 1213 1111 dill'ormi
1239 1083 1349 1121 pariter
1373 1083 1513 1110 elementa
1538 1081 1641 1109 mundi
1666 1082 1742 1109 sacta
1767 1087 1852 1117 sunt,
1888 1086 1921 1109 ut
1945 1082 1993 1118 qui
2018 1082 2061 1108 vi-

116 1129 161 1157 vit
183 1129 213 1156 in
237 1132 399 1163 aeternum,
424 1126 535 1154 creavit
559 1127 657 1155 onmia
681 1127 778 1155 simul.
815 1126 924 1159 Tertio,
941 1126 1010 1164 quia
1034 1126 1136 1153 eadem
1159 1125 1296 1153 materies
1319 1125 1482 1153 secundum
1507 1129 1656 1153 creaturas
1679 1124 1764 1152 simul
1788 1128 1899 1152 creatas
1922 1134 1981 1151 non
2004 1123 2062 1151 iam

116 1171 225 1205 simul,
249 1169 300 1198 sed
324 1169 515 1197 distinctione
538 1179 589 1197 sex
613 1170 779 1208 primorum
802 1168 918 1197 dierum
941 1169 970 1196 in
994 1168 1151 1196 coelestem
1175 1170 1405 1205 terrestremque
1437 1172 1601 1195 creaturam
1624 1168 1777 1195 formatur.
1824 1168 1957 1202 Quarto,
1982 1166 2061 1203 quod

116 1223 153 1241 ex
177 1213 307 1241 eiusdem
329 1216 482 1240 creaturae
505 1211 667 1241 seminibus
691 1217 719 1241 et
748 1210 993 1251 primordialibus
1017 1210 1111 1238 causis
1143 1210 1234 1238 totius
1262 1210 1354 1238 seculi
1383 1214 1501 1248 tempus
1533 1209 1662 1238 naturali
1692 1209 1860 1247 peragitur,
1901 1208 1949 1236 ubi
1978 1214 2060 1247 pater

117 1265 211 1294 usque
234 1265 314 1283 nunc
337 1259 476 1292 operatur
500 1258 527 1282 et
550 1254 637 1284 filius.

487 1313 508 1340 C
533 1313 556 1341 A
579 1313 611 1344 P,
656 1312 707 1340 III.
771 1314 827 1340 De
870 1313 1072 1340 creatione
1115 1310 1254 1339 mundi
1291 1322 1359 1349 per
1402 1316 1547 1348 -septcm
1591 1310 1682 1338 dies.

280 1355 349 1393 Ipso
373 1354 493 1392 quidem
522 1355 669 1393 principio
701 1355 880 1383 conditionis
912 1355 989 1383 facta
1019 1359 1089 1382 sunt
1112 1354 1225 1382 coelum
1250 1359 1278 1381 et
1308 1359 1400 1389 terra,
1433 1353 1543 1388 angeli,
1573 1363 1636 1386 aer,
1669 1362 1745 1391 aqua
1775 1352 1811 1380 de
1849 1351 1954 1380 nihilo.
2009 1352 2060 1379 Die

117 1409 187 1428 vero
211 1398 308 1437 primo
331 1397 386 1425 lux
409 1397 486 1425 sacta
511 1403 570 1433 est,
594 1402 622 1426 et
644 1398 707 1436 ipsa
737 1397 774 1426 de
797 1397 898 1425 nihilo.
943 1397 1080 1425 Secundo
1104 1396 1318 1424 firmamentum
1341 1397 1371 1424 in
1395 1395 1492 1423 medio
1523 1405 1676 1433 aquarum.
1733 1395 1834 1423 Tertio
1861 1394 1974 1432 species
2000 1404 2059 1421 ma-

115 1442 156 1470 ris
180 1446 209 1469 et
231 1446 328 1469 terrae
358 1444 386 1467 ct
416 1449 482 1467 cum
505 1441 561 1474 eis,
598 1450 673 1478 quae
697 1440 840 1468 radicitus
871 1445 968 1468 terrae
996 1438 1160 1467 inhaerent.
1227 1440 1342 1474 Quarto
1373 1437 1527 1466 luminaria
1559 1438 1633 1466 coeli
1659 1437 1695 1465 de
1725 1437 1853 1471 lumine,
1886 1437 1979 1474 primo
2012 1436 2060 1463 die

116 1484 204 1512 sacto.
249 1482 362 1517 Quinto
386 1481 489 1509 natilia
512 1487 539 1510 et
563 1482 696 1510 volatilia
720 1482 756 1510 de
780 1483 873 1520 aquis.
918 1483 1008 1510 Sexto
1031 1481 1145 1519 reliqua
1168 1481 1306 1509 animalia
1330 1481 1365 1508 de
1388 1485 1475 1513 terra,
1500 1484 1527 1507 et
1548 1479 1639 1507 homo
1663 1489 1752 1507 carne
1776 1479 1895 1516 quidem
1918 1479 1954 1506 de
1973 1483 2060 1512 terra,

115 1527 211 1555 anima
238 1535 308 1553 vero
332 1524 367 1552 de
390 1524 482 1552 nihilo
509 1529 624 1560 creata,
648 1525 698 1562 qui
721 1525 750 1552 in
774 1525 930 1563 paradiso,
961 1534 1047 1563 quem
1072 1523 1215 1552 Dominus
1238 1535 1253 1552 a
1277 1523 1423 1561 principio
1447 1523 1650 1561 plantaverat,
1682 1522 1882 1549 constituitur.
1928 1521 2060 1559 Septimo

116 1568 252 1597 dominus
274 1567 422 1604 requievit
444 1576 503 1594 non
528 1578 544 1595 a
567 1572 720 1596 creaturae
744 1567 975 1605 gubernatione,
1011 1577 1078 1595 cum
1106 1566 1136 1595 in
1158 1567 1225 1605 ipso
1253 1567 1389 1595 vivamus
1417 1569 1445 1594 et
1469 1574 1641 1593 moveamur
1664 1569 1691 1592 et
1714 1564 1822 1599 simus,
1855 1563 1906 1591 sed
1931 1573 1946 1591 a
1968 1572 2061 1590 novae

115 1610 295 1640 substantiae
318 1609 477 1639 creatione.

745 1697 804 1731 111.
884 1696 945 1729 AD
990 1696 1112 1729 LIBR.
1152 1695 1252 1734 Vnt,
1294 1694 1329 1736 9,
1366 1694 1425 1727 32.

280 1747 312 1774 In
337 1747 407 1775 edit.
433 1756 477 1775 va.
501 1746 574 1775 haec
597 1746 767 1775 adduntur:
812 1746 919 1775 Tribus
950 1751 1048 1774 autem
1072 1745 1166 1774 modis
1198 1756 1285 1774 omne
1309 1745 1465 1783 augurium
1489 1749 1621 1779 constat,
1652 1742 1793 1770 videlicet
1818 1742 1934 1777 volatu,
1968 1746 2058 1778 gestu,

116 1794 212 1818 cantu.
258 1789 330 1816 Cum
361 1789 437 1817 enim
466 1794 532 1817 ante
557 1789 705 1817 hominem
737 1790 800 1818 avis
831 1794 910 1817 recta
934 1789 1035 1818 semita
1059 1789 1120 1817 sine
1151 1789 1252 1817 sonitu
1283 1789 1383 1816 volare
1406 1788 1546 1823 videtur,
1580 1784 1787 1824 prosperitatis
1818 1794 1873 1822 pro
1897 1787 1978 1811 certo
2003 1783 2059 1810 iter

115 1832 182 1861 erit.
227 1831 256 1858 Si
280 1836 377 1859 autem
395 1831 440 1859 bis
461 1831 507 1859 vel
530 1836 574 1859 ter
597 1832 627 1859 in
651 1832 774 1869 obliquo
798 1836 865 1859 aute
890 1831 1017 1859 hominis
1041 1836 1232 1869 conspectum
1255 1831 1388 1859 volatum
1412 1829 1531 1865 fecerit,
1555 1828 1624 1856 inde
1648 1827 1832 1866 prosperitas
1855 1826 2058 1864 praedicatur,

115 1875 140 1902 si
163 1874 225 1901 sine
249 1873 421 1910 garrulitate
443 1872 500 1901 hoc
524 1874 631 1902 sactum
656 1875 753 1902 fuerit.
812 1875 883 1901 Cum
914 1879 1011 1903 autem
1042 1873 1169 1902 hominis
1198 1874 1278 1901 latus
1307 1873 1445 1901 dextrum
1477 1870 1646 1905 transierit,
1692 1869 1715 1897 si
1740 1870 1803 1897 sine
1838 1868 1939 1896 sonitu
1963 1868 2059 1901 fuerit,

114 1925 292 1955 prosperum
315 1915 448 1943 habetur.
494 1916 522 1943 Si
545 1917 697 1945 sinistrum
721 1927 754 1944 ac
777 1927 836 1944 non
861 1926 928 1945 cum
951 1917 1050 1944 sonitu
1073 1917 1120 1944 vel
1142 1926 1210 1944 cum
1233 1926 1323 1951 sono,
1348 1916 1570 1953 improsperum
1592 1912 1784 1940 iudicabitur.
1828 1912 1927 1943 Retro,
1952 1911 1976 1938 si
1999 1920 2057 1938 non

115 1969 182 1987 cum
207 1968 278 1985 sono
302 1958 348 1985 vel
372 1968 438 1985 cum
462 1968 535 1985 sono
558 1959 692 1987 volatum
722 1959 842 1995 fecerit,
866 1959 976 1987 malum
1000 1959 1134 1997 profecto
1159 1958 1340 1996 opinabitur.
1395 1958 1467 1984 Cum
1492 1956 1569 1984 enim
1598 1955 1744 1983 volaverit
1775 1958 1843 1982 ante
1867 1953 1988 1982 domum
2011 1953 2056 1980 vel

114 2000 263 2029 hominem
285 2000 395 2035 ingenti
419 2010 486 2028 cum
510 2001 652 2038 strepitu,
675 2001 825 2030 sinistrum
849 2001 1038 2030 iudicabitur.
1091 2001 1121 2028 Si
1144 2010 1214 2028 vero
1238 2004 1306 2028 ante
1328 1999 1476 2027 homiuem
1499 1998 1529 2026 in
1552 1997 1600 2026 via
1623 1998 1712 2036 plane
1738 1997 1853 2025 steterit
1875 2006 1909 2024 ac
1932 1995 2055 2023 hilarem

115 2043 195 2073 eunti
223 2052 276 2081 per
298 2042 375 2070 viam
398 2052 428 2069 se
451 2041 633 2078 exhibuerit,
657 2044 862 2082 prosperitatis
893 2045 1006 2081 signum
1038 2043 1103 2071 erit.
1156 2042 1266 2070 Verum
1289 2042 1313 2069 si
1338 2052 1404 2069 cum
1433 2045 1532 2069 rostro
1555 2050 1668 2078 pennas
1691 2039 1843 2074 evellerit,
1883 2038 1963 2076 quod
1987 2047 2055 2065 san-

115 2086 179 2124 guis
202 2095 217 2112 a
233 2095 320 2112 carne
344 2084 465 2118 exierit,
488 2085 640 2113 sinistrum
663 2087 800 2115 omnibus
824 2086 919 2114 modis
943 2085 1130 2114 iudicabitur.
1176 2085 1249 2112 Cum
1273 2084 1347 2112 enim
1373 2084 1436 2112 avis
1464 2084 1493 2112 in
1527 2083 1650 2121 obliquo
1681 2082 1788 2110 domus
1818 2085 1897 2110 tecto
1930 2080 2052 2108 steterit,

114 2128 161 2158 vel
183 2127 214 2154 in
238 2127 360 2161 arbore,
399 2128 421 2154 si
447 2131 543 2154 rostro
565 2127 696 2164 lignum,
723 2129 753 2156 in
776 2139 836 2167 quo
860 2129 982 2164 sederit,
1018 2126 1200 2166 percusserit
1239 2131 1268 2155 et.
1291 2131 1395 2154 contra
1419 2126 1563 2155 orientem
1587 2124 1791 2159 inclinaverit,
1828 2124 1896 2152 mali
1930 2125 2053 2150 eventus

115 2172 230 2208 signum
253 2170 317 2198 erit.
362 2169 392 2197 Si
416 2179 486 2196 vero
509 2169 610 2198 itidem
632 2170 662 2197 in
685 2171 835 2200 occidente
858 2172 976 2207 fecerit,
1007 2169 1148 2209 perniciei
1177 2169 1370 2198 iudicabitur.
1422 2169 1453 2196 Si
1476 2169 1506 2197 in
1530 2168 1649 2197 domum
1679 2168 1743 2196 sine
1772 2169 1872 2194 sonitu
1899 2164 2054 2192 intraverit

115 2224 148 2242 ac
171 2212 291 2245 exierit,
323 2211 419 2239 dextri
443 2217 562 2239 eventus
592 2212 705 2249 signum
729 2214 792 2241 erit.
842 2214 950 2242 Verum
974 2213 996 2241 si
1020 2215 1049 2240 in
1073 2212 1178 2240 domus
1201 2212 1368 2240 summitate
1397 2211 1508 2240 sederit
1531 2221 1565 2239 ac
1595 2211 1723 2239 multum
1756 2207 1939 2239 clamaverit,
1986 2204 2053 2231 istic

114 2254 247 2293 hospites
270 2254 408 2282 advenire
435 2254 588 2291 significat.
650 2254 734 2282 Mane
763 2255 788 2283 si
818 2257 945 2285 multum
968 2266 1050 2283 secus
1077 2255 1196 2283 domum
1225 2254 1452 2290 vociferaverit,
1489 2253 1559 2282 novi
1593 2253 1706 2291 aliquid
1728 2251 1829 2280 venire
1860 2245 2051 2275 iudicabitur.

116 2299 148 2327 In
172 2307 237 2325 sero
252 2297 276 2324 si
300 2296 400 2324 itidem
425 2296 541 2331 fecerit,
567 2296 596 2324 in
617 2296 733 2324 modico
756 2302 887 2336 tempore
908 2303 1060 2327 atteretur.
1104 2297 1137 2324 In
1161 2297 1281 2324 meridie
1305 2297 1328 2325 si
1353 2297 1480 2324 multum
1504 2295 1692 2329 clamaverit,
1723 2292 1856 2322 dominus
1881 2288 1990 2317 domus
2007 2288 2051 2316 di-

118 2341 196 2369 citur
217 2339 365 2367 advenire.
409 2340 532 2366 Sursum
554 2339 578 2366 si
598 2339 745 2367 volaverit
764 2349 799 2367 ac
820 2341 974 2369 clamando
994 2340 1110 2368 fortiter
1134 2340 1171 2368 ad
1193 2344 1301 2367 terram
1329 2349 1394 2367 cum
1419 2339 1535 2378 impetu
1558 2338 1689 2372 venerit,
1715 2331 1853 2373 perniciei
1874 2331 1984 2359 dicitur
2001 2331 2052 2358 ad-

118 2392 189 2411 esse.
248 2381 347 2416 Quum
369 2380 446 2409 circa
474 2386 602 2419 quatuor
623 2386 722 2420 partes
748 2382 853 2410 domus
877 2383 1031 2411 clamando
1055 2382 1142 2417 ierit,
1184 2381 1320 2410 inimicos
1349 2381 1451 2410 domui
1479 2386 1599 2420 paratos
1627 2386 1734 2407 nocere
1763 2373 1881 2402 omnino
1907 2373 2050 2411 designat.

120 2425 203 2461 Quae
221 2424 244 2452 si
263 2423 449 2453 altitudinem
466 2423 582 2462 petierit
606 2428 635 2452 et
655 2434 746 2463 supra
764 2424 869 2454 domus
892 2430 1003 2454 tectum
1028 2429 1140 2453 morata
1161 2424 1305 2463 paulatim
1331 2424 1439 2460 fuerit,
1479 2423 1578 2453 dextri
1599 2421 1711 2458 siguum
1737 2415 1974 2445 annunciabitur·
2020 2416 2050 2443 Si
