2264 2830
638 69 752 104 An
831 65 1220 102 ΤοΜυΜ
1301 66 1359 98 ιιι.
1943 81 1973 101 χ,

206 183 263 216 111.
315 180 465 214 Arevale'
492 179 590 213 etiam
618 179 720 213 editio
748 179 792 212 ad
819 190 934 212 manus
961 178 1032 211 suit.
1087 178 1118 211 ls
1141 177 1184 210 ad
1214 177 1340 211 calcem
1369 177 1519 211 editionis
1546 188 1623 211 suae
1651 178 1753 210 varias
1780 178 1938 212 lectiones
1962 191 1979 212 e

42 253 195 300 pluribus
222 249 315 283 dedit
342 249 528 291 codicibus,
566 248 623 281 sed
651 249 697 281 ita
724 248 933 292 indiligenter
960 250 1106 289 notatas,
1150 251 1184 279 ut
1210 247 1410 291 plerumque
1436 247 1520 280 nihil
1546 247 1730 287 addiderit,
1773 247 1832 279 nisi
1864 248 1981 291 siglam

44 324 99 357 ul.
150 321 196 353 Hi
225 329 308 364 ergo
336 318 419 361 ulii,
447 328 588 361 quorum
616 317 775 350 lectiones
799 317 944 350 innotus
972 327 1044 349 suas
1071 315 1193 348 Editor
1219 316 1365 360 recepit,
1392 320 1465 349 sunt
1491 317 1600 349 variae
1621 316 1797 357 lectiones,
1824 327 1905 359 quas
1921 316 1983 349 de—

44 391 91 423 dit
118 401 136 423 e
163 389 225 422 suis
252 386 425 421 codicibus
452 386 624 420 Arevalus.
675 386 823 419 Plurima
850 391 960 418 autem
988 386 1060 429 ipse
1083 385 1245 418 Arevalus
1273 384 1400 430 optime
1437 385 1641 426 emendavit,
1674 385 1836 419 nescImus·
1862 389 1983 425 tamen,

45 464 153 492 utrum
182 468 221 490 ex
248 455 394 489 editione
417 454 555 498 Grialii,
583 466 669 498 quae
697 455 740 487 ad
768 466 882 488 manus
910 466 975 487 non
1004 454 1081 496 fuit,
1108 466 1149 486 an
1177 466 1195 487 e
1222 454 1284 487 suis
1308 453 1488 488 codicibus.
1541 454 1742 498 Plerumque
1769 458 1880 487 autem
1903 463 1985 487 con-

45 527 140 570 sentit
165 525 293 565 oratio,
331 535 431 567 quam
467 522 616 555 exhibuit
642 523 821 564 Ammius,
856 534 932 556 cum
960 527 1069 556 nostro
1098 522 1164 556 Gn.
1194 522 1226 555 l.
1263 523 1401 567 optimo.
1472 522 1509 554 ln
1536 523 1622 556 libro
1649 528 1759 556 tamen
1783 523 1806 555 l.
1847 522 1890 554 de
1917 525 1987 554 arte

47 595 274 629 Grammatica
301 593 376 625 satis
399 592 575 625 infeliciter
602 596 649 625 est
675 592 732 625 ille
759 597 914 625 versatus.
967 591 1166 624 Emendavit
1194 592 1281 625 enim
1309 596 1341 625 et
1367 591 1503 624 mutavit
1526 593 1635 624 onmia
1658 592 1728 625 sere
1756 591 1910 635 exempla
1935 602 1988 623 se-

47 663 193 698 cundum
215 663 407 705 Donatum,
436 666 550 694 contra
578 661 724 693 omnium
741 660 852 694 Codd.
880 672 1085 696 consensum.
1139 660 1248 694 Notae
1273 660 1406 694 Arevali
1430 664 1463 694 et
1489 659 1606 692 Grialii
1633 659 1784 692 redditae
1807 664 1878 691 sunt
1903 670 1989 702 quae

47 731 90 765 ad
119 730 364 764 emendandum
392 729 555 763 Isidorum
590 729 701 763 facere
735 730 927 763 viderentur
961 734 992 763 et
1020 729 1063 762 ad
1098 734 1189 763 recte
1228 728 1460 774 intelligendas
1499 729 1744 763 emendationes
1778 728 1988 762 necessariae.

49 800 85 833 Si
112 811 193 844 quas
220 800 324 832 varias
351 799 510 833 lectiones
538 810 555 831 e
583 797 701 832 codice
729 799 923 831 nominatim
960 797 1107 831 laudavit
1135 798 1296 832 Arevalus
1332 797 1422 831 idem
1448 798 1575 831 factum
1604 801 1653 830 est
1677 797 1709 830 in
1735 796 1802 831 hac
1835 797 1990 838 editione,

49 869 130 903 sicut
160 868 245 901 Cod.
277 867 437 902 ottobon.
464 872 526 901 cet.
580 866 736 900 Ceterum
761 868 864 900 varias
891 867 1068 910 lectiones,
1109 880 1195 912 quae
1222 869 1254 900 in
1282 868 1356 912 ipso
1384 866 1519 899 Arevali
1547 871 1701 900 contextu
1728 866 1909 899 Isidoriano
1937 865 1990 898 di-

50 942 237 983 screpantes
265 937 307 970 ab
332 937 399 971 hac
426 941 536 969 nostra
565 936 711 970 editione
738 938 971 982 reperiuntur,
999 941 1134 970 notatae
1158 941 1231 969 sunt
1255 935 1307 969 his
1336 936 1444 982 siglis:
1471 936 1576 969 Arcv.
1604 934 1668 968 Ar.

153 1072 402 1116 Antiquioribus
430 1072 629 1106 editionibus
656 1084 730 1106 usus
758 1077 806 1106 est
831 1073 951 1106 Editor
978 1072 1048 1117 his,
1074 1084 1161 1117 quae
1183 1076 1374 1116 sequuntur.

218 1192 275 1224 lv.
328 1191 450 1225 Editio
472 1193 650 1238 prim-eps.
703 1191 755 1225 Cf.
783 1192 947 1225 Ebertum
973 1192 1006 1224 in
1032 1192 1139 1226 lexico
1167 1193 1398 1238 bibliograph.
1418 1192 1598 1227 n.10561.
1626 1191 1744 1225 Isidori
1772 1186 1994 1234 etymologia—

56 1272 127 1293 rum
155 1259 230 1292 libri
253 1260 326 1293 XX.
355 1260 438 1293 Gth.
467 1261 595 1293 Zainer.
623 1260 681 1293 19.
709 1261 837 1295 Novbr.
867 1260 974 1293 1472.
1004 1261 1062 1303 (A.
1086 1260 1143 1303 V.)
1174 1260 1197 1292 f.
1265 1261 1317 1293 Ea
1345 1262 1506 1294 consentit
1537 1262 1736 1305 plerumque
1763 1269 1838 1292 cum
1868 1256 1934 1289 Gn.
1962 1255 1993 1286 1.

55 1328 223 1361 Nonnulla
251 1329 360 1373 capita
386 1329 436 1361 bis
463 1329 636 1372 leguntur,
676 1328 733 1360 sed
758 1328 947 1369 discrepant
974 1327 1155 1369 quaedam,
1183 1327 1226 1359 ita
1253 1332 1289 1359 ut
1316 1339 1334 1360 e
1361 1329 1492 1361 duobus
1518 1328 1706 1368 codicibus,
1740 1326 1899 1360 nescimus
1926 1334 1993 1367 quo

55 1396 148 1437 fato,
176 1407 330 1439 expressa
354 1395 536 1428 videantur.
596 1395 700 1435 Quod
728 1395 782 1427 ubi
811 1395 935 1428 factum
964 1399 1028 1435 est,
1071 1393 1229 1426 indicavit
1255 1395 1376 1427 Editor
1404 1396 1521 1440 signis:
1557 1407 1613 1428 vu.
1639 1396 1672 1428 l.
1699 1395 1731 1428 2.
1791 1393 1877 1426 Usus
1909 1392 1996 1424 enim

57 1468 106 1498 est
133 1463 228 1508 signo
252 1474 308 1498 va.
335 1474 398 1506 pro
426 1474 500 1502 mu,
535 1473 601 1505 qua
627 1462 804 1505 posteriori
831 1462 915 1506 sigla
942 1473 1045 1505 quum
1072 1462 1216 1506 primum
1251 1462 1297 1494 uti
1323 1463 1495 1504 voluisset,
1537 1463 1620 1497 locis
1654 1461 1851 1506 quibusdam
1879 1472 1917 1493 ea
1944 1470 1997 1492 re-

56 1531 174 1564 mansit
201 1535 233 1563 et
259 1530 414 1563 mutanda
442 1535 488 1563 est
514 1530 546 1562 in
570 1542 625 1563 vu.
690 1530 786 1564 Haec
814 1530 915 1562 editio
940 1530 1072 1564 Graeca
1099 1531 1212 1564 litteris
1240 1531 1418 1576 diligenter
1445 1543 1598 1576 expressa
1627 1530 1779 1570 exhibet,
1819 1534 1851 1562 et
1882 1529 1908 1561 si
1932 1538 1996 1560 non

57 1604 105 1632 est
130 1599 237 1643 prima
263 1599 382 1641 editio,
409 1604 519 1632 tamen
545 1610 610 1644 pro
638 1598 790 1643 principe
816 1597 984 1633 habenda.

222 1725 262 1760 V.
314 1725 436 1759 Editio
463 1727 537 1760 sine
564 1728 639 1760 Ioco
668 1731 699 1759 ct
727 1737 832 1768 ιιηηο,
860 1726 951 1771 apud
979 1727 1095 1760 Ebert.
1123 1727 1155 1759 in
1183 1727 1290 1760 lexico
1323 1727 1480 1773 bibliogr.
1513 1739 1544 1760 n.
1567 1726 1703 1760 10562.
1734 1730 1854 1759 notata.
1909 1723 1998 1757 Con-

60 1793 155 1827 sentit
182 1806 221 1827 ea
243 1794 442 1839 plerumque
470 1807 546 1829 cum
573 1795 715 1840 vulgatis
743 1795 989 1839 exemplaribus
1017 1800 1049 1828 et
1076 1795 1156 1828 nihil
1178 1796 1249 1829 fere
1276 1796 1442 1841 singulare
1470 1808 1509 1830 ac
1535 1796 1704 1840 peculiare
1731 1795 1885 1828 continet.
1928 1792 1999 1825 Ta-

60 1873 137 1895 men
162 1862 245 1896 inter
270 1863 438 1908 principes
465 1863 669 1897 numeranda
704 1868 768 1905 est,
802 1868 1010 1909 quapropter
1035 1868 1148 1897 notata
1172 1870 1220 1898 est
1255 1864 1324 1899 hoc
1351 1866 1467 1910 signo:
1503 1865 1612 1911 (pr.)
1673 1864 1813 1897 Insertus
1847 1866 1895 1895 est
1920 1860 1999 1894 huic

63 1930 199 1963 editioni
224 1931 342 1965 Isidori
369 1932 456 1966 liber
477 1933 523 1966 de
549 1943 669 1966 rerum
694 1936 824 1966 natura
852 1933 902 1967 ad
929 1932 1137 1967 Sisebatum.

164 2057 286 2091 Editor
312 2059 546 2094 eruditissimus
572 2061 643 2106 ipse
670 2061 702 2093 in
725 2060 934 2094 emendanda
961 2061 1078 2094 Isidori
1110 2062 1258 2095 oratione
1282 2063 1324 2096 ita
1352 2068 1399 2096 est
1429 2067 1590 2102 versatus,
1616 2065 1651 2093 ut
1677 2059 1820 2093 maxime
1845 2066 1999 2100 sequere-

64 2129 116 2158 tur
141 2125 295 2159 codicem
330 2127 394 2164 Gu.
420 2129 449 2162 l.
479 2130 654 2176 signatum.
708 2129 804 2162 Idem
828 2129 921 2162 locos
948 2129 1144 2174 scriptorum
1182 2136 1336 2164 accurate
1371 2132 1512 2174 notavit,
1546 2129 1691 2174 exceptis
1718 2129 1854 2162 Patrum
1880 2124 1999 2159 Eccle-

65 2193 268 2227 siasticorum
290 2195 389 2237 locis,
421 2209 562 2241 quorum
591 2199 752 2232 editiones
780 2198 926 2231 omnium
954 2209 1020 2230 non
1050 2204 1141 2231 erant
1167 2199 1210 2232 ad
1237 2211 1362 2234 manus.
1430 2199 1487 2232 Ad
1522 2199 1650 2233 calcem
1683 2197 1759 2230 libri
1792 2195 1905 2229 addita
1929 2194 1999 2226 sunt

64 2261 229 2305 quaedam
255 2263 433 2307 Analecta,
473 2278 560 2311 quae
586 2268 754 2302 continent
780 2278 836 2309 ea,
873 2277 958 2310 quae
985 2267 1158 2302 codicibus
1190 2273 1222 2301 et
1249 2268 1448 2301 editionibus
1476 2267 1615 2311 antiquis
1647 2267 1766 2300 inserta
1798 2269 1885 2305 sunt,
1922 2262 2000 2296 licet

1507 2337 1591 2371 *ssss
