2203 2829
192 89 266 123 130

604 214 632 248 C
660 214 689 247 A
718 213 753 246 P.
807 213 929 248 LXIII.

354 284 482 317 Stellae
508 294 572 328 pro
597 280 680 323 e0¹‚
715 283 808 325 quod
833 284 932 318 orbes
962 297 1025 330 per
1061 284 1233 319 diversos²
1263 286 1455 320 caelestium
1483 287 1695 331 planetarum
1731 287 1893 323 seruntur.

893 87 1073 124 ISIDORI
1098 87 1280 123 HISPAL.
1308 86 1450 124 EPISC.

1010 217 1075 252 De
1114 218 1243 252 vario
1286 229 1420 252 cursu
1461 218 1720 252 stellarum.

1945 289 2122 331 Quaedam
2133 289 2146 309 ³

192 335 331 369 celerius
359 340 493 368 exortae
526 332 671 367 tardius⁴
699 335 875 369 occidunt:
913 337 1081 380 quaedam
1108 338 1232 371 tardius
1262 343 1395 372 exortae
1427 339 1522 371 citius
1549 339 1592 371 ad
1620 350 1775 374 occasum
1811 351 1907 373 suum
1935 343 2146 385 perveniunt:

192 387 276 420 aliae
303 387 428 432 pariter
452 385 600 418 oriuntur
627 390 660 419 et
693 397 760 420 non
788 388 884 422 simul
913 389 1087 424 occidunt:
1124 401 1240 424 omnes
1268 396 1379 424 autem
1406 401 1466 424 suo
1494 395 1647 435 tempore
1674 391 1718 424 ad
1753 389 1871 425 suum⁵
1905 403 2037 427 cursum
2063 406 2147 440 pro-

191 439 301 482 prium
328 442 543 472 revertuntur.

626 529 656 563 C
683 530 714 563 A
740 531 778 566 P.
832 533 955 568 LXIV.

1034 534 1099 568 De
1147 535 1410 569 intervallis
1448 535 1703 568 stellarum.

355 615 483 649 Stellae
510 615 592 649 inter
619 627 653 649 se
681 616 815 651 diversis
842 618 1019 652 intervallis
1050 620 1169 653 distant
1203 633 1222 653 a
1249 626 1354 661 terra,
1398 625 1580 665 propterea
1608 620 1734 664 dispari
1769 621 1919 655 claritate
1946 624 2053 668 magis
2079 625 2144 657 mi-

191 677 291 699 nusve
318 668 435 700 nostris
463 667 565 701 oculis
592 673 765 712 apparent.

191 719 266 762 gius
292 719 421 764 positae
449 730 573 764 parvae
600 719 753 753 videntur
779 732 799 753 a
826 723 930 756 nobis.

553 820 582 854 C
610 822 641 854 A
668 823 706 856 P.
758 823 863 858 LXV.

818 670 907 703 Nam
934 670 1081 705 multae⁰
1108 673 1250 706 maiores
1277 677 1351 705 sunt
1377 669 1453 704 Ῑιίεἶ
1477 684 1559 716 quas
1581 672 1730 706 videmus
1758 673 1964 718 conspicuaS,
1993 675 2050 708 sed
2067 675 2143 709 lon-

939 823 1002 858 De
1038 825 1261 859 circulari
1292 824 1494 859 numerofl
1527 825 1777 860 stellarum.

356 898 390 930 l.
444 897 622 931 Numerus
648 898 856 934 circuluris⁰
883 902 1054 935 stellarum
1082 908 1141 945 est,
1169 914 1230 946 per
1257 900 1391 946 quem¹⁰
1418 899 1676 948 cognoscitur¹¹‚
1698 903 1730 935 in
1754 907 1878 946 quanto
1906 907 2059 948 tempore
2077 904 2141 938 cir-

192 948 305 981 culum
332 960 427 982 suum
448 961 667 993 unaquaeque
694 952 790 985 stella
816 960 1008 997 percurrat,
1036 955 1105 987 sive
1131 966 1193 998 per
1220 955 1484 1000 longitudinem,
1514 955 1581 988 sive
1608 965 1670 998 per
1697 955 1904 988 latitudinem
1917 952 1951 990 ¹².

356 1016 389 1052 2.
443 1018 530 1051 Nam
552 1019 649 1051 Luna
677 1020 759 1053 Vlll
786 1022 876 1054 annis
910 1022 1015 1056 fertur
1042 1024 1177 1067 explere
1211 1035 1341 1057 cursum
1355 1021 1377 1041 ¹³
1403 1035 1519 1066 suum,
1554 1023 1742 1056 Mercurius
1769 1024 1860 1056 annis
1888 1023 1967 1064 XX,
2001 1023 2140 1056 Lucifer

191 1068 282 1100 annis
308 1066 402 1110 IX¹⁴‚
429 1069 488 1102 Sol
519 1072 608 1103 annis
636 1071 726 1111 XIX,
755 1073 884 1117 Vesper
911 1075 1001 1106 annis
1013 1071 1036 1091 ¹⁵
1063 1075 1147 1116 XV,
1175 1075 1354 1109 Phaethon
1381 1076 1466 1117 xil,
1500 1076 1659 1107 Saturnus
1689 1072 1818 1108 annis¹ss
1849 1075 1953 1108 XXX.
2009 1075 2139 1116 Quibus

191 1121 334 1162 peractis
361 1120 405 1153 ad
430 1122 653 1155 reversionem
680 1123 796 1157 circuli
823 1125 872 1157 sui
900 1126 1017 1158 iisdem
1029 1123 1052 1143 ¹⁷
1079 1126 1181 1171 signis
1208 1133 1240 1160 et
1264 1127 1417 1172 partibus
1442 1132 1658 1160 revertuntur.

355 1188 389 1220 3.
444 1188 621 1229 Quaedam
649 1191 758 1223 sidera
786 1193 883 1224 radiis
918 1194 995 1225 solis
1030 1193 1229 1239 praepedita
1264 1196 1418 1229 anomala
1450 1196 1551 1236 fiunt,
1589 1200 1646 1228 aut
1679 1193 1896 1240 retrograda,
1935 1200 1991 1227 aut
2026 1194 2140 1227 statio—

190 1237 298 1277 naria,
326 1239 413 1272 iuxta
442 1240 534 1282 quod
562 1246 664 1285 poeta
676 1239 699 1257 ¹¹³
726 1243 874 1275 meminit
897 1245 1009 1277 dicens
1022 1241 1063 1277 ¹⁰:

421 1319 463 1324 —
497 1299 559 1333 Sol
585 1305 746 1346 tempora
774 1303 899 1336 dividit
928 1300 1059 1337 aerim.-

420 1350 537 1384 lllnlm
549 1349 572 1368 ²¹
597 1357 698 1386 nocte
724 1354 819 1387 diem
831 1352 872 1395 ²²,
901 1356 1083 1400 radiisque
1105 1353 1339 1400 Ροίρηῑίὂιιε23
1366 1361 1466 1390 astra

422 1401 482 1435 Ire
507 1407 620 1445 velat,
648 1416 836 1450 cursusque
858 1419 973 1452 vagos
985 1405 1009 1424 ²⁴

635 1505 664 1539 C
691 1507 722 1539 A
748 1507 785 1539 P.
840 1507 960 1540 vai.

1036 1408 1172 1440 ratione
1183 1404 1208 1425 ²5
1234 1413 1403 1441 moratur.

1044 1508 1113 1542 De
1164 1510 1373 1543 stellis
1420 1510 1689 1554 planetis.

355 1585 533 1626 Quaedam
561 1589 677 1623 stellae
706 1591 782 1624 ideo
808 1593 981 1636 planetae
1009 1594 1180 1633 dicuntur,
1208 1595 1241 1627 id
1270 1599 1318 1627 est
1345 1598 1508 1634 errantes,
1535 1594 1612 1637 quia
1640 1605 1700 1637 per
1722 1598 1827 1625 totum
1860 1593 2019 1625 mundum
2046 1594 2136 1625 vario

190 1639 282 1668 motu
310 1635 504 1671 discurrunt.

559 1640 660 1674 Unde
687 1653 750 1686 pro
778 1655 835 1684 eo,
864 1645 957 1688 quod
987 1652 1109 1687 errant,
1146 1646 1363 1691 retrogradae
1375 1642 1399 1662 ²⁰
1427 1646 1601 1686 dicuntur,
1646 1646 1698 1677 vel
1726 1644 1901 1676 anomalae
1937 1644 2136 1686 efficiuntur,

189 1686 224 1718 id
252 1692 316 1729 est,
338 1690 474 1731 quando
501 1693 681 1735 particulas
708 1694 836 1728 addunt
863 1702 895 1729 et
923 1695 1145 1731 detrahunt²⁷,

1205 1698 1382 1731 Caeterum
1409 1697 1544 1741 quando
1579 1701 1706 1729 tantum
1738 1695 1934 1737 detrahunt,
1970 1701 2134 1740 retrogra-

190 1734 289 1771 dae²⁸
315 1739 487 1783 dicuntur,
515 1745 687 1778 stationem
714 1751 823 1780 autem
850 1748 985 1790 faciunt,
1012 1750 1147 1793 quando
1173 1754 1268 1783 stant.

276 1847 302 1886 l)
329 1847 414 1887 Vulg.
431 1849 579 1880 dicuntur
588 1864 646 1891 pro
667 1865 715 1891 eo,
738 1855 788 1883 sed
808 1856 933 1885 verbum
953 1868 1011 1886 oni.
1026 1859 1057 1887 Z.
1083 1859 1137 1887 Gu.

191 1892 217 1920 1.
235 1892 263 1920 2.
282 1900 327 1929 pr.
348 1901 393 1920 vu.
409 1892 501 1921 Αι“.-
525 1894 557 1933 2)
581 1895 700 1925 ordines
716 1898 746 1925 Z.
762 1899 798 1927 al.
815 1909 877 1928 var.
895 1900 962 1930 lect.
982 1911 1028 1939 ap.
1047 1901 1136 1931 Goth.

189 1931 272 1960 Ordo
298 1938 401 1963 noster
423 1940 466 1963 est
487 1946 502 1964 e
523 1937 578 1966 Gu.
594 1941 619 1967 1.
645 1956 680 1960 -
701 1950 757 1978 per
778 1940 840 1971 div.
857 1942 921 1972 ord.
938 1943 1019 1980 vulg.
1047 1961 1080 1965 —
1107 1946 1136 1979 3)

189 1974 275 2012 Vulg.
295 1976 377 2004 Nam
394 1977 541 2015 quaedam
554 2002 561 2016 ‚
585 1981 638 2009 sed
660 1993 733 2010 nam
754 1994 809 2012 om.
825 1985 858 2014 Z.
874 1986 929 2014 Gu.
948 1988 974 2017 1.
991 1988 1020 2017 2.
1043 2002 1083 2007 ·—
1108 1986 1137 2025 4)

188 2016 311 2045 tardius
326 2029 386 2048 oce.
406 2020 511 2058 quaed.
528 2022 609 2051 tard-
626 2031 743 2053 exortae
759 2036 815 2055 om.
827 2028 856 2055 Z.
871 2043 912 2049 ——
924 2029 1022 2057 serius
1036 2029 1137 2067 priore

188 2059 255 2089 loco
270 2071 325 2099 pro
343 2062 465 2091 tardius
480 2074 526 2092 va.
544 2065 593 2096 Ar.
621 2085 657 2089 —
686 2070 716 2105 5)
739 2079 828 2096 suum
845 2080 902 2099 om.
918 2071 947 2098 Z.
965 2072 1020 2099 Gu.
1038 2074 1067 2102 2.
1082 2071 1135 2101 Ar.

189 2119 226 2123 —-
250 2104 281 2138 6)
304 2105 401 2133 mullo
419 2107 449 2133 Z.
472 2123 513 2128 —
537 2106 566 2145 7)
590 2109 637 2137 Sic
652 2110 684 2140 Z.
701 2111 757 2139 Gu.
775 2114 799 2142 1.
817 2115 844 2144 2.
870 2130 907 2134 -
932 2115 970 2142 iis
988 2114 1070 2151 vulg.
1096 2129 1134 2135 -

187 2144 215 2184 8)
238 2145 285 2174 Sic
305 2147 334 2174 Z.
350 2147 406 2176 Gu.
424 2152 450 2180 1.
465 2151 494 2179 2.
517 2166 558 2171 —
582 2153 630 2179 De
647 2164 729 2182 num.
747 2155 814 2182 circ·
830 2155 908 2192 vulg.
932 2171 972 2178 —
1001 2156 1028 2194 9)
1056 2156 1135 2184 Cir-c.

187 2195 269 2217 num.
286 2189 314 2217 Ζ.
338 2207 379 2212 -
404 2193 449 2228 10)
473 2192 556 2230 quod
569 2195 600 2224 Z,
627 2212 664 2216 ——
691 2194 737 2234 11)
760 2197 808 2224 Sic
824 2198 853 2227 Ζ,
871 2198 927 2226 Gu.
944 2203 968 2230 1.
984 2201 1012 2229 2.
1028 2209 1071 2236 pr.
1088 2208 1133 2228 va.

187 2230 224 2258 al.
246 2245 287 2253 -—
310 2234 450 2270 cognosci
467 2234 581 2264 dieitur
601 2237 680 2275 vulg.
713 2255 749 2258 ——
787 2238 831 2279 1⁶2)
857 2240 942 2278 Vulg.
969 2246 1136 2278 sequuntur

186 2272 272 2302 haec:
300 2275 452 2304 Latitudo
475 2278 656 2317 intelligitur
671 2290 727 2318 per
749 2281 945 2319 ⁶ignfferam,
975 2284 1134 2322 longitudo

183 2326 237 2352 per
251 2318 412 2355 proprium
428 2330 595 2350 excursum.
625 2322 708 2358 Quae
724 2333 780 2351 0111.
799 2324 853 2352 Gn.
873 2329 898 2356 1.
916 2329 944 2357 2.
960 2336 1006 2364 pr.
1025 2337 1059 2354 va
1085 2327 1133 2354 Ar.

189 2373 223 2379 —
250 2359 305 2388 Pro
321 2361 507 2402 intelltgilur
526 2364 562 2392 al.
579 2366 777 2403 cognoscitur.
793 2382 833 2388 —
859 2370 900 2405 13)
923 2369 971 2396 Sic
989 2369 1018 2396 Z.
1036 2369 1089 2397 Gu.
1108 2373 1133 2400 1.

1184 1876 1219 1880 —
1246 1858 1393 1886 (irc-ulum
1408 1856 1487 1894 vulg.
1507 1875 1542 1878 —
1572 1856 1615 1891 14)
1641 1866 1743 1882 novem
1757 1857 1847 1883 anni-s·
1865 1856 1897 1885 Z.
1915 1873 1950 1879 ο·
1978 1858 2021 1893 15)
2044 1858 2133 1885 annis

1182 1901 1249 1931 add,
1265 1901 1321 1928 Gu.
1346 1904 1370 1931 1.
1392 1916 1435 1922 -—
1465 1900 1574 1937 Rirois
1604 1908 1659 1936 pro
1689 1897 1799 1936 Vesper
1821 1898 1869 1927 Ar.
1898 1915 1938 1920 —
1974 1898 2020 1937 16)
2043 1902 2133 1927 annue

1181 1942 1282 1971 addidi
1300 1953 1315 1972 e
1331 1943 1388 1970 Gu.
1407 1946 1434 1974 1.
1450 1944 1479 1973 2.
1494 1957 1536 1964 --
1560 1944 1603 1976 17)
1628 1940 1746 1968 lli-ulem
1765 1941 1820 1970 Gu.
1840 1944 1865 1972 1.
1883 1950 1931 1971 Va.
1949 1957 1985 1963 -—
2009 1941 2057 1970 ln's
2074 1943 2131 1971 iis-

1181 1985 1248 2014 elem,
1264 1986 1294 2014 Z.
1320 2001 1356 2006 -—
1383 1988 1426 2017 18)
1451 1984 1536 2021 Vulg.
1552 1990 1577 2011 et
1593 1989 1692 2021 pocla,
1716 1983 1768 2012 sed
1785 1989 1811 2012 et
1826 1994 1882 2012 om.
1903 1984 1958 2014 Gu.
1978 1987 2004 2014 1.
2019 1999 2061 2006 --
2086 1983 2130 2023 19)

1183 2029 1277 2057 Locus
1291 2032 1335 2056 est
1347 2027 1425 2066 apud
1442 2027 1542 2054 Lucan
1566 2027 1602 2062 X,
1619 2028 1689 2057 201.
1705 2036 1764 2064 seq.
1788 2042 1829 2048 -
1858 2027 1904 2064 20)
1928 2026 1994 2054 aeri
2010 2037 2066 2055 om.
2081 2036 2128 2056 va.

1179 2087 1221 2093 —-·
1244 2069 1289 2108 21)
1315 2076 1341 2098 ct
1357 2075 1457 2098 mutat
1470 2070 1526 2097 Gu.
1537 2072 1565 2100 2.
1582 2085 1617 2092 --
1643 2072 1688 2101 22)
1712 2075 1827 2097 noctem
1841 2074 1868 2098 ct
1882 2068 1959 2097 diem
1975 2069 2030 2099 Gu.
2049 2072 2077 2101 2.
2089 2086 2130 2092 —

1178 2119 1293 2142 noctem,
1310 2123 1366 2141 om.
1382 2111 1430 2140 dte
1448 2112 1505 2140 Gu.
1517 2112 1544 2143 4.
1573 2129 1610 2134 —
1637 2113 1685 2147 23)
1703 2111 1883 2150 putentibus
1895 2112 1951 2140 Gu.
1966 2113 1993 2142 2.
2017 2127 2059 2135 —
2080 2112 2129 2149 24)

1180 2167 1274 2195 vagos
1288 2166 1344 2185 0¹11.
1363 2156 1395 2184 Ζ.
1419 2171 1461 2178 -ο
1484 2154 1533 2192 25)
1559 2155 1689 2182 stablone
1705 2156 1760 2182 Gu-
1777 2154 1803 2184 4.
1819 2155 1906 2183 Arev.
1925 2164 1940 2182 e
1957 2154 2067 2183 Lucan.
2087 2169 2128 2177 -·

1179 2194 1227 2234 26)
1251 2197 1430 2235 retrograda
1448 2198 1481 2225 Z.
1500 2198 1555 2224 Gu.
1575 2200 1601 2228 1.
1624 2212 1660 2218 —
1687 2196 1941 2235 mirogradantar
1959 2197 1996 2226 al.
2015 2213 2056 2218 —-·
2079 2197 2127 2233 27)

1179 2241 1337 2269 rrlrctlmu!
1357 2241 1415 2269 Gu.
1437 2243 1461 2271 1.
1477 2256 1518 2262 -
1536 2239 1580 2278 23)
1595 2239 1776 2277 mtrograda
1794 2239 1849 2267 Gu.
1869 2243 1895 2271 1.
1917 2255 1959 2261 —-
1980 2241 2028 2275 99)
2045 2239 2127 2268 ,Nam

1179 2283 1334 2322 praeponit
1348 2284 1404 2312 Gu.
1418 2286 1442 2313 1.
1454 2301 1490 2306 -
1510 2285 1558 2318 30)
1573 2282 1777 2318 antegradatio
1796 2282 1852 2312 Gu.
1869 2285 1897 2314 2.
1914 2298 1954 2303 —
1976 2281 2023 2321 31)
2039 2281 2126 2319 vulg-

1179 2326 1247 2355 add.
1260 2331 1443 2360 consuetam,
1463 2324 1543 2363 quod
1559 2335 1617 2354 om.
1639 2327 1694 2353 (ἆυ.
1715 2328 1739 2356 1.
1765 2340 1801 2347 -
1824 2325 1872 2361 32)
1887 2329 2012 2362 propter
2029 2324 2125 2357 Gu.2.

1181 2386 1213 2390 --
1241 2370 1290 2406 33)
1312 2367 1449 2407 procedit
1466 2367 1502 2396 al.
1528 2383 1564 2390 -—
1592 2371 1636 2401 34)
1661 2373 1687 2395 et
1702 2368 1732 2396 Z.
1759 2383 1796 2388 —
1829 2365 1876 2406 35)
1894 2367 2052 2397 stellarum
2068 2377 2124 2395 om.
