2264 2830
799 123 1045 162 ORlGlNUM
1085 130 1229 167 LIBER
1263 134 1302 167 Χ.

1956 147 2030 182 33Ὶ

183 212 381 248 Moderatus
409 228 426 249 a
455 217 557 250 modo
585 217 711 250 scilicet
738 222 770 250 et
797 223 1071 265 temperamento.

184 265 386 307 Mediocris,
415 269 505 311 quod
535 269 703 301 modicum
731 270 777 303 illi
805 273 957 307 sufficiat.

79 378 154 400 nem
182 374 292 402 autem
305 366 329 386 ³⁸

78 419 177 453 serint
188 418 213 438 ³⁵
240 421 348 453 vitam.

179 472 396 513 Miserabilis‚
423 474 515 517 quod
541 475 579 507 sit
607 475 756 509 miseriae
782 477 915 513 habilis.

76 576 109 604 et
135 580 288 610 moestus

240 624 323 659 175.
377 625 555 661 Mendicus
583 629 707 671 dictus,
734 632 826 674 quod
837 628 862 648 ³⁷
889 634 995 667 minus
1022 635 1127 670 habet
1154 638 1242 671 unde
1263 638 1363 671 vitam
1382 637 1535 684 degatffl:

383 319 486 352 Miser
512 321 648 364 proprie
676 321 829 355 dicitur³³
851 336 910 366 eo,
939 326 1031 369 quod
1059 339 1193 363 omnem
1228 330 1419 364 selicItatem
1454 333 1606 369 amiserit.

354 372 491 416 proprie
518 377 683 415 mortuus,
711 374 767 416 qui
795 375 826 408 in
849 377 1047 412 Tusculanis
1075 381 1210 416 miseros
1237 388 1387 416 mortuos
1415 390 1529 427 vocat,
1557 393 1699 432 propter
1726 391 1819 434 quod
1846 391 1912 426 iam
1940 396 2025 428 ami-

379 525 529 559 Moestus
557 528 748 561 naturaliter
774 530 887 574 tristis,
915 543 981 565 non
1009 545 1098 568 casu.

1659 336 1855 372 Secundum
1887 339 2026 376 Cicero-

1152 535 1212 568 Est
1245 536 1331 569 enim
1359 549 1379 570 a
1403 542 1518 571 natura
1546 541 1645 574 animi
1680 547 1713 575 et
1740 541 1909 579 mentisw:
1934 547 2022 581 unde

1563 642 1631 676 sive
1656 644 1733 688 quia
1756 658 1827 680 mos
1844 652 1913 681 erat
1929 650 2020 694 apud

74 676 223 719 antiquos
249 688 285 709 os
312 677 470 712 claudere
498 692 605 725 egeno
618 678 657 723 ³³¹,
686 687 717 714 et
741 695 873 716 manum
902 687 1098 730 extendere,
1126 690 1219 733 quasi
1241 701 1339 723 manu
1368 691 1480 726 dicere
1492 689 1524 726 ⁴⁰.

172 727 339 770 Mendax,
363 728 486 773 quod⁸¹
517 737 661 765 mentem
689 734 820 767 alterius
849 737 934 770 fallit
945 735 978 771 ⁴².

236 780 321 814 176.
374 781 564 826 Mziligiiu3‚
593 785 669 827 quia
696 787 841 819 malitiae
869 794 1002 831 votum,
1032 791 1084 823 vel
1112 802 1197 835 opus
1226 792 1368 837 peragit.

172 830 284 864 Malus
311 834 499 878 appellatus
527 847 545 867 a
573 837 671 880 nigro
698 838 794 878 selle,
822 840 915 882 quod
944 842 1068 875 Graeci
1094 844 1208 887 μι-’λαν
1236 845 1367 878 dicunt:
1396 844 1485 878 unde
1512 849 1545 878 et
1572 845 1809 882 melancholici
1839 851 2019 895 appellan-

68 885 121 912 tur
148 881 318 924 homines,
347 886 424 928 quia
453 888 702 921 concursionem
731 889 947 924 Ιιιιηιειηῑηῐι43
972 894 1152 938 refugiunt,
1182 901 1214 928 et
1241 897 1425 930 amicorum
1454 908 1607 930 carorum
1634 901 1779 943 suspecti
1806 907 1888 934 sunt.

170 933 358 969 Malitiosus
387 937 533 970 deterior
559 940 665 982 malo,
692 942 784 984 quod
810 943 1002 987 frequenter
1029 946 1069 978 sit
1082 947 1186 980 malus
1198 944 1238 980 ¹¹²:
1266 960 1285 981 a
1312 948 1404 981 malo
1425 946 1572 982 autem⁴⁵
1599 950 1696 994 peior
1720 952 1855 986 dieitur:
1883 966 1902 986 a
1926 955 2016 988 bono

67 985 184 1017 melior
194 983 228 1021 ⁴⁶.

232 1037 316 1071 177.
370 1039 495 1072 Melior
521 1041 626 1074 dictus
653 1041 779 1086 quasin
806 1046 957 1080 mollior:
985 1059 1051 1081 non
1075 1048 1194 1089 durum,
1222 1055 1278 1083 aut
1305 1051 1450 1085 ferreus:
1477 1063 1552 1084 nam
1580 1053 1698 1086 melius
1725 1055 1819 1096 quasi
1847 1055 1988 1090 mollius.

166 1087 283 1123 Minax
310 1091 352 1123 ab
379 1092 450 1124 acie
463 1089 488 1108 ⁴⁸

509 1094 699 1136 oculorum,
724 1097 859 1139 quando
888 1099 1009 1133 furiose
1037 1101 1230 1142 ardescunt,
1266 1108 1301 1135 ut
1328 1104 1471 1147 amplius
1500 1101 1648 1137 videns⁴⁰
1674 1105 1894 1149 pertimescat.

165 1139 314 1174 Minator
340 1147 388 1175 est
415 1144 577 1185 monitor,
605 1146 663 1179 sed
691 1149 836 1182 monitor
861 1150 998 1192 dicitur,
1027 1163 1102 1186 cum
1130 1152 1364 1198 pronunciat⁵⁰
1387 1156 1492 1188 bona:
1520 1153 1714 1198 minator⁵¹‚
1748 1168 1824 1190 cum
1846 1155 2014 1192 nunciat⁵²

63 1189 211 1227 adversa.

226 1242 309 1276 178.

365 1244 535 1279 Mulcator
550 1243 591 1288 ⁵³,
620 1259 660 1279 eo
688 1249 780 1291 quod
808 1250 940 1283 blandis
967 1253 1075 1285 verbis
1102 1254 1246 1287 mulceat
1273 1255 1316 1287 ad
1345 1256 1581 1290 declinandum
1609 1258 1771 1291 animum:
1799 1259 1969 1293 translatio
1993 1273 2011 1294 a

63 1292 188 1336 mulso,
215 1296 250 1327 id
279 1301 342 1336 est,
370 1297 462 1338 quod
491 1303 667 1342 acceptum
698 1300 798 1332 lenire
826 1302 911 1334 solet
939 1303 1051 1336 fauces
1079 1305 1240 1347 dolentis,
1268 1312 1324 1338 aut.
1352 1308 1530 1350 oppletum
1558 1309 1711 1341 sordibus
1736 1310 1958 1347 stomachum,

228 1345 310 1380 179.

366 1347 548 1381 Metatores
571 1350 798 1393 appellantur.
830 1354 886 1395 qni
914 1359 1020 1387 castra
1047 1356 1242 1401 designant,
1268 1370 1286 1390 a
1313 1359 1484 1391 metiendo
1511 1359 1648 1393 scilicet.
1691 1359 1895 1396 Lucanus-⁵⁴:

287 1397 478 1442 Hesperios
505 1401 631 1433 audas-
657 1403 772 1434 veniat
784 1399 808 1419 ⁵⁵
835 1408 986 1437 metator
1012 1407 1047 1439 in
1075 1419 1197 1453 agros.

161 1445 294 1487 Mollis,
323 1449 414 1493 quod
443 1451 594 1494 vigorem
622 1464 715 1486 sexus
742 1463 898 1488 enervato
927 1467 1075 1502 corpore
1109 1460 1294 1492 dedecoret
1306 1455 1346 1499 ⁵⁰,
1381 1465 1414 1492 et
1441 1460 1532 1503 quasi
1559 1461 1679 1493 mulier
1705 1462 1904 1495 emolliatur.

224 1499 306 1534 180.
359 1500 478 1534 Macer
504 1515 523 1535 a
552 1504 675 1537 macie:
703 1512 735 1537 et
762 1508 884 1539 macies
913 1519 932 1540 a
953 1510 1107 1543 moechia
1119 1507 1154 1552 ⁵²,
1182 1521 1223 1543 eo
1251 1511 1345 1553 quod
1373 1511 1593 1545 immoderata
1620 1513 1726 1545 libido
1743 1524 1872 1546 macros
1896 1514 2006 1556 faciat,

56 1547 126 1580 sive
153 1561 170 1581 a
196 1549 464 1585 macerationeffi.

158 1598 315 1642 Mancus,
342 1615 440 1636 manu
468 1615 568 1637 ancus
581 1601 615 1639 ⁵⁹.

218 1651 301 1685 181.

356 1653 578 1689 Moribundus
599 1657 750 1690 morienti
780 1658 909 1692 similis:
937 1659 1019 1693 sicut
1046 1660 1245 1695 vitabundus
1268 1663 1388 1697 viventi
1403 1660 1428 1681 ‘⁵⁰
1454 1663 1576 1698 similis,

1631 1664 1778 1706 Quando
1807 1665 1895 1699 enim
1921 1666 2004 1700 dici-

54 1709 124 1732 mus
151 1703 327 1736 moriturus
355 1711 417 1747 est,
445 1718 521 1739 vere
549 1709 726 1741 moriturus
755 1715 819 1743 est:
849 1711 1065 1744 moribundus
1092 1724 1158 1745 non
1186 1726 1279 1757 vere,
1307 1715 1365 1748 sed
1392 1717 1459 1749 veri
1487 1712 1647 1749 similisffl.

218 1754 299 1788 182.

353 1756 513 1791 Meretrix
541 1759 630 1792 dieta
658 1772 715 1801 eo,
743 1762 836 1804 quod
866 1763 1009 1806 pretium
1038 1764 1183 1798 libidinis
1214 1772 1389 1801 mereatur.

1443 1764 1580 1801 Undeffl
1615 1771 1647 1799 et
1675 1766 1864 1801 meritoriae
1890 1768 2003 1802 taber-

53 1812 131 1834 nae:
159 1815 234 1837 narn
257 1811 289 1839 et
317 1807 435 1841 milites
457 1820 532 1843 cum
560 1812 725 1856 stipendia
753 1813 940 1857 accipiunt,
969 1817 1088 1849 mereri
1117 1817 1280 1851 dicuntur.

52 1886 131 1924 vulg.
184 1887 366 1929 Intelligilur
393 1892 479 1921 locus
504 1894 593 1925 Tusc.
619 1895 700 1935 Disp.
724 1896 744 1926 I.
775 1908 798 1925 c.
825 1898 853 1929 5·
876 1914 917 1919 —-
957 1901 1002 1931 36)

51 1927 100 1955 Sic
126 1929 183 1959 Gu.
208 1934 234 1962 1.
256 1935 286 1963 2.
310 1949 351 1956 —
380 1937 488 1963 mentis
510 1943 535 1964 et
558 1940 655 1966 animi
677 1939 758 1975 vulg.
803 1957 836 1961 —
876 1940 922 1979 37)
954 1942 1003 1970 Sic

51 1970 108 2000 Gu-
129 1975 154 2002 1.
180 1990 216 1995 —
243 1976 316 2013 quia
330 1976 410 2014 vulg.
433 1994 475 2000 —
503 1982 546 2014 38)
569 1982 672 2009 minus
693 1982 781 2010 habet
807 1984 902 2010 vitam
924 1983 1004 2012 uncle

49 2011 140 2052 degat
162 2025 208 2044 va.
235 2033 271 2038 —
304 2018 349 2057 39)
372 2019 421 2047 Sic
445 2020 502 2050 Gu.
530 2025 557 2052 1.
580 2033 625 2052 va.
647 2040 688 2046 —
712 2036 837 2063 egenum
860 2026 939 2063 vulg.
962 2043 1001 2049 —

48 2057 93 2094 40)
116 2068 242 2087 manum
266 2059 339 2088 dare
361 2061 397 2089 al.
421 2078 462 2083 —
491 2065 540 2101 41)
565 2067 640 2103 quia
662 2077 708 2097 va.
731 2084 773 2089 —
796 2066 843 2107 49)
868 2069 918 2096 Sic
942 2069 1000 2100 Gu.

51 2100 77 2129 1.
93 2116 129 2121 —
149 2101 249 2138 fallat
272 2103 353 2141 vulg.
376 2121 409 2126 -
431 2102 479 2145 43)
502 2106 551 2135 Sic
575 2108 631 2137 Gu.
650 2112 677 2140 1,
698 2125 740 2131 —
764 2109 852 2148 Vulg.
877 2113 932 2149 qui
953 2111 998 2140 ad

48 2146 299 2173 conversationem
312 2146 394 2175 hum.
419 2148 474 2183 ref.
494 2166 532 2171 —
552 2149 607 2181 Gu,
625 2153 653 2181 2.
671 2153 748 2189 qula
770 2156 996 2182 conversatione

46 2181 183 2213 humana
207 2206 244 2210 —
268 2187 313 2215 ad
337 2199 395 2217 orn.
421 2199 466 2217 va.
494 2206 534 2212 —
570 2193 616 2227 44)
639 2193 686 2222 Sic
709 2195 765 2225 Gu.
793 2198 819 2226 1.
847 2212 888 2218 ·—
917 2199 994 2235 quia

38 2226 119 2264 freq.
142 2227 243 2255 malus
266 2230 345 2268 vulg.
370 2248 407 2253 —-
439 2231 485 2270 45)
511 2235 589 2261 enim
613 2235 706 2266 Gu.1.
728 2253 770 2260 —
792 2239 840 2275 46)
863 2238 993 2268 deterior

47 2268 102 2296 Gu.
119 2272 144 2299 1.
158 2271 207 2298 Ar.
231 2271 268 2298 At
283 2281 343 2299 non
363 2274 529 2311 notionem,
551 2276 603 2305 sed
623 2279 876 2316 comparationem
892 2292 992 2319 gram-

46 2312 179 2341 maticam
203 2312 370 2351 significare
393 2317 467 2344 vult.
496 2333 538 2339 —
567 2317 612 2358 47)
641 2322 732 2357 quasi
754 2332 807 2359 pro
830 2325 905 2361 quia
934 2326 989 2354 Gu.

50 2353 75 2381 1.
101 2357 129 2385 2.
151 2355 188 2382 al.
214 2366 257 2394 pr.
289 2374 326 2378 —
357 2356 403 2395 48)
427 2357 475 2385 sic
497 2359 552 2387 Gu.
572 2362 598 2389 1.
622 2361 670 2388 Ar.
691 2376 733 2382 -—
757 2372 777 2389 a
792 2364 881 2399 facie
908 2368 988 2404 vulg.

47 2408 86 2415 —
108 2396 155 2433 49)
186 2398 234 2425 Sic
267 2399 321 2427 Gu.
346 2403 370 2430 1.
396 2400 444 2429 Ar.
468 2417 508 2422 —
539 2401 641 2430 videns
675 2404 811 2442 amplius
838 2407 915 2444 vulg.
946 2424 987 2430 -

86 2444 252 2478 ΟΜΜΜΛΤ.
271 2460 304 2477 LA
315 2460 334 2478 r.
351 2449 398 2478 Ill.

1048 1899 1096 1939 50)
1118 1901 1167 1930 Sic
1192 1902 1250 1931 Gu.
1269 1906 1294 1934 1.
1314 1907 1342 1935 2.
1359 1914 1404 1932 va.
1423 1921 1459 1925 —-
1481 1904 1686 1941 praenunciat
1709 1903 1790 1941 vulg.
1814 1920 1855 1924 —
1879 1902 1927 1944 51)
1941 1915 2002 1932 au-

1046 1948 1104 1971 lem
1125 1945 1194 1974 add.
1219 1947 1274 1974 Gu.
1301 1950 1329 1977 2.
1354 1956 1399 1974 va.
1421 1962 1463 1966 —
1486 1945 1531 1984 52)
1555 1946 1603 1973 Sic
1628 1946 1684 1974 Gu.
1702 1948 1728 1976 1.
1745 1950 1771 1977 2.
1787 1957 2001 1985 —praenan-

1045 1987 1104 2014 tint
1125 1988 1206 2025 vulg.
1229 2004 1272 2009 —
1289 1989 1480 2026 pronunciat
1504 1998 1550 2017 va.
1578 2005 1618 2010 —
1649 1991 1693 2022 53)
1718 1989 1888 2017 stlulctator
1911 1990 1998 2017 al.—

1046 2029 1094 2067 54)
1118 2036 1152 2057 ut
1172 2032 1287 2058 Lucan.
1312 2032 1349 2060 al.
1394 2032 1491 2059 Locus
1521 2035 1566 2059 est
1587 2031 1615 2068 Ι,
1638 2032 1710 2062 382.
1734 2048 1775 2052 —
1805 2033 1855 2070 55)
1879 2032 1997 2078 reniam

1046 2071 1100 2107 aL,
1135 2077 1166 2101 ut
1190 2074 1298 2102 Lucan.
1321 2090 1363 2096 —
1385 2075 1430 2111 56)
1454 2074 1502 2102 Sic
1525 2074 1574 2103 Ar.
1602 2090 1645 2095 —
1670 2073 1756 2112 Vulg.
1781 2078 1911 2102 εηινιάιι
1930 2084 1996 2101 cor-

1036 2116 1122 2150 poris
1147 2114 1287 2144 dedecore
1318 2118 1380 2145 sine
1409 2126 1507 2145 sensu.
1539 2131 1580 2138 —-
1611 2114 1660 2155 57)
1684 2116 1733 2144 Sic
1754 2116 1806 2161 Al:-
1821 2157 1826 2161 ῃ
1844 2131 1868 2135 -
1893 2117 1993 2143 macla

1038 2157 1117 2195 vulg.
1145 2174 1188 2180 -—
1215 2163 1262 2197 58)
1287 2159 1342 2190 Vv.
1365 2161 1428 2187 sim?
1455 2170 1475 2187 α
1498 2159 1701 2186 maceratione
1726 2155 1827 2186 addid]
1850 2167 1865 2185 e
1890 2157 1946 2187 Gu.
1965 2161 1991 2187 1.

1038 2198 1087 2227 Ar.
1116 2215 1156 2221 -—
1192 2200 1238 2241 59)
1263 2202 1349 2240 Vulg.
1378 2201 1446 2231 add.
1470 2203 1519 2230 vel
1542 2209 1637 2226 manu
1670 2209 1796 2236 cassus,
1833 2209 1908 2237 quae
1931 2210 1988 2245 orn.

1038 2241 1095 2271 Gu.
1119 2244 1144 2272 1.
1165 2245 1196 2274 2.
1216 2254 1262 2282 pr.
1287 2255 1332 2273 va.
1355 2246 1403 2274 Ar,
1434 2258 1475 2265 ν-
1514 2244 1562 2279 60)
1591 2242 1705 2269 vitanti
1727 2241 1776 2272 Ar.
1802 2257 1840 2262 —
1871 2239 1918 2278 61)
1941 2242 1987 2286 Sic

1037 2283 1092 2311 Gu.
1113 2287 1139 2314 l·
1158 2300 1200 2307 —·
1229 2288 1311 2323 Vulg.
1328 2289 1406 2315 stlor.
1431 2290 1530 2312 autem
1553 2295 1613 2312 ηοιι
1636 2295 1717 2320 vere,
1741 2283 1794 2311 sed
1815 2282 1985 2310 verisimzlae

1034 2328 1173 2353 morienti
1194 2333 1245 2356 est.
1266 2345 1307 2351 —
1330 2328 1486 2356 morientis
1509 2328 1559 2356 Ar.
1581 2343 1621 2349 —
1654 2327 1704 2365 62)
1735 2324 1816 2354 Unde
1836 2333 1893 2362 pro
1915 2321 1984 2350 mdc

1033 2366 1089 2396 Gu.
1115 2370 1140 2398 1.

1514 2463 1583 2495 L'u
