2264 2830
794 96 1040 132 oanlNUM
1076 101 1221 136 LIBER
1249 105 1340 139 Vlll.
1973 115 2047 150 257

262 188 294 222 7.
348 189 598 234 Carpocratiani
618 190 854 234 aCarpocrate
882 194 1031 236 quodam
1061 203 1240 241 vocantur,
1269 201 1325 244 qui
1354 200 1434 233 dixit
1451 200 1621 235 Christum
1650 201 1821 238 hominem
1850 206 1947 241 fuisse
1971 214 2045 243 tan-

97 246 188 281 tum,
216 246 248 274 et
275 241 318 274 de
343 248 484 285 utroque
510 254 588 275 sexu
616 244 842 286 progenitum.

262 296 294 325 8.
349 293 552 326 Cerinthiani
588 306 606 326 a
637 294 797 327 Cerintho
825 296 974 339 quodam
1002 302 1191 344 nuncupati.
1256 303 1301 335 Ili
1335 303 1419 335 inter
1449 310 1581 337 caetera
1617 305 1901 341 circumcisionem
1930 311 2045 344 obser-

97 348 174 376 vant
186 339 228 377 ³²:
256 345 347 378 mille
377 357 478 378 annos
503 350 578 389 post
604 348 877 380 resurrectionem
904 348 936 380 in
964 350 1136 395 voluptate
1164 352 1303 386 carnis⁷³³
1329 355 1457 388 futuros
1485 357 1688 400 praedicant.
1744 359 1845 393 Unde
1865 367 1896 394 et
1912 362 2045 397 Graece

97 394 293 436 Chiliastae,
320 397 438 429 Latine
465 394 681 430 Milliastae³⁴
707 405 780 431 sunt
810 400 982 444 appellati.

260 447 294 482 9.
348 449 507 481 Nazaraei
518 446 542 465 ³⁵
564 449 660 491 dicti,
686 452 742 493 qui
771 451 851 484 dum
880 452 1058 494 Christum,
1085 456 1141 497 qui
1169 468 1187 487 a
1215 456 1289 490 vico
1318 457 1483 490 Nazarcus
1494 456 1518 475 ⁸⁰
1546 465 1592 491 est
1615 461 1817 505 appellatus,
1845 463 1950 497 filium
1982 466 2042 499 Dei

96 499 334 542 confiteantur,
362 501 473 532 onmia
501 505 610 533 tamen
639 503 756 534 veteris
785 503 868 548 legis
891 505 1090 538 custodiunt.

263 550 319 583 10.
374 550 524 596 Ophitae
556 565 575 585 a
606 553 748 586 colubro
783 556 939 588 nominati
975 563 1058 590 sunt.
1113 557 1264 590 coluber
1297 560 1383 592 enim
1413 560 1545 593 Graece
1558 557 1582 576 ³⁸⁷
1618 561 1699 608 ὄφις
1731 564 1859 598 dicitur.
1919 566 2044 601 Colunt

95 601 181 634 enim
208 607 413 646 serpentem,
442 604 588 637 dicentes
614 605 721 649 ipsum
749 607 780 638 in
808 608 998 651 paradisum
1027 609 1191 642 induxisse
1220 611 1345 643 virtutis
1376 613 1612 656 cognitionem.

261 654 317 685 ll.
372 655 590 688 Valentiniani
619 669 638 689 a
665 658 842 691 Valentino
870 661 1017 702 quodam
1053 661 1227 694 Platonico
1241 659 1266 678 ³⁸
1300 668 1461 697 ¹sectatore
1489 665 1615 704 vocati,
1651 666 1706 708 qui
1736 668 1887 706 αἰῶνας,
1930 669 1965 701 id
1995 675 2042 702 est

93 704 204 736 secula
230 706 394 748 quaedam
422 708 454 740 in
482 708 645 752 originem
674 709 737 741 Dei
764 712 919 743 creatoris
945 712 1089 745 induxit:
1117 713 1284 746 Christum
1310 727 1446 758 quoque
1473 716 1516 748 de
1545 717 1670 761 virgine
1698 718 1781 750 nihil
1810 721 1960 764 corporis
1989 733 2042 754 as-

91 755 284 800 sumpsisse,
313 758 370 791 sed
394 771 455 803 per
482 772 554 792 eam
583 762 676 803 quasi
703 772 765 805 per
792 763 935 795 fistulam
963 765 1112 797 transisse
1138 772 1282 797 asserunt
1294 763 1328 800 ³¹³.

258 817 316 852 12.
371 820 558 863 Apellitae,
586 832 728 864 quorum
756 822 896 866 Apelles
908 821 933 840 '¹⁰
968 824 1123 868 princeps
1135 821 1157 841 ⁴¹
1188 826 1264 865 fnit,
1305 826 1360 869 qui
1391 832 1576 859 creatorem
1611 829 1767 873 angelum
1801 831 1911 864 nescio
1940 844 2040 875 quem

90 865 277 910 gloriosum
305 872 482 914 superioris
509 872 571 904 Dei
599 873 721 906 faciens
754 873 862 906 Deum
876 871 901 891 ⁴²
928 876 1056 908 Israelis
1068 872 1106 916 ⁴³,
1142 876 1236 908 illum
1264 877 1400 921 igneum
1437 877 1659 923 al'lirmans'¹',
1695 878 1830 923 dixit⁴5,
1871 882 2040 917 Christum

91 928 157 950 non
183 918 292 953 Deum
319 919 387 954 inm
414 924 568 964 veritate,
597 924 655 957 sed
679 922 887 958 hominem⁴⁷
914 927 946 959 in
975 927 1148 972 phantasia
1176 930 1382 973 apparuisse.

257 981 315 1013 13.
368 982 619 1017 Archontiaciffl
654 997 673 1017 a
704 985 907 1030 principibus
935 988 1166 1031 appellantur,
1206 986 1296 1032 qui⁴ss
1324 990 1585 1032 universitatem,
1626 1003 1727 1034 quam
1760 991 1849 1025 Deus
1877 995 2039 1037 condidit,

90 1039 194 1072 opera
221 1043 290 1065 esse
317 1034 598 1079 archangelorum
626 1036 821 1069 defendunt.

257 1092 312 1125 1⁴.
367 1095 543 1128 Adamiani
570 1097 695 1139 vocati,
732 1098 824 1141 quod
838 1094 862 1115 ³⁰
889 1098 999 1131 Adam
1011 1096 1032 1115 ⁵¹
1062 1100 1229 1134 imitentur
1243 1099 1268 1118 ⁵²
1303 1101 1503 1144 nuditatem,
1538 1103 1627 1136 unde
1655 1109 1685 1136 et
1719 1104 1799 1136 nudi
1831 1102 1976 1148 orant⁵³,
2007 1111 2039 1139 et

88 1139 168 1173 nudi
194 1142 278 1176 inter
304 1157 338 1178 se
366 1158 472 1180 mares
498 1148 731 1192 foeminaeque
758 1151 970 1184 conveniunt.

256 1195 312 1230 15.
366 1196 549 1231 Cainiani⁵⁴
576 1201 719 1244 proinde
747 1202 792 1235 sic
820 1202 998 1245 appellati,
1026 1200 1218 1244 quoniam*
1243 1204 1325 1236 Cain
1354 1205 1504 1240 adorant.

254 1247 311 1280 16.
364 1250 515 1282 Sethiani
543 1263 663 1284 nomen
692 1259 895 1296 acceperunt
922 1264 940 1284 a
971 1253 1042 1285 tilio
1072 1254 1203 1295 Adam,
1240 1256 1297 1298 qui
1327 1262 1462 1288 vocatus
1497 1261 1545 1287 est
1578 1256 1682 1299 Seth,
1718 1257 1865 1290 dicentes
1892 1258 2036 1292 eundem

87 1304 157 1327 esse
180 1295 360 1334 Christum.

255 1358 311 1391 17.
364 1359 688 1395 Melchisedechiani
717 1363 824 1396 vocati
851 1374 914 1407 pro
940 1374 995 1403 eo,
1023 1364 1116 1407 quod
1145 1363 1403 1398 Melchisedech
1431 1366 1638 1399 sacerdotem
1668 1367 1730 1401 Dei
1744 1364 1786 1410 ⁵⁶,
1822 1380 1888 1401 non
1923 1369 2034 1403 homi-

87 1417 162 1439 nem
190 1408 304 1450 fuisse,
332 1412 390 1443 sed
416 1412 566 1444 virtutem
596 1413 657 1446 Dei
682 1426 750 1447 esse
778 1415 983 1447 arbitrantur.

254 1461 310 1493 18.
364 1464 520 1508 Angelici
548 1466 673 1504 vocati,
702 1467 778 1508 quia
804 1466 943 1510 angelos
973 1466 1098 1501 colunt.

253 1512 312 1548 12).
368 1515 553 1559 Apostolici
581 1516 659 1548 ideo
677 1517 745 1549 hoc
773 1517 833 1548 sibi
855 1529 976 1549 nomen
988 1513 1012 1533 ⁵⁷
1038 1522 1348 1562 praesumpserunt,
1379 1516 1491 1562 quia⁵⁸
1519 1518 1601 1552 nihil
1617 1520 1824 1564 possidentes
1846 1523 2035 1566 proprium,

85 1572 294 1606 nequaquam
322 1566 485 1610 recipiunt
496 1563 520 1582 ⁵⁹
548 1578 621 1608 eos,
649 1568 704 1610 qui
732 1568 857 1611 aliquid
888 1569 920 1600 in
942 1568 1010 1601 hoc
1036 1569 1162 1601 mundo
1191 1575 1334 1603 utuntur.
1827 1616 1832 1622 ·

249 1615 309 1647 20.
363 1616 563 1650 Cerdoniani
591 1630 610 1651 a
637 1618 794 1652 Cerdone
817 1620 965 1663 quodam
994 1621 1168 1659 nominati,
1196 1621 1252 1664 qui
1277 1621 1345 1653 duo
1373 1621 1536 1665 principia
1565 1622 1730 1655 contraria
1741 1619 1766 1639 ⁰⁰
1793 1629 1938 1656 asserunt
1951 1620 1983 1656 ⁸¹.

248 1667 308 1699 21.
362 1668 598 1703 Marcionis-tae
625 1683 644 1702 a
672 1670 847 1704 Marcione
870 1672 985 1704 Stoico
1014 1672 1224 1716 philosopho
1253 1673 1436 1717 appellati,
1464 1673 1520 1716 qui
1548 1673 1710 1706 Cerdonis
1738 1674 1866 1719 dogma
1894 1682 2033 1715 secutus,

83 1715 222 1748 alterum
251 1719 393 1761 bonum,
421 1721 561 1753 alterum
589 1722 707 1755 iustum
736 1723 846 1756 Deum
873 1724 1028 1764 asseruit,
1056 1730 1213 1767 tanquam
1238 1725 1306 1757 duo
1334 1725 1498 1769 principia
1527 1727 1684 1758 creatoris
1695 1722 1720 1742 ⁶²
1747 1733 1778 1759 et
1807 1727 1971 1761 bonitatis.

83 1829 229 1854 tarentur.
252 1845 290 1849 —
314 1826 361 1868 27)
387 1828 497 1857 honum
520 1830 587 1859 add.
612 1831 648 1859 al.
694 1832 789 1860 Locus
814 1836 857 1860 cst
874 1843 939 1871 cap.
959 1835 988 1869 Q,
1005 1834 1035 1865 6.
1080 1834 1128 1861 Sic
1149 1834 1206 1863 Cu.
1227 1836 1252 1864 1.
1270 1835 1317 1862 Ar.
1342 1835 1383 1871 (d
1408 1832 1526 1874 lsrael.)
1549 1850 1590 1855 —
1613 1833 1658 1871 44)
1684 1835 1824 1872 affirmat
1847 1846 1892 1864 va.
1916 1854 1953 1858 —-
1985 1837 2033 1874 45)

82 1882 124 1888 -
145 1868 193 1904 28)
219 1869 275 1900 Gu.
301 1873 325 1901 1.
357 1871 440 1909 quod
467 1884 526 1901 non
551 1891 592 1894 —
621 1874 706 1912 qnod
727 1874 776 1902 otl.
808 1875 864 1904 Gu.
887 1878 915 1906 2.
937 1875 972 1903 al.
994 1891 1035 1896 -—-
1079 1876 1167 1914 Vulg.
1197 1877 1383 1915 praecedunt
1414 1876 1502 1905 haec:
1549 1877 1717 1914 Apellnae,
1756 1889 1885 1916 quorum
1921 1878 2034 1907 author

82 1911 158 1947 quia
179 1912 259 1950 vulg.
282 1928 324 1934 --
346 1915 392 1950 279)
408 1914 456 1942 Sic
470 1916 525 1944 Gu.
545 1918 570 1946 1.
589 1933 625 1938 —
652 1917 735 1955 Vulg.
758 1928 788 1944 se
810 1919 856 1945 ita
872 1918 1034 1956 appellare.
1077 1920 1214 1957 Apellea,
1238 1922 1293 1958 qui
1316 1924 1371 1948 etc.
1395 1930 1470 1958 quae
1490 1929 1546 1948 om.
1569 1920 1626 1947 Gu.
1644 1923 1669 1951 1.
1693 1920 1743 1950 Ar.
1765 1936 1806 1942 ——-
1828 1921 1963 1959 Apellae
1985 1931 2030 1953 va,

80 1968 123 1973 —-
144 1964 175 1979 se
197 1955 242 1982 ita
271 1957 422 1993 appellari
444 1958 479 1986 al.
516 1975 553 1979 ——
589 1961 634 1995 30)
659 1962 714 1998 qui
737 1962 830 1988 anim.
855 1961 892 1989 al.
915 1976 957 1981 —
985 1962 1031 1997 31)
1076 1977 1113 1983 --
1141 1961 1188 2001 46)
1211 1964 1242 1990 in
1265 1962 1366 1990 addidi
1391 1973 1405 1990 e
1430 1963 1486 1992 Gu.
1507 1965 1533 1992 1.
1560 1964 1588 1992 2.
1611 1972 1656 1990 va.
1679 1963 1729 1991 Ar.
1762 1978 1802 1985 —
1831 1963 1877 2003 47)
1904 1963 1958 1992 Vv.
1980 1964 2034 1992 sed

80 2005 196 2023 creasse
219 1997 289 2027 add.
314 1999 351 2026 al.
380 2016 417 2019 —
448 2000 498 2037 32)
520 2000 708 2030 observantes
729 2003 765 2031 al.
793 2020 828 2024 —-
860 2002 907 2042 33)
931 2004 1034 2030 carnis
1075 2004 1225 2033 hominem
1250 2005 1288 2034 al.
1310 2015 1367 2033 om.
1389 2021 1423 2025 —-
1445 2003 1494 2044 48)
1519 2005 1710 2033 Arconci'ani
1738 2015 1784 2034 va.
1812 2021 1854 2027 —
1885 2004 1933 2047 49)
1956 2008 2030 2045 quia

80 2037 112 2065 in
136 2039 248 2077 volapt,
273 2040 310 2069 al.
340 2057 382 2062 —-
418 2042 462 2075 54)
486 2044 631 2072 Milliasti
660 2046 718 2074 Gu.
741 2048 772 2078 2.
802 2046 840 2075 al.
871 2061 913 2066 -
940 2046 1029 2073 M'li'-
1073 2047 1110 2076 al.
1135 2064 1176 2069 —
1212 2051 1256 2081 50)
1279 2049 1353 2085 quia
1376 2047 1414 2075 al.
1436 2063 1478 2068 -—-
1507 2045 1554 2086 51)
1576 2047 1625 2076 Sic
1643 2048 1700 2077 Gu.
1719 2051 1744 2079 1.
1768 2065 1809 2069 -
1836 2047 1926 2076 Adae
1948 2049 2027 2087 vulg.

80 2081 174 2108 ciaste
197 2093 240 2120 pr.
265 2093 311 2111 va.
338 2100 373 2104 —
399 2084 570 2113 Millenari'i‘
592 2088 641 2115 Ar.
666 2104 706 2110 —
731 2086 779 2127 35)
804 2089 960 2116 Nazareni‘
983 2099 1028 2116 va.
1071 2106 1114 2111 —
1141 2089 1188 2129 52)
1218 2091 1383 2118 imitantur
1406 2090 1443 2118 al.
1474 2105 1515 2109 —
1556 2092 1604 2125 53)
1632 2095 1717 2118 erant
1747 2090 1784 2121 al.
1809 2108 1850 2112 —
1883 2091 1932 2130 54)
1958 2092 2028 2120 Cai-

78 2138 120 2143 —
141 2125 186 2160 36)
213 2125 260 2154 Sic
281 2126 338 2154 Gu.
363 2129 390 2157 1.
410 2129 439 2157 2.
461 2128 510 2156 Ar.
529 2144 571 2149 -—-
595 2130 774 2159 IVazarenus
797 2131 876 2169 vulg.
905 2147 947 2152 —
980 2131 1027 2168 37)
1071 2134 1147 2160 nani
1170 2143 1215 2171 pr.
1248 2150 1286 2154 -—
1320 2135 1365 2169 55)
1398 2134 1473 2171 quia
1497 2131 1534 2160 al.
1559 2148 1600 2153 —-—
1634 2132 1681 2171 56)
1705 2134 1835 2161 Domini
1858 2133 1914 2162 Gu.
1939 2137 1967 2167 2.
1987 2150 2027 2156 -

81 2165 194 2194 Graece
216 2178 273 2198 om.
297 2179 342 2197 va.
365 2186 405 2190 —
428 2169 475 2206 38)
498 2171 639 2199 Platonis
661 2174 700 2203 al.
717 2190 757 2195 —
780 2175 959 2201 Platonicae
977 2173 1028 2203 Ar.
1071 2176 1118 2211 57)
1141 2176 1188 2204 Sic
1207 2176 1262 2204 Gu.
1283 2178 1308 2206 1.
1326 2191 1366 2196 -·-
1380 2175 1467 2213 Vulg.
1491 2174 1549 2202 hoc
1569 2174 1630 2202 sibi
1651 2186 1756 2204 nomen
1779 2175 1845 2204 ideo
1870 2174 1954 2215 (inde
1970 2177 2023 2204 Gu.

79 2217 94 2236 e
117 2208 240 2238 Tertull.
264 2210 439 2250 praescript.
462 2222 485 2239 e.
503 2215 552 2243 30.
588 2214 644 2242 Ubi
668 2221 741 2244 tzenc
761 2218 920 2253 stlarcion,
944 2218 1027 2244 Pon-
1071 2216 1116 2257 2.)
1149 2234 1186 2239 -
1217 2221 1262 2252 53)
1286 2219 1335 2246 Sic
1360 2218 1416 2246 Gu.
1436 2221 1462 2248 1.
1486 2234 1528 2238 ——
1551 2216 1635 2256 quod
1654 2218 1736 2256 vulg.
1761 2235 1799 2240 --
1824 2218 1871 2256 59)
1899 2220 1947 2247 Sic
1968 2219 2021 2245 Gu-

77 2251 158 2278 ricus
184 2254 374 2289 Νιιιςίεηιε,
406 2255 524 2282 Stoicae
546 2256 729 2286 studiosus?
764 2259 817 2287 uhi·
844 2260 1027 2288 Valentinus
1072 2262 1098 2289 1.
1122 2270 1166 2290 va.
1191 2278 1228 2283 --
1252 2262 1401 2299 recipiant
1424 2259 1505 2298 vulg.
1530 2275 1571 2281 —
1593 2262 1760 2299 respiciunt
1783 2262 1837 2290 Gu.
1862 2263 1889 2291 2.
1913 2275 1954 2280 —
1976 2262 2019 2295 60)

78 2293 258 2324 Platonicae
281 2302 419 2325 sectator.
450 2315 489 2319 —
526 2300 571 2335 39)
594 2299 644 2327 Sic
670 2300 726 2328 Gu.
752 2303 777 2332 1.
810 2302 848 2332 al.
875 2318 915 2324 —
944 2312 1026 2330 asse-
1071 2302 1120 2330 Sic
1145 2303 1201 2334 Gu,
1225 2306 1250 2334 1.
1270 2319 1311 2324 —
1339 2303 1424 2342 Vulg.
1449 2304 1607 2331 contraria
1628 2305 1728 2342 princ.
1752 2320 1793 2326 —
1822 2302 1868 2340 61)
1891 2303 2019 2329 asseruit

78 2337 141 2364 ruit
164 2339 242 2376 vulg.
266 2355 307 2361 —
330 2339 376 2377 40)
398 2340 525 2378 Apellas
549 2341 604 2370 Gu.
618 2344 644 2373 1.
663 2358 705 2364 —
723 2342 768 2381 41)
789 2346 945 2383 principes
969 2345 1026 2372 Cu.
1070 2345 1121 2375 Ar.
1144 2362 1185 2367 —
1207 2345 1253 2385 62)
1282 2347 1446 2375 creationis
1467 2346 1519 2375 Ar.

79 2379 108 2409 2.
137 2396 178 2401 -
207 2379 253 2421 42)
277 2382 352 2421 legis
383 2382 451 2413 add.
476 2383 575 2421 vulg,
598 2384 679 2423 quod
702 2395 758 2415 om.
782 2387 838 2415 Gu.
864 2391 891 2419 1.
916 2403 951 2408 —
977 2385 1025 2425 43)

130 2429 294 2463 GRAMMAT.
315 2443 384 2464 LAT.
398 2433 448 2463 III.
1538 2438 1568 2470 K
1591 2438 1613 2469 k
