2203 2829
193 93 243 127 68

886 87 1063 123 lSIDORI
1089 87 1270 123 HISPAL.
1296 86 1441 122 EPISC.

194 197 310 220 eorum
336 189 546 229 temporum,
572 193 659 225 quae
685 181 843 221 vidimus,
870 183 1002 215 annales
1029 192 1109 215 vero
1137 187 1211 215 sunt
1232 178 1373 215 eorum¹
1400 192 1577 223 annorum,
1614 193 1698 225 quos
1725 188 1814 215 aetas
1841 188 1951 214 nostra
1978 193 2044 215 non
2075 194 2137 216 no-

194 239 249 271 vit.

195 293 281 322 stant
294 285 317 321 ³.

303 236 404 270 Unde
449 235 609 268 Salustius
645 244 684 265 ex
717 231 984 274 historialibus²,
1020 234 1182 267 Eusebius
1218 239 1250 267 et
1281 234 1505 276 Hieronymus
1541 245 1581 266 ex
1615 234 1785 267 annalibus
1819 239 1852 266 et
1882 233 2020 266 historia
2054 245 2138 268 con—

369 288 453 320 Item
480 283 588 318 inter*
614 284 787 317 historiam
806 290 839 318 et
865 291 1097 330 argumentum
1125 290 1158 318 et
1181 286 1330 318 fabulam
1358 281 1452 317 hoc⁵
1478 285 1611 318 interest
1622 283 1644 318 Β.

1697 286 1783 318 Nam
1810 284 1966 317 historiae
1994 291 2066 318 sunt
2086 297 2137 319 res

196 346 314 386 gestae
337 350 452 378 verae,
479 348 565 380 quae
592 348 668 369 vere
695 336 804 369 factae
831 334 947 377 sum',
982 342 1179 382 argumenta
1205 343 1278 370 sunt
1305 348 1390 380 quae
1419 336 1477 369 etsi
1505 337 1594 370 facta
1620 348 1687 369 non
1714 342 1808 377 sunt,
1838 337 1910 369 fieri
1932 342 2042 370 tamen
2055 348 2136 382 pos-

196 397 288 433 sunt,
315 390 449 423 fabulae
477 399 555 421 vero
582 393 671 428 sunt,
699 398 785 430 quae
812 399 874 422 nec
904 386 1018 427 factas!
1039 394 1130 430 sunt,
1166 400 1228 424 uec
1254 389 1326 422 fieri
1350 392 1504 433 possunt,
1531 388 1608 432 quia
1635 394 1749 423 contra
1776 392 1925 421 naturam
1952 394 2033 421 sunt.

846 622 1487 666 LIBERII.

711 732 861 767 CAP.
915 734 939 766 1.
1015 733 1110 767 Dc

1170 734 1612 767 Rhetorica.

364 807 397 841 l.
451 807 644 840 Rhetorica
673 814 719 842 est
744 811 829 844 bene
856 811 989 844 dicendi
1011 812 1146 845 scientia
1172 811 1204 843 in
1231 811 1378 844 civilibus
1401 810 1647 854 quaestionibus
1660 805 1686 848 ⁹,
1721 809 1765 841 ad
1792 810 2024 854 persuadenda
2036 807 2060 828 ¹⁰
2086 811 2138 843 iu-

200 863 247 891 sta
276 862 307 890 et
333 858 420 890 bona
446 858 477 890 in
511 870 621 891 rerum
648 872 933 906 personarumque
967 864 1111 908 negocio
1140 868 1171 896 et
1197 873 1296 895 causa
1337 890 1343 897 .

200 909 380 954 pellatione
407 906 480 944 α’,τό
506 911 573 944 τοῦ
593 913 804 960 ρητορίζειν,
831 915 866 947 id
894 919 941 947 est
969 926 988 947 a
1012 912 1145 959 copia¹3
1179 914 1364 948 locutionis.

201 962 338 1002 dicitur,
366 958 482 1007 ῥήτωρ
511 967 630 994 orator.

365 1015 398 1044 2.
453 1012 637 1046 Coniuncta
665 1020 712 1047 est
739 1021 848 1048 autem
877 1016 1124 1050 Grammaticae
1151 1017 1211 1049 arti

1311 858 1333 878 ¹¹
1402 862 1500 895 Dicta
1527 866 1637 894 autem
1665 861 1848 895 Rhetorica
1880 862 2012 895 Graeca
2024 857 2048 878 ¹²
2075 873 2138 905 ap-

1424 912 1546 959 αΡῆσις
1582 913 1668 946 essim
1703 913 1795 957 apud
1829 914 1978 947 Graecos
2012 914 2138 947 locutio

1512 1016 1550 1048 ln

1250 1016 1443 1048 Rhetorica.
1585 1015 1812 1048 Grammatica
1847 1016 1932 1048 enim
1970 1015 2138 1049 scientiam

201 1070 290 1097 recte
315 1064 473 1107 loquendi
501 1065 675 1107 discimus,
701 1067 733 1098 in
753 1067 935 1101 Rhetorica
963 1079 1041 1101 vero
1058 1069 1276 1112 percipimus,
1303 1068 1445 1111 qualiter
1472 1078 1530 1107 ea,
1553 1078 1640 1110 quae
1664 1067 1858 1107 didicimus,
1886 1063 2137 1112 proferamus¹⁸.

559 1167 587 1200 C
614 1168 645 1200 A
673 1168 710 1202 P.
763 1169 804 1201 11.

886 1170 950 1203 De
978 1169 1285 1203 inventoribus
1328 1170 1604 1202 Rhetoricae
1645 1169 1776 1202 artis.

366 1241 396 1274 l.
452 1243 547 1276 Haec
575 1248 685 1276 autem
716 1245 891 1289 disciplina
919 1258 937 1278 a
965 1246 1103 1279 Graecis·
1129 1246 1259 1278 inventa
1287 1251 1353 1286 est,
1390 1258 1409 1278 a
1432 1246 1580 1289 Gorgia,
1612 1245 1807 1286 Aristotele,
1844 1246 2073 1289 Hermagora,
2108 1250 2140 1277 et

201 1292 355 1325 translata
368 1290 390 1309 ¹⁵
413 1294 444 1326 in
473 1295 627 1327 Latinum
655 1308 673 1327 a
701 1297 816 1328 Tullio
844 1298 1000 1330 videlicet
1025 1303 1056 1329 et
1084 1297 1310 1338 Quinctiliano
1338 1300 1370 1329 et
1404 1297 1538 1329 Titiano
1552 1294 1593 1337 ¹⁶,
1628 1297 1686 1329 sed
1713 1297 1758 1328 ita
1793 1298 1949 1340 copiose,
1980 1297 2023 1328 ita
2050 1297 2140 1328 varie

200 1344 251 1375 vel
280 1355 341 1387 pro
369 1345 502 1377 scientia
536 1347 589 1378 vel
617 1358 678 1390 pro
707 1349 872 1381 locutione
885 1346 906 1365 ¹¹
940 1349 1119 1381 verborum
1148 1349 1358 1382 Graecorum
1371 1344 1404 1388 ¹⁸,
1433 1354 1467 1380 ut
1494 1359 1567 1381 eam
1594 1347 1713 1381 lectori
1740 1348 1896 1380 admirari
1922 1349 1954 1381 in
1980 1353 2140 1393 promptu

201 1395 259 1434 sit,
295 1395 584 1438 comprehendere
610 1398 826 1441 impossibile.

363 1445 397 1476 2.
449 1447 537 1478 Nam
565 1449 763 1480 membranis
786 1449 919 1482 retentis
948 1451 1040 1491 quasi
1068 1449 1277 1483 adhaerescit
1288 1446 1311 1467 ¹⁹
1338 1450 1518 1482 memoriae
1546 1450 1644 1483 series
1678 1450 1830 1483 dictionis
1841 1447 1882 1491 ²⁰,
1918 1461 1957 1484 ac
1984 1461 2061 1482 mox
2088 1461 2140 1483 re-

201 1495 316 1538 positis
344 1496 533 1529 recordatio
561 1496 699 1531 οιιιηίιῑ21
727 1499 877 1534 elabitur.

407 1605 436 1638 C
464 1607 494 1639 A
522 1607 557 1639 P.
612 1608 670 1640 111.

367 1681 400 1714 l.
458 1681 592 1716 Orator
618 1688 666 1716 est
692 1685 793 1729 igitur
819 1687 869 1718 vir
897 1687 1018 1727 bonus,
1060 1687 1194 1720 dicendi
1222 1687 1357 1731 peritus,

203 1731 324 1764 artibus
351 1732 437 1765 vitae
447 1730 481 1768 ²².

289 1827 312 1857 1)
336 1826 452 1853 Eurum
468 1827 569 1857 addidi
584 1838 598 1856 e
619 1828 674 1856 Gu.
695 1832 720 1860 1.
737 1832 765 1860 2.
785 1840 830 1858 va.
850 1830 897 1858 Ar.
921 1847 960 1851 —
992 1832 1021 1867 Ξ)
1046 1831 1145 1858 hislo-

202 1868 252 1893 rz'a
268 1867 353 1895 Arev.
372 1877 407 1896 ex
425 1870 552 1906 Grialiu,
581 1871 632 1908 qui
653 1871 682 1899 id
707 1872 736 1899 in
753 1872 841 1901 Goth.
859 1873 944 1901 Ouet.
966 1873 1033 1903 coll.
1056 1874 1143 1901 inve-

201 1914 296 1938 neret.
319 1927 355 1931 -—
380 1908 412 1950 3)
433 1911 480 1939 Sic
500 1913 556 1941 Gu.
575 1917 600 1944 1.
617 1915 645 1944 2.
669 1914 717 1943 Ar.
734 1925 778 1953 pr.
794 1925 839 1943 va.
862 1931 903 1937 -
927 1922 1043 1943 constat
1065 1917 1145 1954 vulg.

203 1967 241 1972 ·—
264 1954 291 1988 4)
316 1953 383 1979 item
402 1954 504 1982 addidi
519 1965 534 1983 e
552 1957 650 1986 Gli-1.
669 1957 705 1985 al.
722 1974 759 1978 -—-
783 1956 814 1996 5)
836 1958 891 1985 [ωι-
905 1958 1007 1986 addidi
1021 1968 1034 1986 e
1051 1959 1106 1986 Gu.
1120 1962 1144 1989 1.

201 2009 242 2014 —-
255 1996 285 2029 6)
300 1995 439 2023 interesse
453 1997 490 2024 al.
508 1998 570 2026 sine
586 1998 676 2026 verbo
694 1999 821 2028 dicendi.
844 2001 903 2029 (ΧΓ.
921 2002 1002 2030 Serv.
1020 2001 1055 2028 ad
1076 2001 1144 2029 Aen.

201 2035 228 2071 Ῑ,
250 2038 321 2068 239-
349 2054 384 2058 -
409 2037 437 2077 7)
461 2039 509 2067 Sic
534 2040 590 2069 Gu.
612 2042 637 2069 1.
660 2058 701 2062 -—-
727 2043 883 2070 Historiae
899 2049 969 2071 sunt
988 2055 1033 2070 rcS
1051 2054 1145 2077 verae,

202 2088 280 2115 quae
291 2080 403 2115 fuclae
420 2087 491 2109 sunl
513 2082 590 2120 vulg.
606 2099 646 2104 —
669 2085 700 2121 8)
715 2086 825 2120 sactae
841 2086 876 2114 al,
897 2103 934 2106 —-
958 2085 986 2124 9)
1004 2087 1145 2124 eloquen-

201 2121 262 2147 tiae
276 2123 363 2160 copia
379 2123 445 2152 add.
460 2125 509 2152 Ar.
526 2140 568 2145 —
591 2129 634 2156 10)
650 2126 697 2153 Sic
715 2128 770 2154 (ἆυ.
791 2130 815 2158 1.
842 2145 877 2149 -
898 2128 1143 2166 pers-aculemllmz

200 2163 281 2200 vulg.
298 2181 340 2185 —
365 2166 407 2203 11)
425 2167 530 2194 verba:
545 2168 576 2194 in
591 2178 686 2194 rerum
703 2180 963 2209 persultat-unque
982 2173 1100 2209 negotio
1120 2177 1143 2198 et

201 2215 297 2233 causa
320 2207 394 2244 (Gu.
415 2212 439 2238 1.
457 2211 484 2240 2.
499 2219 544 2237 va.
561 2212 674 2247 ragom*
688 2216 792 2249 causa)
810 2223 867 2241 om.
884 2213 970 2242 Arcv.
989 2219 1018 2242 et
1038 2214 1143 2241 absunt

200 2258 215 2275 a
241 2248 376 2285 gothicis.
397 2267 439 2272 —
467 2254 586 2287 negolt'o
611 2263 706 2280 causa
728 2264 772 2291 pr,
798 2273 834 2276 —
873 2254 919 2295 12¹)
946 2257 1062 2283 Graeca
1087 2267 1142 2283 om*

202 2290 257 2319 Gu.
278 2294 302 2321 1.
327 2307 364 2313 —
396 2296 439 2328 13)
465 2293 503 2321 ab
523 2295 582 2321 Χῖαι·
598 2297 685 2332 copia
712 2298 766 2323 Gu.
783 2300 806 2326 1.
832 2313 869 2318 -—
900 2298 936 2324 ab
960 2309 1015 2326 om.
1041 2299 1095 2325 Gn.
1114 2301 1140 2329 2.

201 2342 247 2360 va.
270 2348 311 2353 —
350 2334 393 2372 14)
421 2338 607 2373 pt-‹afi·t·enzzcs
629 2337 682 2374 aL,
718 2338 757 2365 ita
782 2339 868 2367 etiam
892 2340 982 2368 Palat.
1004 2342 1076 2371 281.
1104 2341 1140 2368 ad

202 2384 290 2413 marg.
313 2391 355 2397 —
385 2377 430 2417 15)
454 2380 530 2417 quin
551 2380 705 2408 translata
729 2380 765 2408 al.
791 2399 827 2403 —
852 2384 936 2411 ansis
959 2394 1078 2421 quoque
1098 2389 1140 2410 cst

932 1500 1039 1533 Huius
1067 1501 1262 1544 disciplinae
1291 1501 1443 1544 perfecta
1470 1501 1618 1545 cognitio
1645 1507 1811 1534 oratorem
1838 1501 1926 1535 facit.

750 1609 814 1642 Dc
856 1611 1030 1643 nominc
1069 1611 1271 1643 oratoris
1308 1614 1345 1643 ct
1381 1610 1599 1655 partibas
1643 1610 1929 1645 Rhetoricae.

1415 1687 1475 1720 Vir
1507 1687 1614 1720 bonus
1640 1687 1785 1720 consistit
1812 1693 1945 1727 natura,
1978 1688 2137 1730 moribus,

534 1735 674 1769 Dicendi
701 1737 826 1781 peritus
853 1739 999 1772 consistit
1021 1739 1198 1772 artificiosa
1220 1738 1426 1782 eloquentia,
1453 1750 1540 1782 quae
1562 1743 1690 1772 constat
1716 1739 1864 1783 partibus
1890 1739 2056 1782 quinque,
2084 1739 2137 1772 in-

1188 1831 1343 1858 translata
1367 1830 1423 1860 Gu.
1438 1834 1467 1862 2.
1493 1848 1526 1852 —
1558 1829 1602 1871 16)
1627 1831 1674 1859 Sic
1697 1832 1753 1859 Gu.
1772 1835 1797 1862 1.
1823 1831 1987 1869 (Tatiano)
2017 1848 2051 1852 —
2088 1833 2136 1859 Tt-

1189 1875 1271 1901 liano
1287 1880 1311 1900 ct
1331 1874 1542 1911 Qaz'nctzlc'ano
1561 1874 1640 1911 vulg.
1665 1891 1707 1895 —
1729 1879 1754 1902 et
1776 1874 1900 1901 Titiano
1917 1885 1973 1902 om.
1991 1873 2078 1902 Arev.
2093 1891 2135 1896 —

1188 1922 1214 1943 et
1231 1927 1286 1944 om.
1307 1917 1362 1945 Gu.
1374 1918 1400 1946 2,
1417 1921 1484 1944 ante
1500 1917 1629 1945 Titiano.
1649 1917 1687 1944 De
1698 1916 1815 1944 Titiano
1828 1916 1949 1945 Hieron.
1966 1916 1995 1944 in
2007 1916 2133 1947 Chrom:

1195 1959 1336 1986 Titianus
1347 1960 1393 1986 υἱν
1407 1959 1546 1997 eloquens
1556 1960 1784 1997 praffiwtaram
1796 1961 1946 1996 praetorii
1954 1958 2041 1998 apud
2049 1959 2135 1987 Gal—

1188 2001 1249 2028 lia-s
1265 2000 1473 2030 administrat.
1496 2002 1578 2029 Serv.
1599 2001 1635 2029 ad
1652 2002 1688 2029 X.
1707 2001 1775 2031 Aen.
1801 2001 1946 2029 Titianus
1966 2007 1991 2029 εἰ
2010 2001 2131 2038 Caluus,

1190 2046 1244 2082 qui
1269 2045 1401 2071 themata
1423 2043 1459 2071 de
1485 2045 1619 2081 Virgilio
1648 2045 1813 2071 elicuerunt
1838 2050 1863 2072 et
1886 2043 2133 2082 deformaverunt

1189 2085 1233 2113 asl
1253 2085 1374 2114 dicendi
1399 2097 1497 2114 usum.
1522 2103 1560 2107 —
1592 2085 1635 2124 17)
1659 2086 1766 2114 verba:
1792 2087 1837 2114 vel
1859 2098 1914 2124 pro
1934 2087 2061 2114 scientia
2088 2087 2134 2115 vel

1184 2140 1242 2167 pro
1261 2130 1447 2167 loquacitate
1470 2129 1631 2162 (locutione
1659 2130 1713 2157 Gu.
1732 2133 1757 2160 1.
1781 2129 1863 2168 quod
1885 2127 1999 2169 recepi)
2032 2129 2130 2157 verbo.

1188 2182 1255 2198 ram
1272 2182 1327 2199 om.
1344 2172 1392 2199 Ar.
1413 2171 1458 2198 Gu
1484 2174 1513 2202 2.
1538 2188 1576 2192 -—-
1608 2170 1652 2209 18)
1680 2173 1865 2199 Graecorum
1882 2171 1982 2200 addidi
1998 2181 2012 2199 e
2031 2172 2085 2202 Gu.
2104 2175 2131 2203 1.

1188 2214 1238 2251 qui
1255 2214 1327 2241 miro
1344 2213 1432 2241 modo
1455 2219 1521 2251 post
1537 2212 1594 2241 hoc
1613 2214 1792 2242 vocabulum
1808 2214 1930 2252 repetit:
1955 2213 2065 2241 sedita
2080 2225 2131 2242 co-

1183 2258 1285 2293 pam-e,
1311 2258 1356 2283 ila
1384 2257 1473 2284 varie.
1496 2272 1536 2277 -—
1572 2259 1613 2284 193
1638 2257 1686 2284 Sic
1719 2258 1774 2294 Gn.
1796 2259 1821 2288 1.
1844 2257 1891 2284 Ar.
1915 2272 1958 2277 —
1985 2259 2130 2284 accrescit

1186 2298 1263 2335 vulg.
1293 2315 1333 2319 -—
1364 2300 1507 2325 arere-scic
1533 2299 1623 2325 aliter
1655 2298 1842 2327 adhaerescit
1871 2309 1918 2327 va.
1950 2316 1982 2320 —
2015 2301 2059 2336 90)
2083 2298 2130 2327 di-

1184 2342 1357 2368 sanctioni-s·
1382 2341 1435 2368 Gu.
1451 2343 1480 2371 2.
1502 2357 1537 2362 -
1551 2340 1693 2369 dictionis
1708 2342 1797 2370 aliter
1810 2340 2017 2369 distinctionis
2032 2351 2078 2371 va.
2090 2359 2127 2364 —--

1183 2381 1229 2422 21)
1251 2383 1383 2412 hominis
1399 2383 1466 2412 add.
1492 2384 1547 2412 Gu.
1563 2387 1592 2416 2.
1610 2393 1654 2412 va.
1675 2400 1717 2406 —
1737 2385 1783 2422 22)
1805 2384 1854 2412 Sic
1870 2384 1925 2414 Gu.
1944 2388 1969 2415 1.
1987 2399 2025 2406 —
2050 2385 2128 2422 vita,
