2255 2819
219 107 296 141 436
922 106 1100 141 ISIDORI
1126 106 1306 141 HISPAL.
1334 106 1478 143 EPISC.

218 198 311 243 tur¹‚
339 213 358 234 a
384 201 609 245 septentrione
636 198 792 231 Armenia
819 199 1064 240 circumdatur,
1104 201 1149 233 ob
1177 206 1251 234 ortu
1279 201 1420 246 Caspios
1447 201 1551 242 videt,
1586 213 1605 234 a
1638 199 1797 236 meridie²
1818 204 2002 239 Persidam.
2056 205 2164 239 Huius

218 258 305 286 terra
341 252 513 285 Medicam
549 252 702 283 arborem
737 250 865 294 gignit,
897 262 997 294 quam
1035 252 1100 284 alia
1134 253 1230 297 regio
1265 254 1400 286 minime
1436 254 1585 297 parturit.
1639 254 1723 286 Sunt
1757 260 1868 288 autem
1896 256 2033 289 Mediae
2067 257 2166 298 (luae,

218 305 324 337 maior
350 309 383 338 et
409 304 523 336 minor.

383 355 439 386 12.
493 351 629 385 Persida
649 349 807 385 tendens³
833 354 876 386 ab
904 359 978 386 ortu
1006 365 1112 397 usque
1139 355 1182 386 ad
1211 355 1321 395 Indos,
1349 355 1391 387 ab
1418 365 1538 389 occasu
1565 357 1702 389 rubrum
1730 369 1821 391 mare
1849 357 1973 399 habet,
1999 359 2040 391 ab
2067 359 2164 402 aqui—

218 408 296 439 lone
323 417 401 439 vero
431 404 579 437 Mediam
607 401 744 448 tangit⁴‚
771 405 814 437 ab
836 411 945 438 austro
974 405 1184 438 Carmaniam
1198 402 1220 447 ⁵,
1247 418 1332 450 quae
1361 406 1518 440 Persidae
1546 410 1738 452 annectitur,
1760 410 1878 452 quibus
1900 417 1946 442 est
1964 410 2046 443 Susa
2061 410 2164 454 oppi-

216 458 295 491 dum
319 456 564 489 nobilissimum.
618 455 655 487 ln
682 456 794 489 Persia
822 458 967 500 primum
992 463 1064 490 orta
1093 454 1161 490 est⁶
1189 469 1239 490 ars
1262 458 1411 502 magica,
1440 458 1482 491 ad
1510 471 1609 501 quam
1637 458 1825 493 Nemroth⁷
1856 462 1955 506 gigas
1977 467 2054 506 post
2081 472 2163 494 con-

214 510 375 542 fusionem
403 508 594 552 linguarum
623 507 712 548 abiit,
739 508 853 552 ibique
881 510 997 542 Persas
1024 510 1138 554 ignem
1166 510 1279 542 colere
1307 510 1432 544 docuit.
1485 511 1571 543 Nam
1593 523 1707 547 omnes
1730 513 1762 545 in
1789 513 1852 545 illis
1879 514 2028 558 partibus
2056 514 2162 547 solem

214 560 338 601 colunt,
362 559 419 603 qui
445 556 619 604 ipsorumks
646 559 761 604 lingua
788 561 832 593 El
861 561 987 594 dicitur.

381 611 437 645 13.
491 611 739 655 Mesopotamia
780 612 947 645 Graecam
990 612 1230 656 etymologiam
1272 612 1436 656 possidet,
1475 609 1591 656 quod⁹
1635 613 1764 648 duobus
1799 616 1904 648 fluviis
1952 617 2116 648 ambiatur
2128 612 2161 647 ¹⁰.

212 662 299 695 Nam
327 663 369 695 ab
398 663 524 696 oriente
551 663 684 707 Tigrim
707 662 820 705 habet,
845 665 888 696 ab
917 664 1059 697 occiduo
1082 663 1310 707 Euphratem:
1337 664 1451 709 incipit
1470 669 1581 697 autem
1605 677 1624 697 a
1651 668 1875 710 septentrione
1902 668 1986 700 inter
2014 672 2160 700 montem

211 714 362 746 Taurum
399 719 431 748 et
453 714 656 748 Caucasum:
690 715 780 748 cuius
815 728 832 747 a
859 716 999 749 meridie
1032 716 1178 758 sequitur
1204 715 1410 759 Babylonia,
1444 715 1566 749 deinde
1603 715 1793 760 Chaldaea,
1829 720 2005 753 novissime
2038 718 2162 751 Arabia

211 764 389 811 εὐδαίμων
402 763 436 798 ¹¹.

378 816 436 851 14.
492 818 699 861 Babyloniae
711 815 735 835 ¹²
761 819 906 864 regionis
923 816 946 835 ¹³
981 824 1082 864 caput
1104 819 1260 862 Babylon
1289 821 1364 853 urbs
1392 825 1456 860 est,
1495 832 1513 852 a
1541 831 1607 863 qna
1634 826 1666 854 et
1679 818 1702 838 ¹⁴
1729 827 1936 867 nuncupata,
1970 827 2040 855 tam
2063 822 2161 855 nobi·

211 867 259 909 lis,
288 874 323 901 ut
350 868 526 902 Chaldaea
554 876 585 902 et
612 870 744 913 Assyria
772 876 804 903 et
832 871 1080 915 Mesopotamia
1107 872 1139 903 in
1168 872 1236 903 eius
1263 883 1384 904 nomen
1411 872 1592 914 aliquando
1619 871 1846 906 transierint¹⁵.

376 918 434 954 15.
486 921 610 953 Arabia
646 922 836 965 appellata,
873 923 906 954 id
941 929 989 955 est
1024 934 1126 957 sacra.
1180 923 1258 956 1100
1295 923 1381 956 enim
1415 924 1603 967 significare
1638 925 1888 969 interpretatur,
1927 936 1967 957 eo
2002 924 2095 967 quod
2121 924 2161 956 sit

209 969 305 1013 regio
335 970 511 1013 thurifera,
541 973 662 1006 odores
692 984 815 1006 creans.
869 975 959 1007 Hinc
994 986 1067 1007 eam
1096 973 1219 1007 Graeci
1253 973 1468 1019 εὐδαίμονα,
1507 975 1607 1007 nostri
1641 977 1774 1009 beatam
1808 976 2068 1009 nominaverunt.
2122 975 2161 1007 In

209 1021 300 1054 cuius
326 1023 462 1056 saltibus
491 1028 522 1056 et
534 1020 557 1040 ¹⁶
584 1024 720 1067 myrrha
742 1030 774 1057 et
801 1026 1047 1058 cinnamomum
1058 1022 1080 1042 ¹7
1103 1026 1263 1069 provenit.
1304 1026 1354 1058 lbi
1380 1026 1521 1059 nascitur
1549 1027 1616 1058 avis
1634 1028 1796 1068 Phoenix,
1825 1028 1989 1061 Sardonix
2013 1038 2161 1072 gemma,

209 1077 241 1104 et
267 1071 327 1105 Iris
343 1070 375 1115 ¹⁸,
403 1074 609 1107 Malochites
625 1072 646 1091 ¹¹³
674 1080 708 1107 et
730 1076 919 1109 Paederota
930 1074 955 1093 ²⁰
981 1078 1026 1110 ibi
1052 1074 1259 1110 invenitur²¹.
1312 1078 1389 1121 Ipsa
1416 1082 1464 1109 est
1491 1083 1523 1110 et
1546 1078 1636 1110 Saba
1651 1075 1686 1119 ²²,
1715 1091 1734 1112 a
1761 1081 1829 1112 tilio
1852 1080 1962 1122 Chus,
1989 1080 2048 1122 qui
2075 1090 2160 1111 nun-

208 1128 347 1167 cupatus
376 1130 422 1157 est
449 1126 538 1158 Saba
550 1122 584 1159 ²³.
637 1126 733 1160 Haec
759 1134 869 1160 autem
894 1133 980 1160 terra
991 1126 1016 1145 ²⁴
1053 1134 1194 1172 angusto
1222 1133 1328 1161 tractu
1355 1129 1397 1161 ad
1427 1129 1587 1161 orientem
1601 1127 1626 1146 ²5
1653 1142 1763 1163 versus
1790 1131 1833 1163 ad
1862 1132 2032 1164 Persicum
2054 1131 2160 1163 sinum

209 1175 405 1217 extenditur,
433 1178 524 1210 cuius
551 1178 820 1220 septentrionalia
848 1179 974 1211 claudit
1001 1179 1176 1211 Chaldaea
1190 1176 1226 1219 ²⁰,
1254 1190 1411 1212 occasum
1438 1180 1526 1212 sinus
1554 1181 1726 1216 Arabicus.

372 1226 431 1262 16.
485 1228 616 1272 Syriam
644 1229 747 1272 Syrus
759 1227 782 1247 ²⁷
814 1230 950 1273 quidam
985 1230 1182 1274 perhibetur
1213 1230 1371 1274 indigena
1399 1242 1418 1263 a
1453 1242 1512 1263 suo
1547 1233 1716 1265 vocabulo
1733 1230 1758 1250 2⁸
1790 1244 2009 1277 nuncupasse.
2064 1232 2159 1265 Haec

206 1277 249 1310 ab
277 1278 403 1311 oriente
432 1279 532 1312 ssuvio
557 1280 744 1324 Euphrate,
771 1282 814 1313 ab
844 1293 964 1315 occasu
989 1282 1073 1314 mari
1099 1287 1212 1314 nostro
1241 1286 1273 1314 et
1293 1283 1453 1327 Aegypto
1471 1283 1673 1321 terminatur,
1701 1281 1870 1329 tangens²⁹
1899 1297 1917 1316 a
1937 1284 2159 1327 septentrione

207 1330 399 1362 Armeniam
427 1337 458 1364 et
486 1331 754 1376 Cappadociam,
792 1345 809 1365 a
839 1334 975 1366 meridie
1002 1334 1108 1366 sinum
1136 1334 1327 1368 Arabicum.
1381 1334 1469 1367 Situs
1502 1335 1571 1367 eius
1597 1340 1771 1379 porrectus
1801 1336 1833 1368 in
1860 1337 2057 1368 immensam
2083 1335 2159 1367 lon-

205 1381 393 1425 gitudinem
410 1379 445 1424 ³⁰,
469 1383 500 1415 in
532 1384 600 1416 lato
629 1385 808 1429 angustior.

374 1433 430 1466 17.

206 1482 331 1515 Iudaea
357 1485 481 1527 absque
508 1487 696 1520 Sarracenis
710 1485 734 1504 ³³
762 1494 794 1520 et
821 1488 1014 1521 Nabatheis.

206 1544 326 1578 magae
353 1536 440 1568 urbis
466 1544 665 1582 nuncupata,
693 1551 779 1582 quae
807 1540 977 1582 quondam
1007 1541 1052 1572 ibi
1080 1541 1275 1584 metropolis
1303 1540 1500 1573 habebatur.

484 1435 597 1468 Habet
611 1432 634 1452 '³¹
662 1437 694 1468 in
721 1449 755 1469 se
783 1437 972 1480 provincias
1000 1437 1288 1482 Commagenam,
1316 1437 1552 1474 Phoeniciam,
1584 1442 1615 1470 et
1643 1439 1880 1480 Palaestinam,
1917 1438 2007 1472 cuius
2043 1449 2120 1482 pars

1068 1489 1300 1533 Commagena
1327 1490 1435 1533 prima
1463 1490 1635 1533 provincia
1662 1490 1778 1534 Syriae
1812 1503 1830 1523 a
1856 1490 2023 1523 vocabulo
2052 1489 2157 1522 Com-

2134 1432 2159 1453 ³2

1554 1539 1694 1573 Huiusffl
1722 1548 1769 1574 est
1796 1555 1815 1574 a
1842 1542 2065 1586 septentrione
2091 1541 2157 1573 Ar·

207 1585 314 1618 menia
326 1582 360 1626 ³⁵,
388 1588 430 1619 ab
458 1593 532 1620 ortu
546 1586 570 1605 ³⁶
597 1590 863 1635 Mesopotamia„
892 1604 909 1624 a
937 1592 1076 1624 meridie
1103 1593 1211 1636 Syria,
1239 1592 1281 1624 ab
1305 1603 1426 1625 occasu
1454 1603 1544 1624 mare
1573 1604 1742 1637 magnum.

374 1637 430 1672 18.
482 1640 634 1673 Phoenix
661 1642 781 1675 Cadmi
810 1643 911 1676 frater
938 1643 981 1676 de
1008 1644 1140 1676 Thebis
1169 1644 1415 1688 Aegyptiorum
1438 1644 1471 1676 in
1499 1644 1630 1687 Syriam
1652 1645 1841 1688 profectuS,
1875 1643 1965 1687 apud
1993 1642 2156 1675 Sidonem

206 1689 383 1732 regnavit,
412 1702 553 1734 eamque
580 1694 785 1736 provinciam
824 1706 861 1727 ex
895 1706 954 1728 suo
978 1696 1112 1728 nomine
1124 1692 1148 1711 ³⁷
1186 1691 1443 1729 l‘l10eniciam³⁸
1473 1696 1666 1739 appellavit,

932 1747 1046 1779 Habet
1073 1752 1183 1780 autem
1216 1749 1257 1780 ab
1285 1748 1411 1780 oriente
1437 1747 1607 1787 Arabiam,
1635 1759 1654 1779 a
1679 1747 1818 1780 meridie
1844 1758 1936 1779 mare
1963 1746 2109 1779 rubrum.

207 1750 260 1771 rus
276 1736 311 1782 ³⁹,
339 1741 381 1773 ad
409 1754 509 1785 quam
538 1745 651 1778 Esaias
666 1743 690 1762 ⁴⁰
718 1746 876 1789 loquitur.

292 1833 320 1869 l)
343 1836 548 1872 complectitur
564 1838 657 1869 Gu.2.
668 1855 709 1861 —
723 1839 873 1867 Parthica
889 1850 944 1878 pro
955 1839 1086 1868 Parthia
1102 1840 1158 1869 Gu.

209 1877 234 1905 1.
258 1890 300 1895 -—
329 1878 356 1907 2)
386 1883 411 1904 et
441 1889 459 1906 (ι
490 1881 593 1909 ηιενίιί.
625 1882 655 1909 Z.
684 1898 725 1903 -——
769 1884 798 1918 3)
835 1889 875 1910 eat
906 1882 1028 1911 tendens
1057 1883 1092 1910 al.
1118 1899 1158 1904 —

205 1914 237 1956 4)
260 1918 413 1946 meridiem
443 1931 497 1959 pro
520 1923 655 1951 Mediam
685 1926 786 1962 {angit
810 1926 839 1953 Z.
869 1926 904 1954 al.
927 1942 969 1947 -
1003 1929 1032 1962 5)
1052 1926 1101 1953 Sic
1125 1928 1157 1954 Z.

207 1959 265 1988 Gu.
290 1962 316 1990 1.
340 1960 391 1989 Ar.
410 1979 445 1983 --
461 1964 640 1994 Armeniam
659 1968 740 2005 vulg.
756 1984 797 1989 ο-
820 1970 849 2004 (1)
865 1970 987 1996 inventa
1005 1974 1045 1996 eSt‘
1063 1968 1157 1999 (30.2.

206 2018 247 2022 -
270 2001 302 2039 7)
327 2003 459 2032 Nebrotlz
484 2008 539 2034 Gu.
564 2011 590 2038 1.
609 2011 637 2039 2.
660 2026 700 2030 —
733 2013 762 2047 8)
781 2010 906 2038 illoram
932 2014 987 2041 (ἆυ.
1011 2011 1039 2041 4.
1063 2028 1101 2032 -
1125 2011 1156 2048 9)

204 2054 292 2082 posse
314 2044 350 2073 de
371 2057 412 2083 ee,
438 2048 520 2086 quod
540 2050 572 2078 Z.
595 2067 636 2072 ——-
668 2054 710 2087 10)
737 2053 872 2081 <nubitur
895 2054 931 2082 al.
968 2071 1009 2076 —
1046 2057 1089 2086 11)
1114 2059 1157 2081 2⁶⁸ss

207 2086 275 2115 add.
301 2098 346 2126 pr.
370 2099 415 2117 va.
438 2106 480 2111 —
517 2094 563 2126 12¹)
586 2091 791 2130 Balqilom‘cae
813 2106 859 2124 va.
883 2113 924 2119 —
955 2100 998 2130 13)
1021 2098 1101 2133 regis
1125 2097 1155 2125 Z.

206 2146 246 2151 —
272 2129 318 2169 14)
342 2136 367 2158 et
390 2131 494 2160 addidi
508 2143 522 2160 e
540 2134 595 2163 Gu.
611 2138 635 2165 1,
647 2138 674 2165 2.
690 2154 729 2157 —
749 2149 806 2175 qno
820 2139 876 2167 Gu.
893 2141 921 2170 2.
940 2140 976 2167 al.
993 2149 1035 2177 pr.
1049 2154 1084 2159 —-
1113 2137 1156 2175 15)

207 2173 392 2201 transierunt
415 2175 452 2204 al.
477 2185 523 2214 pr.
549 2194 585 2198 -—
608 2175 652 2216 16)
673 2184 698 2204 ct
722 2190 779 2207 orn.
804 2191 850 2210 va.
870 2198 909 2203 ——-
937 2184 980 2218 17)
1004 2183 1157 2208 et'namum

208 2214 265 2242 Gu.
282 2217 310 2245 2.
333 2225 378 2244 va.
400 2234 441 2238 —
458 2219 505 2255 13)
519 2218 568 2246 Sic
592 2219 623 2247 Z.
648 2219 703 2247 Gu.
731 2224 758 2251 1.
785 2225 812 2253 2.
835 2233 881 2261 pr.
905 2234 953 2252 va.
979 2224 1028 2251 Ar.
1053 2240 1091 2244 —
1117 2224 1154 2253 ἵε-

207 2254 257 2295 063
278 2257 359 2295 vulg.
381 2274 422 2281 —-
446 2258 538 2299 (lziris
559 2260 660 2300 codd.)
684 2278 724 2284 ——
751 2263 794 2301 19)
813 2266 861 2292 Sic
878 2266 926 2295 Ar.
952 2282 992 2288 —
1020 2266 1152 2295 Moloclz.

207 2299 290 2336 vulg.
314 2317 347 2321 -
377 2303 422 2338 ΞΟ)
446 2303 494 2330 Sic
527 2304 581 2332 Gu.
606 2306 631 2334 1.
654 2320 696 2325 —
714 2305 889 2342 paederote-s*
913 2308 963 2336 Ar.
987 2324 1027 2328 --
1052 2309 1153 2345 podo-

208 2347 279 2368 γαΐα
302 2343 333 2371 Ζ.
358 2343 413 2371 Gu.
431 2347 461 2376 2.
485 2355 531 2374 va,
555 2345 759 2384 —pedorata
782 2358 826 2386 pr.
852 2350 1002 2377 landet-us
1020 2352 1098 2388 vulg.
1115 2369 1152 2372 —

209 2384 255 2423 2³1)
278 2384 327 2414 Sic
350 2386 407 2415 Gu.
432 2390 457 2418 1.
479 2390 508 2419 2.
528 2388 565 2418 al.
582 2399 628 2428 pr.
651 2405 693 2411 —
715 2391 911 2420 inveniuntur
934 2393 1013 2431 vulg.
1037 2411 1077 2415 —
1107 2393 1152 2432 Ξῖ)

1720 1696 1795 1739 Ipsa
1830 1700 1895 1735 est,
1931 1694 1987 1727 ubi
2012 1698 2059 1726 est
2081 1694 2155 1738 Ty-

1203 1845 1228 1867 cl
1252 1850 1308 1868 om.
1333 1839 1378 1868 ed.
1401 1838 1490 1869 Goth.
1516 1856 1556 1860 —
1579 1841 1648 1878 ipsa
1670 1845 1697 1867 ct
1712 1839 1789 1867 saba
1812 1839 1905 1870 Gu.2.
1920 1854 1963 1860 —
1977 1838 2064 1876 Vulg.
2084 1837 2155 1866 add.

1202 1883 1370 1921 appellata,
1393 1882 1474 1921 quod
1497 1893 1555 1912 om.
1581 1884 1637 1910 (ἆυ.
1666 1886 1690 1913 1.
1714 1898 1754 1903 -—
1777 1885 1822 1916 23)
1846 1881 1964 1909 Sahatlz
1988 1881 2043 1910 Gu.
2068 1883 2096 1911 1.
2120 1897 2154 1902 -

1203 1928 1247 1959 24)
1270 1932 1351 1953 terra
1381 1925 1487 1964 scripsi
1520 1935 1535 1954 e
1566 1925 1623 1956 Gu.
1646 1928 1671 1956 1.
1696 1943 1733 1947 -
1764 1930 1896 1963 angusto
1927 1930 2024 1952 terrae
2050 1929 2154 1951 tractu

1202 1969 1232 1996 Z.
1261 1970 1318 1997 Gu.
1335 1972 1363 2000 2.
1387 1979 1431 2007 pr.
1458 1978 1504 1996 va.
1529 1967 1576 1996 ed.
1602 1967 1691 1997 Goth.
1711 1984 1753 1988 —
1770 1967 1858 2005 Vulg.
1882 1977 2005 2005 prorsus
2029 1977 2088 1995 om.
2110 1981 2153 1988 —

1201 2014 1246 2043 25)
1270 2011 1308 2039 ab
1337 2012 1447 2038 oriente
1477 2010 1532 2038 Gu.
1557 2013 1586 2041 2.
1617 2026 1658 2031 ——
1688 2009 1732 2038 ad
1760 2021 1818 2039 om.
1843 2010 1929 2038 Arev.
1958 2026 2001 2031 ——
2038 2006 2086 2046 26)
2103 2009 2152 2036 Sic

1201 2055 1256 2083 Gn.
1280 2057 1306 2084 1.
1339 2069 1379 2074 —
1416 2052 1524 2081 Clzald.
1556 2052 1657 2081 claud.
1680 2053 1762 2090 vulg.
1789 2069 1833 2074 —
1861 2051 2022 2080 clauditur
2051 2051 2082 2078 Z.
2111 2065 2153 2072 —

1200 2099 1245 2133 27)
1276 2098 1370 2133 Surus
1393 2106 1449 2124 om.
1472 2105 1518 2123 va.
1547 2114 1583 2118 -—-
1624 2095 1669 2135 2¹5)
1692 2097 1812 2123 nomine
1835 2096 1865 2124 Z.
1888 2111 1930 2117 —
1961 2096 2009 2131 29)
2033 2093 2091 2121 Sic.
2120 2093 2151 2121 Z.

1202 2140 1258 2168 Gu.
1274 2141 1335 2169 1.2.
1358 2138 1408 2166 Ar.
1431 2154 1473 2159 -—
1494 2138 1607 2167 liabens
1631 2138 1711 2176 vulg.
1734 2154 1776 2160 —
1797 2138 1846 2175 30)
1868 2139 1901 2165 in
1922 2138 2069 2165 immensa
2088 2135 2151 2163 lon-

1199 2180 1342 2219 gitudine
1373 2181 1431 2209 Gu.
1459 2183 1486 2210 2.
1517 2197 1559 2203 --
1595 2182 1643 2217 31)
1669 2182 1746 2209 enim
1778 2181 1845 2209 add.
1878 2180 1958 2217 vulg.
1983 2196 2026 2203 —
2048 2184 2150 2206 autem

1199 2226 1254 2254 Gu.
1270 2227 1300 2255 2.
1325 2233 1370 2261 pr.
1395 2233 1441 2251 va.
1457 2224 1505 2251 Ar.
1529 2240 1570 2245 —
1593 2234 1650 2253 om.
1667 2229 1826 2261 utrumque
1850 2223 1907 2253 Gu.
1934 2226 2014 2253 1.-
2035 2218 2082 2260 Βὲ)
2107 2225 2150 2246 est

1197 2266 1266 2294 add.
1289 2266 1380 2303 vulg„
1405 2266 1485 2304 quod
1509 2277 1565 2295 om.
1596 2267 1653 2295 Gu.
1679 2269 1704 2297 1.
1729 2281 1768 2287 —
1800 2267 1891 2293 cuius
1917 2275 1995 2302 pars
2023 2264 2056 2290 in
2079 2260 2148 2290 Iud.

1198 2319 1243 2337 va.
1268 2324 1309 2329 —-
1345 2307 1395 2347 33)
1418 2314 1510 2347 atque
1533 2311 1701 2337 Saracenos
1730 2314 1756 2336 et
1781 2308 1956 2336 Nubatlzeos
1979 2306 2034 2334 Gu.
2058 2308 2086 2337 2.
2110 2304 2147 2333 al.

1198 2368 1235 2372 —
1258 2349 1304 2389 34)
1330 2348 1426 2379 Gaius
1449 2352 1504 2381 Gu.
1521 2354 1548 2382 2.
1583 2369 1619 2373 —-
1644 2353 1690 2391 35)
1715 2351 1764 2378 Sic
1783 2352 1871 2379 Arev.
1893 2347 2056 2377 secundum
2074 2347 2148 2374 Pto-

1195 2394 1339 2423 lemaeum
1362 2394 1424 2424 tab.
1440 2396 1469 2427 6.
1493 2409 1535 2415 —
1563 2393 1761 2432 Cappadocia
1788 2393 1868 2430 vulg.
1897 2391 1962 2420 Om.
1985 2395 2145 2424 utrumque
