2264 2830
791 91 1039 127 ORIGINUM
1073 95 1219 130 LIBER
1247 97 1319 132 XX.

78 184 198 230 coci³¹‚
225 187 303 231 quia
330 186 567 231 particulatim,
595 186 629 219 id
657 191 705 219 est
733 186 862 220 offatim
890 194 1090 232 excoquunt.

78 241 203 282 iacitur,
231 240 370 273 saciatus
394 239 485 272 illico
512 239 736 282 compescitur
763 244 796 271 et
822 240 954 273 silescit.

244 291 303 324 27.

81 400 227 428 mentum
256 395 382 427 dictum
392 391 426 427 ⁴².

359 291 513 324 Frustuin
542 295 680 324 vocatur
695 287 730 331 ³⁷,
759 292 850 334 quod
876 292 1026 336 capiatur
1041 289 1065 309 ³⁵³

181 343 292 387 l’ulpa
319 343 420 383 dicta,
454 339 580 387 (μιοιΙω
609 353 685 376 cum
713 344 808 388 pulte
823 341 847 360 ⁴⁰
874 345 953 376 olim
982 345 1083 378 mixta
1096 342 1116 362 ⁴¹
1145 347 1352 381 vescebatur.

1962 100 2041 136 619

1144 191 1242 226 Nunc
1265 191 1335 225 offa
1351 187 1376 208 ³⁵
1401 190 1610 233 latrantium,
1639 190 1717 235 quia
1731 188 1755 209 ³⁸
1781 192 1806 225 si
1833 193 1866 225 in
1888 204 1925 227 os
1951 196 2041 229 canis

1087 305 1106 326 a
1127 294 1279 328 frumine.
1333 296 1392 328 Est
1419 295 1506 328 enim
1530 294 1661 327 frumen
1681 306 1810 328 summa
1832 307 1910 340 pars
1928 298 2039 343 gulae.

1410 346 1508 380 Unde
1537 353 1569 379 et
1596 347 1855 391 pulmentarium
1893 355 1925 382 et
1960 350 2041 395 pul-

246 447 304 479 23.
358 441 582 479 Lucanicae⁴³
610 445 729 487 dictae,
758 446 852 489 quod
880 447 970 491 prius
983 444 1007 464 ῃ
1035 448 1067 480 in
1094 449 1242 482 Lucania
1271 449 1380 483 factae
1408 454 1490 481 sunt.

184 499 359 532 Fal-cimen
385 509 463 530 caro
490 497 622 530 concisa
651 503 683 531 et
711 499 844 539 minuta,
873 499 966 543 quod
978 495 1001 517 ¹⁵
1028 512 1069 533 eo
1080 497 1103 517 ⁴⁰
1130 501 1316 533 intestinum
1346 501 1518 542 farciatur,
1553 499 1622 534 hoc
1649 506 1698 533 est
1724 501 1924 546 impleatur,
1963 514 2039 537 cum

81 553 220 585 aliarum
248 562 358 583 rerum
385 549 632 583 commixtione.

244 601 304 636 29.

359 601 503 633 Minutal
531 606 704 637 vocatum.
733 602 824 644 quod
853 602 910 634 fiat
936 602 979 635 de
1007 603 1151 646 piscibus
1178 609 1211 636 et
1238 604 1332 636 isiciis
1360 604 1574 646 oleribusque
1602 603 1784 637 minutatim
1814 606 1960 640 concisis.

184 649 382 691 Afratum⁴⁷‚
410 653 504 696 quod
531 653 648 685 Latine
670 664 845 696 spumeum
875 658 1012 686 vocatur
1024 651 1058 694 ⁴⁶,
1087 652 1203 700 a'qpo‘g
1227 655 1312 687 enim
1336 656 1468 689 Graece
1496 667 1615 699 spuma
1644 655 1774 689 dieitur.

182 706 331 738 Martisia
352 705 383 736 in
417 705 576 737 mortario
605 716 643 737 ex
672 705 762 748 pisce
792 705 884 746 fiunt,
912 702 1033 738 unde⁴⁹
1061 712 1092 738 et
1119 707 1298 739 nominata.

244 756 303 789 30.

359 753 488 789 lsoce⁵⁰
515 757 641 800 piscem
669 753 869 800 quendam⁵¹
898 753 1067 797 dictum⁵²‚
1106 769 1145 789 ex
1183 769 1250 801 quo
1279 759 1424 803 primum
1453 758 1542 790 isicia
1578 757 1666 790 facta
1700 762 1790 798 sunt,
1826 763 1857 790 et
1890 760 2040 802 quamvis

82 821 120 841 ex
147 809 213 841 alio
241 820 366 853 genere
394 808 534 852 piscium
563 808 663 851 liant,
691 808 817 840 initium
844 812 954 840 tamen
982 807 1080 852 piscis
1107 810 1310 842 vocabulum
1339 809 1442 842 dedit.

246 860 305 892 31.

182 908 371 956 Sphaeras⁵

82 967 218 1010 σφαῖρα
247 976 266 995 a
294 963 431 996 Graecis
458 963 588 998 dicitur.

373 908 385 928 3

361 859 535 893 Galaticae
561 871 580 891 a
603 860 717 894 colore
739 860 847 892 lacteo
875 860 1075 893 nominatae.

407 924 425 944 a
454 910 654 944 rotunditate
678 912 812 945 Graeco
840 911 1008 944 vocabulo
1034 913 1232 957 appellatas.

1129 861 1253 896 Graeci
1274 861 1360 895 enim
1389 859 1480 906 γάλα
1504 861 1558 894 lac
1582 860 1707 892 dicunt.

1287 913 1458 956 Quicquid
1489 912 1575 945 enim
1606 912 1638 944 in
1661 910 1842 944 rotundum
1868 911 2040 953 formatur,

247 1014 307 1051 32,
362 1015 416 1048 Ius
444 1009 640 1057 coquinae⁵⁴
674 1014 825 1058 magistri
860 1027 879 1047 a
905 1015 977 1048 iure
1011 1021 1302 1060 nuncupaverunt,
1344 1016 1423 1060 quia
1456 1016 1508 1048 lex
1540 1026 1579 1047 ea
1616 1019 1663 1047 est
1691 1014 1896 1048 condimenti
1930 1011 2039 1047 eius⁵⁵.

81 1066 179 1098 Hanc
206 1066 331 1099 Graeci
358 1063 523 1098 zemam5⁶
546 1070 675 1098 vocant.

242 1117 300 1150 33.

81 1168 274 1211 deducitur,
303 1174 338 1202 ut
364 1169 570 1214 ponderibus
597 1174 764 1213 arguatur.

356 1118 500 1151 caseum
529 1113 727 1157 vocatumffl,
765 1117 858 1161 quod
895 1124 1007 1151 careat
1021 1115 1047 1136 ³³
1082 1116 1200 1159 sero⁵⁹‚
1239 1118 1331 1163 quasi
1368 1130 1511 1153 careum.

1573 1118 1660 1150 Nam
1694 1113 1839 1150 serum⁰⁰
1874 1117 1904 1149 ei
1941 1126 2040 1149 omne

181 1221 372 1255 Colostrum
388 1218 411 1238 ⁶¹
439 1222 493 1255 lac
520 1232 654 1261 novum,
679 1220 771 1263 quod
797 1220 902 1252 neutri
925 1219 1056 1264 generis
1094 1226 1150 1253 est.

243 1272 304 1306 34.
344 1273 415 1306 Lac
436 1285 454 1304 a
471 1274 606 1305 Graeco
631 1283 784 1304 sermone
810 1271 995 1304 derivatum
1019 1276 1067 1304 est
1090 1283 1153 1316 pro
1174 1272 1330 1305 candore.
1361 1272 1484 1305 Graeci
1507 1270 1594 1303 enim
1622 1270 1737 1302 album
1763 1265 1889 1304 λευκόν
1914 1267 2038 1309 dicunt,

815 1321 860 1355 ttiz

833 1371 878 1407 tlif)

82 1324 134 1357 lac
167 1335 244 1356 vero
280 1330 313 1357 et
346 1325 497 1368 sanguis,
539 1323 632 1366 quod
660 1324 759 1355 nutrit
795 1335 812 1355 c

246 1374 305 1408 35.
334 1376 514 1416 Quactum,
531 1375 624 1418 quasi
642 1380 794 1408 coactum
812 1386 830 1407 e

247 1427 307 1462 36.
362 1427 435 1460 Mel
462 1427 616 1461 Graecae
642 1427 879 1471 appellationis
906 1432 964 1467 est,
988 1427 1082 1469 quod
1110 1428 1153 1460 ab
1182 1427 1299 1471 apibus
1327 1438 1448 1460 nomen
1476 1426 1602 1459 habere
1629 1425 1800 1468 probatur.

605 1475 747 1511 Antea¹³⁰
773 1484 884 1511 autem
913 1475 1045 1511 mella⁶⁷
1072 1478 1116 1512 de
1139 1490 1215 1512 rore
1238 1476 1372 1519 erantffi,
1407 1472 1753 1520 inveniebanturque⁶⁹
1789 1475 1821 1507 in
1842 1474 2039 1508 arundinum

83 1476 215 1510 Graece
241 1479 393 1522 μέλισσα
421 1479 552 1512 dicitur.

83 1528 181 1567 foliis.
204 1530 292 1563 unde
320 1526 386 1563 et²⁰
414 1527 620 1575 virgiliusfl:

887 1323 979 1367 quod
1005 1324 1154 1356 nutritur.

893 1374 985 1418 quasi
1000 1376 1224 1420 coagulatum.
1253 1377 1404 1419 Accepta
1427 1375 1513 1408 enim
1531 1385 1643 1407 secum
1661 1374 1725 1405 alia
1742 1372 1853 1417 specie
1871 1371 2038 1416 coagulat.

1209 1321 1327 1356 Namfi3
1354 1324 1441 1357 lacte
1468 1322 1639 1363 nutrimur,
1667 1321 1804 1354 vivimus
1830 1320 1990 1364 sanguine
2004 1316 2037 1351 ⁶⁴.

1855 1424 1941 1456 Nam
1969 1422 2039 1466 apis

312 1578 509 1616 Protinus⁷²
536 1581 626 1614 aerii
652 1581 766 1614 mellis
793 1580 958 1614 coelestia
985 1581 1091 1616 dona.

83 1649 132 1675 Ar.
155 1648 212 1678 Gu.
232 1650 258 1678 2
282 1664 323 1669 —
347 1647 393 1688 30)
417 1654 443 1676 et
466 1649 568 1678 addidi
592 1658 606 1676 e
632 1649 687 1676 Gu.
707 1651 731 1679 1.
754 1649 782 1679 2.
807 1665 845 1669 —
869 1647 945 1676 dicit
968 1648 1037 1678 add.

81 1690 161 1728 vulg.
186 1707 220 1710 --
250 1692 314 1721 Om.
341 1692 398 1719 Gu.
429 1694 455 1722 1.
480 1694 508 1722 2.
532 1692 581 1722 Ar.
606 1708 646 1713 —
687 1692 735 1727 31)
757 1691 805 1719 Sic
829 1696 909 1720 recte
932 1691 1038 1720 distin-

82 1731 126 1761 xit
155 1732 242 1762 Arev.
271 1750 311 1755 —
341 1735 372 1762 in
407 1744 494 1771 rosa,
533 1735 617 1773 quasi
652 1733 689 1762 ad
719 1743 838 1762 versum
869 1734 1038 1772 pertineant

82 1774 156 1804 haec
189 1774 299 1812 verba,
331 1777 412 1814 vulg.
449 1793 482 1797 —-
523 1776 571 1817 32)
593 1777 640 1805 Sic
664 1777 722 1806 Gu.
747 1780 774 1808 1.
792 1779 821 1808 2.
851 1786 900 1806 va.
927 1777 974 1806 Ar.
996 1792 1038 1798 ——

83 1818 264 1856 saginatum
291 1819 373 1856 vulg.
402 1834 444 1841 -
480 1821 525 1857 33)
555 1820 659 1859 offella
683 1820 712 1848 Z.
744 1835 781 1841 ——
820 1817 869 1858 34)
896 1821 986 1858 coqui
1006 1819 1036 1847 Z.

85 1877 123 1881 —
153 1858 200 1900 35)
224 1866 265 1888 est
295 1860 362 1890 add.
392 1861 473 1899 vulg.
507 1879 539 1882 -
575 1862 639 1890 Om.
664 1863 694 1892 Z.
725 1862 783 1891 Gn.
810 1865 834 1892 1.
859 1864 889 1893 2.
912 1871 961 1892 va.
985 1862 1036 1890 Ar.

83 1919 124 1923 —
146 1906 192 1934 36)
225 1913 301 1942 quae
327 1913 375 1931 va.
413 1920 446 1924 —
483 1903 530 1941 37)
555 1904 603 1933 Sic
627 1905 657 1934 Z.
689 1905 745 1933 Gu.
772 1907 799 1935 1.
825 1923 861 1927 —
895 1911 1038 1932 vocatum

84 1945 165 1983 vulg.
192 1961 233 1967 —
267 1948 311 1981 38)
339 1947 462 1983 capitur
495 1946 551 1974 Gu.
573 1950 601 1979 2.
633 1963 670 1969 —
703 1947 750 1987 39)
774 1946 856 1985 quod
881 1957 937 1986 pro
961 1949 1038 1986 quia

85 1988 143 2016 Gn.
168 1990 196 2019 1.
216 1991 245 2020 2.
268 1998 315 2017 va.
340 2004 381 2010 --
416 1987 462 2026 40)
481 1989 566 2026 palti
587 1998 632 2020 va.
664 2006 704 2013 -
738 1992 784 2028 41)
810 1990 858 2018 Sic
882 1990 911 2018 Z.
935 1990 991 2020 Gu.
1012 1993 1037 2021 1.

84 2033 114 2062 2.
137 2040 182 2059 va.
206 2031 257 2059 Ar.
285 2047 323 2052 —
358 2032 520 2058 commixta
542 2031 624 2069 vulg.
655 2050 692 2055 -
730 2033 775 2071 42)
799 2033 848 2061 Sic
870 2033 901 2061 Z.
926 2033 983 2061 Gu.
1009 2034 1036 2064 1.

83 2075 112 2104 2.
134 2082 182 2102 va.
204 2090 244 2095 —
261 2079 287 2100 et
304 2073 498 2111 pulmentum
518 2080 545 2101 et
556 2074 798 2112 pulmentarium
814 2075 929 2104 dicitur
945 2075 1037 2113 vulg„

84 2115 113 2143 in
143 2124 200 2153 qua
227 2121 395 2154 sequuntur
424 2115 512 2144 haec:
549 2117 653 2155 Pulpa
678 2123 778 2146 autem
807 2124 849 2146 est
876 2129 945 2146 caro
974 2120 1038 2146 sine

78 2157 280 2196 pinguedine,
314 2158 414 2194 dicta,
451 2168 527 2197 qma
549 2159 696 2197 palpitet,
727 2162 823 2189 resilit
846 2163 924 2189 enim
944 2171 1038 2200 saepe.

86 2200 178 2229 Hanc
193 2201 333 2239 plerique
353 2203 471 2229 fiscum
494 2206 620 2237 vocant,
650 2212 682 2229 eo
702 2203 787 2240 quod
809 2205 969 2243 glutinosa
989 2205 1038 2232 sit.

85 2243 150 2272 Om.
173 2243 230 2274 Gn.
255 2246 282 2275 1.
304 2253 350 2272 va.
380 2249 410 2273 et
432 2243 499 2272 cod.
525 2244 648 2272 Vulcan.
684 2244 756 2273 Cod.
776 2247 882 2276 Zittav.
907 2257 966 2277 om.
989 2256 1039 2275 us-

86 2295 143 2324 que
166 2285 200 2314 ad
226 2285 279 2314 Ius
300 2297 372 2325 coq.
392 2297 525 2314 ..zcmum
548 2291 666 2314 vocant.
695 2303 736 2308 —
773 2287 821 2329 43)
852 2289 900 2317 Sic
923 2290 974 2319 Ar.
998 2306 1035 2310 —

87 2328 276 2356 Lucaniciae
299 2329 354 2357 Gu.
379 2332 406 2359 1.
431 2331 459 2360 2.
485 2347 522 2351 -
546 2330 705 2357 Lucaniae
725 2330 807 2368 vulg.
830 2348 870 2352 —
899 2330 946 2371 44)
961 2332 1037 2370 plus

89 2371 144 2398 Gu.
170 2374 196 2402 1.
227 2387 268 2392 ——
308 2370 355 2411 45)
378 2371 466 2409 Vulg.
489 2370 606 2399 dictum
630 2370 728 2411 quod,
759 2372 809 2401 sed
839 2373 954 2402 dictum
978 2385 1036 2404 om.

90 2413 144 2440 Gu.
172 2416 196 2444 1.
218 2415 248 2445 Ξ.
290 2431 329 2435 -
373 2412 419 2453 46)
450 2425 484 2442 ca
513 2413 569 2445 Gu,
597 2418 623 2446 1.
647 2417 676 2447 2.
713 2431 751 2436 —·
788 2414 834 2456 47)
866 2416 1034 2453 Ast-uelum

1083 1648 1140 1676 Gu.
1164 1651 1190 1678 1.
1208 1663 1248 1669 -
1270 1648 1425 1685 Afrumm
1448 1648 1503 1675 Gu.
1527 1649 1555 1678 2.
1572 1661 1612 1668 -—
1634 1646 1802 1682 Afratrum
1819 1654 1864 1673 va.
1884 1660 1923 1664 —-
1941 1644 2039 1679 Afro-

1083 1697 1148 1719 tum
1166 1690 1202 1718 al.
1227 1706 1267 1712 —
1290 1693 1335 1725 48)
1360 1696 1503 1719 vocatum
1527 1689 1585 1719 Gu.
1606 1692 1632 1720 1.
1656 1705 1697 1710 —
1727 1688 1774 1727 49)
1798 1686 1867 1714 inde
1887 1686 1942 1717 Gu,
1965 1690 1990 1717 1.
2008 1690 2038 1718 2.

1082 1749 1124 1755 —
1165 1732 1211 1772 50)
1241 1733 1290 1761 Sic
1320 1733 1377 1763 Gu.
1406 1736 1433 1764 1.
1465 1735 1494 1763 2.
1526 1742 1571 1761 va.
1605 1747 1637 1752 ——
1674 1731 1775 1760 [socen
1804 1729 1884 1766 vulg.
1914 1745 1953 1750 —
1991 1728 2038 1767 51)

1083 1775 1239 1816 quandam
1263 1777 1320 1805 Gu.
1347 1779 1375 1807 1.
1401 1791 1438 1797 —
1477 1777 1520 1812 5⁶2)
1547 1775 1595 1802 Sic
1620 1774 1678 1803 Gu.
1698 1776 1724 1803 1.
1741 1789 1781 1794 ——
1799 1771 1905 1800 dicunt
1929 1771 1986 1800 Gu.
2009 1773 2038 1801 9.

1083 1819 1121 1848 al.
1145 1829 1191 1857 pr.
1223 1834 1258 1839 -
1289 1824 1398 1847 vocant
1425 1818 1506 1855 vulg.
1529 1833 1570 1839 -
1610 1818 1656 1852 53)
1677 1817 1726 1844 Sic
1744 1815 1800 1843 Gu.
1825 1818 1850 1845 1.
1877 1817 1905 1846 2.
1930 1813 1968 1843 al.
1993 1824 2037 1841 va.

1080 1877 1123 1883 —-
1146 1861 1283 1900 Splzczera
1299 1882 1306 1890 .
1322 1883 1329 1891 .
1348 1861 1522 1900 appellatur
1544 1859 1625 1896 vulg.
1646 1874 1687 1880 —
1721 1858 1769 1894 54)
1794 1867 1913 1895 quoque
1935 1858 1991 1884 Gu.
2010 1858 2037 1887 2.

1081 1919 1123 1925 —-
1152 1906 1201 1941 55)
1224 1905 1273 1932 Sic
1296 1904 1351 1932 Gu.
1378 1907 1405 1934 1.
1429 1919 1470 1925 —
1494 1904 1567 1941 quia
1589 1912 1623 1929 ea
1643 1906 1686 1929 est
1708 1901 1753 1928 lex
1775 1909 1821 1939 pr.
1838 1909 1885 1928 va.
1901 1914 1941 1920 --
1964 1900 2039 1937 quia

1081 1957 1115 1974 ex
1134 1957 1169 1974 ea
1195 1947 1241 1974 lex
1268 1952 1310 1974 est
1332 1946 1390 1974 Gu.
1413 1948 1442 1977 2.
1469 1961 1512 1967 —-
1533 1947 1609 1983 quia
1638 1945 1683 1972 lex
1704 1954 1739 1972 ea
1762 1941 1848 1970 cond.
1873 1944 1938 1970 eius
1959 1941 2036 1979 vulg.

1081 2005 1123 2010 —
1145 1988 1193 2028 56)
1216 1989 1286 2017 Hoc
1302 2010 1308 2016 .
1327 2010 1333 2016 .
1351 1986 1447 2027 ζωμόν
1462 1988 1510 2016 Ar.
1524 2004 1564 2009 —
1580 1998 1650 2016 :ean
1669 1987 1726 2017 Gu.
1748 1989 1772 2017 1.
1789 1988 1818 2016 2.
1841 2002 1881 2006 —
1919 1986 1964 2020 57)
1989 1984 2036 2012 Sic

1083 2032 1141 2061 Gu.
1161 2034 1188 2063 1.
1208 2048 1250 2053 —
1276 2031 1404 2059 Cascam
1428 2032 1533 2059 vocari
1554 2030 1584 2059 Z.
1604 2045 1646 2052 —-
1669 2030 1782 2058 Caseus
1806 2033 1935 2056 vocatur
1953 2027 2034 2064 vulg.

1084 2090 1121 2095 —
1145 2073 1192 2110 58)
1216 2080 1298 2102 caret
1319 2074 1376 2104 Gu.
1401 2076 1426 2105 1.
1448 2089 1490 2095 —
1512 2075 1557 2109 59)
1581 2083 1649 2101 seru
1674 2073 1730 2103 Gu.
1749 2075 1773 2103 l.
1789 2081 1834 2110 pr.
1857 2080 1904 2098 va.
1930 2086 1964 2090 —-
1989 2080 2034 2096 se-

1082 2126 1153 2144 rum
1178 2116 1234 2145 Gu.
1251 2120 1279 2149 2.
1308 2133 1341 2138 ·——
1382 2119 1427 2151 60)
1448 2127 1514 2144 seru
1540 2116 1598 2146 Gu.
1617 2118 1643 2148 1.
1665 2133 1700 2136 —
1735 2113 1780 2153 61)
1803 2114 1851 2142 Sic
1875 2113 1904 2142 Z.
1927 2111 1983 2140 Gu.
2007 2113 2032 2141 1-

1082 2161 1111 2190 2.
1129 2160 1178 2190 Ar.
1204 2175 1241 2181 -
1270 2159 1445 2187 Colustrum
1467 2159 1550 2197 vulg.
1565 2173 1606 2180 -—-
1630 2156 1680 2198 62)
1704 2156 1790 2197 quod
1810 2157 1909 2185 nutrit
1931 2159 1956 2181 et
1976 2161 2030 2180 om.

1083 2202 1112 2231 Z.
1140 2220 1178 2224 —
1209 2202 1257 2239 63)
1280 2203 1359 2231 ,Νανη
1384 2212 1440 2230 om.
1460 2202 1490 2230 Z.
1512 2217 1554 2223 -———
1588 2204 1632 2236 61)
1654 2211 1765 2239 sangu.
1790 2198 1894 2228 vitzZ.
1919 2213 1956 2218 —
1984 2191 2029 2230 65)

1082 2250 1107 2272 et
1132 2254 1190 2273 orn.
1213 2245 1244 2274 Z.
1273 2255 1318 2275 va.
1350 2261 1391 2266 —
1421 2247 1467 2285 66)
1490 2249 1560 2273 ante
1574 2244 1603 2272 Z.
1629 2260 1671 2266 —
1696 2244 1798 2272 Antea
1821 2239 1910 2268 mella
1929 2240 2030 2284 autem

1080 2297 1127 2317 va.
1151 2303 1187 2308 —
1218 2287 1266 2325 67)
1291 2288 1382 2315 mella
1406 2298 1463 2318 om.
1482 2287 1513 2316 Z.
1533 2302 1576 2310 ——
1602 2290 1646 2320 68)
1665 2292 1730 2315 erat
1753 2285 1781 2313 Z.
1802 2297 1842 2304 -
1871 2278 1918 2318 59)
1944 2288 2029 2307 1¹²²?-

1078 2330 1278 2368 niebaturque
1295 2331 1324 2361 Ζ,
1344 2345 1379 2351 -
1415 2330 1461 2370 70)
1486 2337 1512 2359 et
1535 2328 1637 2358 addidi
1667 2340 1680 2359 e
1702 2329 1731 2356 Z.
1747 2328 1802 2354 Gu.
1823 2327 1848 2353 1-
1872 2323 1898 2352 2⁴
1912 2331 1956 2359 Pf·
1980 2330 2027 2349 va·

1078 2389 1119 2396 —
1143 2371 1188 2410 71)
1218 2373 1296 2411 Virg.
1325 2373 1432 2412 Georg.
1454 2373 1504 2410 IV,
1530 2376 1555 2404 1.
1578 2388 1620 2394 —-
1658 2370 1706 2409 72)
1730 2369 1776 2396 Sic
1800 2365 1855 2393 Gu.
1880 2368 1903 2391 l·
1924 2365 1948 2390 Ξ.
1977 2363 2026 2391 Ar.

1080 2434 1117 2439 —-
1144 2416 1302 2444 Hactenus
1324 2416 1405 2455 vulg.

1482 2466 1611 2498 liii*
