2203 2829
192 108 265 143 304

895 98 1073 134 ISlDORI
1099 98 1280 133 HISPAL.
1307 99 1449 134 EPISC.

356 196 416 230 22.
468 194 692 238 Municipales
718 193 898 237 originales
924 193 1010 228 cives
1038 197 1070 226 et
1096 193 1128 225 in
1155 190 1291 227 locum¹
1314 193 1464 227 officium
1490 199 1654 239 gerentes.

355 249 416 284 23.

470 246 673 280 Decuriones
703 244 799 285 dicti,
840 245 934 288 quod
969 245 1032 277 sint
1058 244 1102 277 de
1129 245 1246 278 ordine
1275 246 1397 279 curiae.

1449 244 1611 280 Officium
1647 247 1735 280 enim
1761 245 1873 280 curiae
1900 246 2135 282 administrant.

194 302 297 338 Unde
322 312 389 335 non
416 304 463 333 est
489 297 643 337 decurio,
671 296 728 339 qui
754 308 916 329 suminam
944 307 1010 329 non
1034 297 1157 338 intulit,
1184 297 1237 330 vel
1265 297 1389 330 curiam
1417 298 1637 342 participavit.

358 352 415 384 24.
468 349 617 382 Cui-iales
647 353 757 381 autem
794 348 895 381 iidem
923 353 955 381 et
982 348 1187 383 decuriones.

194 411 268 440 rant
291 410 324 438 et
347 405 560 444 exequuntur.

359 452 416 486 25.

194 509 287 554 pales
313 505 412 543 dicti,
439 503 532 546 quod
560 503 658 547 primi
686 501 780 535 sunt³
808 503 1064 547 magistratibus,

469 451 672 495 Principales
704 452 916 495 magistratus
950 456 982 484 et
1015 450 1240 484 duumvirales
1275 450 1449 484 curialium
1476 451 1666 486 officiorum
1695 448 1850 485 ordines²

1242 349 1286 381 Et
1312 348 1390 382 dicti
1419 349 1574 393 curiales,
1604 350 1681 393 quia
1715 349 1823 383 civilia
1850 361 1987 383 munera
2013 361 2138 396 procu-

1876 457 1958 486 sunt.
2012 453 2139 488 Princi-

358 554 417 588 26.
469 551 710 599 Magistratus⁴
738 565 840 595 vero,
875 554 967 598 quod
997 554 1137 587 maiores
1164 550 1263 586 sunt⁵
1288 553 1421 596 reliquis
1449 553 1576 588 officiis.

294 603 548 642 Duumviralesss
577 610 587 623 *
616 610 627 624 *
658 610 669 622 *

358 659 417 691 27.

468 657 626 690 Tabellio
653 661 792 691 vocatus
821 668 882 698 eo,
918 658 1011 700 quod
1039 658 1078 689 sit
1105 652 1280 701 portator⁷
1307 657 1513 689 tabellarum.

1568 657 1662 690 Idem
1688 663 1720 691 et
1746 656 1956 703 susceptor-¹³,
1988 657 2077 691 idern
2107 663 2140 691 et

193 715 301 750 scriba
327 710 498 757 publicus,
526 706 626 752 quia⁹
654 720 692 742 ea
719 713 864 747 tantum,
892 721 978 752 quae
1005 709 1104 753 gestis
1132 708 1361 752 publicantur,
1389 709 1510 741 scribit.

358 762 416 796 28.
470 760 627 806 Burgarii
660 773 679 792 a
705 761 820 805 burgis
847 761 942 801 dicti,
979 761 1056 803 quia
1083 761 1199 793 crebra
1223 771 1284 803 per
1312 760 1431 792 limites
1458 760 1651 793 habitacula
1678 760 1851 794 constituta
1879 761 2006 805 burgos
2034 760 2139 805 vulgo

193 822 323 851 vocant.

376 813 477 846 Unde
505 818 537 845 et
563 812 843 857 Burgundionum
871 813 962 857 genti
976 809 998 828 '⁰
1024 823 1145 844 nomen
1172 811 1330 851 inhaesit„
1365 823 1448 855 quos
1482 812 1652 855 quondam
1682 813 1818 846 subacta
1853 812 2032 845 Germania
2067 813 2140 844 Ro-

193 869 282 903 mani
309 876 370 912 per
397 870 504 898 castra
531 864 778 908 disposuerunt,
807 868 906 907 atque
932 875 1053 896 nomen
1080 864 1125 896 ita
1154 874 1192 895 ex
1220 859 1332 896 locis¹¹
1363 869 1583 907 sumpserunt.

358 916 417 949 29.
472 915 654 960 collegiati
688 915 860 955 dicuntur,
907 915 998 958 quod
1034 911 1108 947 ex¹²

194 973 286 1007 cinus
313 968 439 1011 aliquid
467 968 711 1002 commiserunt.
779 968 837 999 Est
859 963 979 999 (ξιιίιιι13

1143 926 1258 948 eorum
1295 915 1444 959 collegio
1479 915 1701 958 custodiisque
1737 914 1956 959 deputentur,
1996 916 2053 957 qui
2089 914 2142 947 fa-

1005 966 1266 999 sordidissimum
1302 978 1407 1010 genus
1434 967 1607 999 hominum
1643 972 1738 1011 patre
1765 968 1890 999 incerto
1917 967 2140 1010 progenitum.

359 1020 419 1052 30.
473 1020 597 1052 Privati
623 1024 697 1051 sunt
721 1019 866 1051 extranei
893 1019 935 1051 ab
964 1018 1082 1051 officiis
1109 1018 1261 1062 publicis.
1294 1018 1353 1050 Est
1379 1019 1466 1050 enim
1494 1030 1616 1051 nomen
1644 1018 1871 1062 magistratum
1895 1018 2032 1051 habenti
2060 1028 2143 1050 con-

199 1076 356 1114 trarium,
387 1077 420 1104 et
447 1071 525 1104 dicti
554 1071 692 1115 privati,
719 1070 811 1112 quod
839 1070 900 1102 sint
926 1070 968 1102 ab
997 1070 1117 1103 officiis
1144 1070 1255 1102 curiae
1282 1070 1433 1102 absoluti.

195 1177 288 1221 quod
315 1175 377 1208 sint
407 1175 509 1207 fortes
536 1176 568 1206 in
596 1172 776 1206 laboribus.

197 1234 244 1263 est
271 1229 370 1267 levis,
397 1225 431 1258 id
460 1231 506 1259 est
518 1222 541 1241 ¹⁷
566 1225 726 1257 inlirmus.

360 1277 418 1309 32.

196 1330 373 1374 vectigalia
410 1328 546 1373 publica
581 1328 733 1373 exigunt,

197 1383 264 1417 nati
289 1387 371 1415 sunt.

362 1432 421 1464 33.

475 1121 675 1156 Mercenarii
703 1126 792 1163 sunt,
832 1122 889 1164 qui
912 1122 1056 1154 serviunt
1082 1126 1221 1165 accepta
1249 1121 1414 1154 mercede.

830 1170 988 1219 ΒαρὺςΗ
1024 1173 1110 1206 enim
1146 1173 1265 1205 dicitur
1291 1173 1418 1217 gravis,
1453 1173 1545 1216 quod
1573 1169 1653 1205 est¹⁵
1681 1172 1781 1204 sortis.

476 1431 614 1464 Villicus
641 1431 779 1475 proprie
806 1430 904 1463 villae
932 1431 1137 1474 gubernator
1165 1435 1221 1462 est.

1470 1121 1575 1153 Iidem
1605 1126 1638 1153 et
1664 1121 1814 1154 Barones
1841 1121 1975 1154 Graeco
2001 1121 2143 1161 nomine,

1835 1172 1898 1205 Cui
1926 1173 2107 1206 contrarius
2121 1170 2144 1189 ¹⁶

473 1277 647 1309 Publicani
675 1275 888 1319 appellantur
909 1275 1132 1308 conductores
1153 1275 1367 1319 vectigalium
1390 1275 1470 1316 fisci,
1497 1275 1551 1308 vel
1578 1286 1687 1307 rerum
1716 1275 1936 1319 publicarum,
1963 1275 2029 1307 sive
2051 1275 2106 1317 qui
2122 1270 2145 1290 ¹⁸

788 1327 838 1359 rel
874 1327 931 1370 qui
966 1338 1028 1371 per
1061 1326 1203 1372 negocia
1240 1328 1343 1360 seculi
1378 1327 1471 1360 lucra
1507 1330 1681 1360 sectantur.

1761 1326 1862 1359 Unde
1902 1330 1935 1359 et
1967 1326 2145 1371 cognomi—

1274 1430 1375 1463 [nde
1404 1436 1435 1462 et
1463 1442 1481 1462 a
1508 1430 1585 1462 villa
1613 1429 1740 1462 villicus
1768 1440 1890 1462 nomen
1915 1429 2054 1473 accepit.
2091 1428 2141 1460 ln·

198 1484 329 1519 terdum
361 1489 471 1516 autem
499 1483 626 1516 villicus
661 1494 726 1514 non
757 1478 1068 1526 gubernationem¹ss
1095 1482 1211 1521 villae,
1245 1482 1303 1513 sed
1335 1482 1612 1526 dispensationem
1648 1482 1816 1514 universae
1849 1481 1968 1513 domus
1992 1480 2106 1513 Tullio
2122 1476 2147 1496 ²⁰

197 1538 434 1580 interpretante
460 1534 641 1579 significat,
669 1534 761 1578 quod
790 1529 868 1565 est²¹

899 1533 1119 1566 universarum
1148 1533 1390 1576 possessionum
1419 1539 1450 1565 ct
1473 1534 1625 1565 villarum
1653 1529 1902 1577 ‹lispensator22.

367 1586 426 1618 34.
481 1587 620 1619 Actores
647 1585 746 1617 iidem
776 1590 808 1616 et
835 1589 1004 1617 curatores
1032 1585 1074 1616 ab
1106 1584 1241 1628 agendo
1271 1589 1302 1616 et
1330 1584 1478 1616 curando
1506 1584 1624 1618 vocati.

366 1638 425 1671 35.

202 1693 283 1725 sicut
308 1689 489 1735 proconsul
516 1700 578 1732 pro
607 1688 751 1722 consule.

367 1740 427 1774 36.
481 1739 603 1773 Coloni
638 1744 712 1773 sunt
742 1738 886 1772 cultores
917 1738 1085 1779 advenae,
1116 1738 1195 1771 dicti
1222 1750 1241 1770 a
1268 1738 1397 1772 cultura
1425 1738 1509 1782 agri.

205 1799 304 1836 atque
337 1793 480 1825 alienum
515 1803 634 1836 agrum
670 1791 817 1824 locatum
846 1790 993 1823 colentes
1006 1788 1047 1829 ²⁰,
1083 1800 1123 1823 ac
1155 1789 1314 1822 debentes

206 1845 368 1879 culturam
402 1844 463 1876 sub
497 1843 646 1876 dominio
674 1842 890 1887 possessoris,
927 1853 989 1886 pro
1026 1853 1066 1874 eo
1095 1841 1187 1885 quod
1221 1842 1259 1874 iis
1292 1842 1419 1875 locatus
1452 1846 1499 1874 est
1533 1840 1663 1873 fundus.

293 1952 318 1990 1)
342 1954 375 1979 ιή
397 1953 461 1979 luco
485 1962 547 1981 var.
573 1953 641 1981 lect.
664 1963 710 1990 ap.
731 1951 822 1982 Goth.
845 1967 886 1975 -·
909 1953 942 1979 in
965 1951 1032 1978 loca
1056 1951 1092 1980 al,
1115 1967 1157 1973 —

208 1998 309 2024 locum
332 2004 389 2023 om.
414 1996 470 2022 Gu.
490 1998 516 2025 1.
541 2011 582 2015 —
604 1998 629 2026 2)
653 1994 770 2022 ordinis
794 1995 843 2023 Ar.
867 2011 906 2016 —
929 1992 959 2033 3)
985 1993 1033 2021 Sic
1051 1994 1107 2022 Gu.
1130 1998 1156 2025 1.

209 2039 356 2076 —primt'
378 2037 436 2063 sint
462 2037 510 2064 Ar.
534 2053 574 2057 —
592 2039 731 2074 praesint
754 2037 835 2074 vulg.
859 2053 898 2059 ——
921 2037 949 2072 4)
975 2037 1158 2073 stlagi-rlratt'

210 2082 268 2110 Gu.
285 2081 313 2110 2.
331 2088 393 2107 var.
418 2079 484 2107 lect.
509 2088 555 2116 ap.
579 2078 666 2107 Goth.
694 2097 730 2102 —
756 2078 785 2116 5)
808 2085 877 2107 sunt
900 2089 956 2117 pro
975 2080 1037 2106 st‘nt
1060 2080 1155 2109 Gu.1.

209 2139 251 2145 -.
273 2121 301 2161 6)
322 2121 408 2158 Vulg.
432 2125 596 2158 sequuntur
625 2120 716 2149 haec:
741 2127 858 2158 autem,
890 2123 945 2160 qui
966 2132 1057 2159 super
1080 2121 1157 2149 duos

211 2168 292 2194 viros
318 2164 426 2192 liabent
450 2168 649 2201 potes-tutem,
684 2173 758 2201 quae
788 2174 844 2192 om.
877 2166 932 2192 Gu.
948 2167 974 2194 1.
989 2167 1018 2195 2.
1042 2174 1086 2201 pr.
1110 2175 1156 2192 va.

212 2210 263 2238 Ar.
305 2207 391 2236 Deest
419 2204 598 2245 explicatio,
627 2209 661 2232 ut
688 2215 783 2244 saepe.
816 2207 933 2234 Lacuna
965 2206 1083 2244 expleta
1114 2212 1159 2235 est

213 2261 252 2280 ex
272 2250 425 2288 Augustin.
449 2248 477 2276 in
501 2247 569 2277 libr.
594 2247 630 2275 de
655 2257 778 2284 grauun.
800 2265 836 2269 —-
860 2246 891 2288 7)
908 2250 1041 2286 portitor
1057 2251 1112 2277 (ju,
1128 2253 1159 2281 2.

216 2296 265 2322 Ar,
287 2309 329 2315 —
350 2293 379 2328 8)
401 2291 450 2318 Sic
474 2289 531 2318 Gn.
549 2292 575 2321 1.
592 2305 632 2311 —
655 2288 732 2317 Idem
754 2297 885 2328 exceptor
907 2291 1037 2328 vulg.—-
1051 2290 1080 2330 9)
1104 2293 1159 2330 qui

215 2337 240 2364 ul
277 2352 312 2359 ψ-
339 2334 386 2373 10)
409 2333 456 2361 Sic
479 2333 538 2361 Gu.
561 2334 588 2362 1.
611 2332 659 2360 ΑΓ.
682 2347 725 2353 —-
744 2335 844 2370 gentis
866 2333 946 2370 vulg.
969 2349 1009 2354 —
1043 2335 1086 2372 11)
1110 2335 1159 2362 Sic

217 2382 273 2407 GU.
293 2382 319 2410 1,
344 2393 385 2399 —-
406 2375 493 2413 Vulg.
517 2380 607 2412 atque
629 2375 675 2402 ita
698 2385 731 2402 ex
753 2375 827 2402 locis
848 2386 962 2403 nomen.
989 2394 1024 2398 -—
1049 2378 1093 2404 ita
1109 2388 1159 2405 ηυ-

478 1638 715 1670 Procuratores
749 1647 848 1677 vero,
890 1648 930 1668 eo
965 1636 1058 1679 quod
1093 1633 1198 1669 νἰςε)23
1225 1636 1384 1669 curatoris
1415 1632 1646 1680 sungantur²⁸‚
1679 1634 1772 1677 quasi
1799 1639 1940 1678 propter
1968 1638 2146 1671 curatores,

1563 1737 1647 1770 Sunt
1673 1736 1757 1769 enim
1785 1735 1920 1768 aliunde
1947 1732 2148 1768 venientes²⁵

1378 1790 1602 1822 conditionem
1636 1788 1772 1833 genitali
1808 1788 1881 1819 solo
1907 1792 2048 1831 propter
2075 1787 2148 1831 agri

1717 1839 1837 1873 Coloni
1867 1843 1979 1872 autem
2007 1842 2149 1883 quatuor

1323 1786 1347 1806 27

1200 1961 1266 1979 men
1289 1962 1321 1979 ex
1343 1951 1418 1978 locis
1441 1950 1496 1980 Gu.
1511 1953 1539 1982 2.
1555 1961 1600 1989 pr.
1614 1967 1655 1972 —
1680 1952 1726 1988 12)
1751 1960 1784 1977 ex
1805 1960 1864 1979 om.
1888 1959 1987 1988 pr.-—
2012 1947 2058 1988 13)
2079 1949 2149 1977 Ete-

1199 1996 1263 2022 nim
1287 1995 1343 2023 Gu.
1368 1997 1393 2024 1.
1424 2010 1461 2014 —-
1498 1998 1540 2023 14)
1565 1994 1611 2021 Sic
1635 1994 1685 2022 Ar.
1711 2008 1754 2013 -
1783 1993 1889 2032 βαρεῖα
1911 1992 1993 2030 vulg.
2022 2007 2063 2012 -
2100 1991 2147 2028 15)

1200 2042 1241 2064 est
1263 2047 1318 2075 pro
1342 2037 1382 2063 sit
1408 2036 1463 2064 Gn.
1482 2039 1506 2066 1.
1524 2039 1554 2067 2.
1580 2052 1619 2058 -
1644 2036 1690 2072 16)
1713 2037 1900 2063 contrariam
1918 2035 2015 2064 Gu.2.
2038 2049 2079 2054 —
2104 2032 2148 2070 17)

1200 2078 1235 2107 id
1253 2085 1295 2107 cst
1318 2089 1373 2117 pro
1398 2084 1422 2106 et
1446 2079 1502 2106 Gu.
1524 2081 1588 2110 1.2.
1612 2089 1658 2110 va.
1683 2078 1778 2106 Ar.—
1803 2078 1848 2116 18)
1871 2078 1926 2116 qui
1948 2076 1976 2104 h.
1999 2076 2018 2104 l.
2042 2080 2071 2104 et
2093 2086 2149 2114 po—

1199 2127 1261 2150 stea
1289 2122 1344 2151 Gu,
1365 2124 1390 2151 1.
1416 2120 1464 2149 Ar.
1494 2132 1549 2159 pro
1581 2121 1662 2159 vulg.
1697 2122 1782 2159 quia.
1816 2136 1857 2142 —
1888 2120 1934 2157 19)
1961 2118 2149 2157 gubernato-

1199 2175 1260 2192 rem
1283 2186 1289 2192 .
1312 2185 1319 2192 .
1343 2185 1349 2191 .
1374 2163 1420 2191 rel
1441 2163 1677 2201 asslsprnmtorem
1703 2164 1739 2193 al.
1766 2179 1807 2185 —
1834 2163 1880 2199 20)
1903 2163 1977 2190 Sunt
2007 2160 2080 2189 haec
2111 2170 2149 2189 ex

1201 2205 1352 2234 Ciceronis
1375 2206 1551 2243 0econom.‚
1584 2217 1659 2245 quae
1682 2206 1844 2244 perierunt.
1889 2204 2020 2233 Isidorus
2041 2203 2149 2241 sequi-

1197 2253 1248 2277 tur
1278 2249 1399 2277 Hieron.
1433 2249 1469 2276 ad
1500 2249 1596 2287 Algas.
1620 2250 1740 2285 Quaest.
1760 2248 1807 2276 VI.
1832 2247 1910 2286 Opp.
1941 2247 1975 2276 T.
2001 2246 2051 2274 lv.
2082 2246 2111 2275 P.
2128 2245 2148 2273 l.

1201 2301 1231 2330 p.
1257 2293 1327 2323 196.
1360 2292 1466 2320 Bencd.
1492 2292 1551 2320 Csr.
1577 2292 1671 2321 Cicer.
1702 2291 1779 2329 Opp.
1812 2291 1858 2319 ed.
1889 2289 1982 2319 Orell.
2012 2288 2148 2317 V01.1V.

1203 2335 1232 2362 P.
1246 2333 1284 2363 ll.
1305 2344 1333 2372 p.
1350 2334 1420 2364 472.
1444 2350 1486 2358 —-—
1511 2333 1557 2372 21)
1581 2340 1622 2362 est
1645 2345 1701 2363 om.
1726 2335 1782 2361 Gu.
1803 2336 1829 2363 1.
1853 2349 1892 2354 —
1916 2332 1966 2367 92)
1989 2329 2148 2370 dispensa-

1202 2382 1293 2404 torem
1317 2376 1372 2403 Cu.
1387 2379 1414 2408 2.
1438 2387 1481 2415 pr.
1505 2387 1550 2405 va.
1575 2377 1623 2405 Ar.
1646 2393 1685 2398 —
1717 2379 1763 2412 525)
1790 2377 1882 2403 vicem
1905 2374 1941 2403 al.
1966 2375 2013 2402 Ar.
2036 2389 2077 2395 -—
2103 2376 2146 2409 94)
