2203 2829
182 115 232 150 74

873 108 1052 144 ISIDORI
1084 105 1265 142 HISPAL.
1299 103 1443 139 EPISC.

417 203 628 249 Obsequium
654 202 807 244 amicos,
835 200 968 236 ve'rz'tas
994 200 1113 236 odium
1135 200 1246 246 parit.

352 265 413 300 12.
465 263 697 308 Exemplabile
724 267 789 303 est,
823 262 917 306 quod
941 263 1078 295 alicuius
1103 260 1248 304 exempli
1275 256 1526 302 comparatione
1553 260 1707 288 eventum
1738 253 1866 288 simile¹
1903 253 2135 295 comminatur,

186 320 270 353 sicut
298 318 419 352 Cicero
446 318 480 350 in
506 314 724 360 Philippicis:
763 314 811 348 Te
836 315 946 348 miror
966 313 1115 355 Antoni,
1152 322 1299 357 quorum
1327 308 1491 354 exempla
1524 307 1690 350 imitaris,
1735 318 1854 340 eorum
1882 306 2012 339 exitum

181 371 433 417 pertimescere
443 365 464 401 ³.

354 429 373 461 1
380 428 413 463 3.

2024 301 2036 322 ²
2067 316 2137 338 non

467 427 690 461 Collectivum
718 429 783 467 est,
810 435 887 459 cum
914 426 947 458 in
974 436 1093 466 unum,
1120 435 1207 467 quae
1234 415 1488 466 argumentata*
1514 424 1604 460 sunt,
1638 418 1862 463 colliguntur,
1897 417 1980 450 sicut
2007 416 2051 448 ait
2078 414 2137 449 Ci-

188 492 267 515 cero
293 491 357 525 pro
385 480 532 512 Milone:
564 477 676 524 Quem
703 477 812 522 igitur
839 489 918 510 cum
943 477 1070 523 gratia
1097 476 1223 518 noluit,
1251 474 1342 506 hanc
1367 471 1474 504 voluit
1502 482 1580 503 cum
1607 471 1805 514 aliquorum
1831 469 1985 514 querela.
2024 466 2138 513 Quem

190 533 282 574 iure,
310 542 414 576 quem
441 531 535 571 loeo,
559 541 660 575 quem
687 532 844 573 tempore
869 541 935 562 non
963 532 1013 562 cst
1040 538 1164 561 ausus:

191 583 319 629 capitis
345 594 412 615 ηοη
441 581 615 615 dubitavit
642 581 814 614 occidere.

1199 526 1291 558 hunc
1317 523 1464 563 iniuria,
1492 522 1607 555 alieno
1634 525 1810 567 tempore,
1845 532 1924 554 cum
1952 519 2116 565 periculo

358 641 415 677 14.
468 638 668 675 Praeterea⁶
703 639 887 675 secundum
914 638 1123 673 Victorinum
1157 631 1435 680 enthymematis⁷
1469 633 1574 666 altera
1609 631 1765 665 diffinitio
1802 642 1842 664 ex
1878 631 1948 663 sola
1985 627 2140 674 proposi-

191 692 325 737 tione⁸‚
352 695 436 727 sicut
462 694 527 727 iam
550 693 675 727 dletum
701 698 766 734 est,
794 704 880 736 quae
906 693 952 724 ita
979 695 1124 725 constat:
1151 689 1192 723 Si
1219 691 1408 733 tempestas
1433 685 1583 718 vitanda
1608 688 1678 725 est,
1705 694 1773 716 non
1800 686 1851 716 est
1875 681 2061 726 navigatio
2081 690 2140 713 re-

192 746 366 791 quirenda
373 742 396 779 ⁹.

358 796 416 829 15.
469 797 553 830 Sunt
580 801 688 828 autem
715 795 771 838 qui
798 794 959 827 mundum
975 793 1089 827 dicunt
1115 793 1183 824 sine
1210 791 1320 823 divina
1343 788 1624 822 administratione
1641 787 1834 820 discurrere.

1888 784 1941 817 Ex
1963 783 2033 816 sola
2056 792 2140 816 con-

195 848 354 889 clusione,
375 853 411 881 ut
431 853 479 881 est
502 847 602 880 illud:
634 847 728 880 l'cra
755 850 804 879 est
832 847 943 891 igitur
969 846 1090 878 divina
1111 843 1291 877 sententia.
1327 842 1379 874 Ex
1400 840 1628 886 propositione
1647 844 1678 871 et
1703 837 1936 880 assumptione,
1963 842 1998 867 ut
2025 839 2073 867 est
2098 833 2142 866 il—

195 899 253 932 lud
269 896 308 932 ¹⁰=
1041 893 1063 913 11

196 955 343 984 vocatur.

362 1001 421 1037 16.
472 1001 629 1045 Sequitur
656 1000 873 1045 epichirema.

361 899 402 934 Si
427 900 586 933 inimicus
613 902 680 940 est,
701 898 846 936 occidit3
872 897 1030 931 inimicus

1092 899 1210 929 autem
1238 898 1297 927 est.

1350 893 1395 926 Et
1420 893 1498 936 quia
1523 892 1570 924 illi
1597 891 1691 924 deest
1717 888 1899 929 conclusio,
1927 886 2142 930 enthymema

932 1000 992 1032 Est
1019 993 1258 1031 descendens¹²
1293 996 1336 1028 de
1372 993 1623 1028 ratiocinatione
1657 991 1754 1025 latior
1786 995 1819 1024 et
1852 989 2036 1022 exsecutior
2062 986 2143 1019 rhe-

197 1052 307 1086 toricis
335 1054 536 1097 syllogismis
549 1050 590 1094 ¹³,
612 1053 786 1085 latitudine
813 1051 935 1084 distans
963 1056 995 1083 et
1029 1050 1252 1095 productione
1287 1047 1447 1081 sermonis
1476 1059 1494 1078 a
1531 1044 1720 1077 Dialecticis
1751 1042 1968 1086 syllogismis,
2004 1044 2145 1084 propter

197 1105 290 1147 quod
318 1105 508 1137 rhetoribus
537 1105 643 1137 (latur.

200 1156 260 1188 dus
288 1156 548 1200 quadripertitus
560 1153 600 1196 ¹⁵,
634 1156 748 1188 tertius
774 1154 1070 1198 quinquepertitus.

698 1105 764 1137 Hic
792 1108 900 1135 autem
929 1107 1056 1136 constat
1083 1102 1190 1134 modis
1218 1100 1330 1133 tribus·

1958 1089 1981 1108 l}

1384 1099 1514 1132 Primus
1540 1096 1660 1130 modus
1687 1100 1735 1128 est
1761 1094 1941 1138 tripertitus
1981 1117 1990 1133 ,
2027 1101 2144 1124 secun·

364 1215 422 1247 17.
476 1215 676 1258 Tripertitus
704 1214 991 1259 epichirematicus
1003 1211 1027 1230 ¹⁰
1053 1212 1265 1255 syllogismus
1293 1215 1358 1251 est,
1385 1209 1441 1252 qui
1462 1212 1590 1242 constat
1607 1206 1764 1240 membris
1788 1206 1908 1245 tribus,
1937 1204 1969 1235 id
1992 1207 2038 1235 cst
2063 1212 2145 1245 pro-

199 1266 384 1310 positione,
412 1267 650 1310 assumptione,
679 1266 904 1299 conclusione.
958 1263 1227 1307 Quadripertitus
1263 1267 1328 1299 est,
1366 1261 1424 1303 qui
1451 1264 1578 1293 constat
1605 1270 1644 1291 ex‘
1668 1258 1824 1291 membris=
1852 1262 2011 1299 quatuor:
2039 1253 2146 1297 prima

200 1318 447 1361 propositione,
490 1317 637 1350 secunda
670 1317 893 1361 assumptione
928 1321 960 1348 et
988 1327 1052 1348 una
1088 1313 1343 1359 propositionis,
1386 1311 1454 1344 sive
1482 1311 1715 1354 assumptionis
1749 1309 1923 1342 coniuncta
1938 1304 1980 1347 ¹⁷,
2013 1301 2146 1338 tertia18

200 1369 401 1414 probatione
428 1365 495 1401 et¹⁰
522 1369 746 1402 conclusione.

369 1427 426 1462 18.
480 1429 778 1472 Quinquepartitus
803 1432 850 1460 est
875 1427 985 1468 itaque
997 1422 1040 1466 ²⁰,
1081 1424 1138 1467 qui
1170 1428 1297 1457 constat
1324 1434 1363 1455 ex
1397 1422 1555 1455 membris
1582 1420 1746 1464 quinque,
1778 1419 1813 1451 id
1848 1422 1898 1451 est
1925 1416 2033 1461 prima
2067 1425 2148 1459 pro·

205 1478 388 1523 positione,
415 1480 561 1512 secunda
584 1480 655 1516 ,eius
683 1480 898 1523 probatione,
926 1477 1022 1509 tertia
1044 1476 1283 1518 assumptione,
1311 1479 1428 1517 quarta
1456 1474 1523 1505 eius
1542 1472 1758 1516 probatione,
1785 1470 1898 1513 quinta
1923 1467 2148 1503 conclusione.

202 1530 304 1563 Hunc
332 1530 452 1563 Cicero
478 1531 523 1563 ita
551 1527 663 1565 fecit²¹
687 1531 719 1562 in
747 1536 816 1562 arte
844 1523 1081 1561 Rhetorica²²z
1117 1527 1157 1560 Si
1184 1525 1393 1559 deliberatio
1421 1528 1452 1557 et
1481 1523 1732 1557 demonstratio
1746 1518 1771 1538 ²³
1797 1532 1935 1566 genera
1955 1522 2033 1553 sunt
2061 1528 2149 1550 οιιιι-

202 1592 343 1622 sarum,
377 1593 443 1614 ηοη
466 1586 611 1627 possunt
645 1586 740 1614 recte
767 1585 894 1625 parles
921 1579 1070 1612 alienius
1095 1578 1239 1623 generis
1271 1588 1404 1610 causae
1432 1580 1557 1620 putare
1598 1601 1604 1607 .

911 1627 1052 1663 Iclcm²⁸
1077 1640 1191 1674 gemas
1218 1632 1249 1662 et
1280 1639 1372 1673 pars
1399 1639 1473 1660 csse
1485 1623 1509 1643 ²⁹
1542 1637 1609 1658 uon
1633 1627 1764 1670 potest,
1805 1629 1837 1656 et
1863 1628 1974 1657 cetera
1987 1618 2029 1661 ³⁰,
2061 1630 2149 1663 quo-

202 1644 335 1677 genus,
359 1634 422 1666 atii
435 1630 459 1650 ²²
481 1644 574 1678 pars
616 1644 689 1666 esse
716 1636 841 1677 potest.

204 1695 308 1727 usque
335 1684 519 1730 syllogismi
545 1684 642 1717 huius
669 1685 821 1718 membra
851 1682 1046 1717 claudantur
1056 1677 1091 1716 ³¹.

292 1791 318 1831 1)
342 1792 391 1820 Sic
409 1792 466 1822 Gu.
491 1795 517 1824 1.
540 1810 582 1814 —
603 1793 731 1821 similem
754 1792 838 1830 vulg.
861 1808 904 1814 —
927 1790 956 1831 Ξ)
980 1791 1028 1819 Sic
1052 1791 1110 1819 Gu.
1130 1793 1155 1822 1.

205 1845 250 1874 pr.
273 1835 334 1865 Cic.
360 1835 436 1864 Phil.
449 1835 486 1872 II,
512 1839 538 1873 1,
564 1839 590 1866 1.
612 1851 654 1857 —-
675 1839 706 1873 3)
726 1835 946 1874 perhorrescere
969 1845 1016 1873 ap.
1041 1834 1100 1861 Cic.
1115 1849 1157 1855 -—

205 1877 234 1917 4)
251 1878 300 1906 Sic
323 1878 379 1907 Gu.
399 1880 425 1908 1.
454 1878 503 1907 Ar.
533 1879 599 1917 (qui
623 1878 705 1906 addit
733 1880 796 1914 ila,
823 1877 986 1906 secundun]
1020 1876 1110 1904 Crial.
1142 1885 1157 1904 e

205 1925 263 1949 vet.
286 1920 351 1949 cod.
376 1920 463 1950 Ouet.
488 1921 562 1951 Coll.
586 1920 680 1959 goth.)
704 1931 749 1949 va.
776 1937 809 1942 —-
836 1919 1045 1958 argumentati
1067 1919 1158 1947 al.—

206 1968 388 2001 atgumenta
410 1963 491 2001 vulg.
516 1979 554 1985 —
578 1962 610 2004 5)
634 1964 682 1991 Sic
701 1965 758 1992 Gu.
777 1966 802 1994 1.
820 1966 849 1994 2.
868 1964 895 1994 4.
918 1973 963 2001 pr.
987 1973 1032 1990 va.
1057 1962 1106 1990 Ar.
1130 1966 1158 1988 et

207 2006 266 2034 Cic.
290 2015 337 2044 pr.
360 2005 423 2034 Mil.
453 2008 502 2037 16.
527 2006 606 2043 inin,
626 2006 705 2045 apud
729 2016 815 2044 quem
837 2005 878 2034 ila
902 2010 945 2034 est
968 2006 1069 2033 locus:
1092 2014 1157 2031 cum

206 2049 343 2076 omnium
361 2050 472 2087 gratia
494 2067 531 2071 --
557 2060 644 2088 quem
666 2055 811 2087 tempore,
844 2059 931 2086 quem
955 2049 1077 2085 impune
1099 2057 1159 2074 non

206 2097 249 2118 est
270 2101 367 2119 ausu-5
389 2106 433 2113 ·—-
453 2092 560 2130 iniquo
584 2092 665 2127 loeo,
689 2093 788 2119 alieno
812 2096 948 2129 tempore.
972 2107 1010 2112 —
1030 2090 1159 2128 piaculo

205 2134 286 2171 vulg.
312 2149 354 2156 —
375 2134 404 2169 6)
427 2140 587 2172 propterea
609 2134 646 2162 al.
672 2153 708 2157 --
741 2133 771 2173 7)
797 2133 878 2171 vulg.
903 2139 944 2161 est
969 2134 1082 2168 altem,
1108 2131 1159 2160 sed

207 2182 250 2204 est
272 2186 330 2204 om.
354 2176 411 2206 Gu.
428 2178 455 2207 1.
485 2192 527 2199 —
556 2177 586 2214 8)
607 2178 830 2215 praepo-sillone
852 2176 905 2205 Ar.
938 2193 973 2197 -
1010 2174 1040 2214 9)
1064 2186 1159 2213 quae-—

207 2217 301 2246 remla
324 2219 381 2247 Gu.
399 2220 427 2250 2.
450 2234 493 2240 —
524 2218 568 2258 10)
593 2220 689 2247 Verba
722 2222 798 2247 Sunt
822 2224 925 2246 autem
949 2228 1044 2256 usque
1073 2217 1108 2245 ad
1133 2223 1158 2244 et

207 2262 431 2299 assumptione,
461 2266 496 2289 ut
527 2266 570 2289 est
600 2261 684 2289 illud
715 2262 817 2290 addidi
841 2272 856 2289 e
881 2263 935 2288 Gu.
963 2264 989 2290 1.
1021 2260 1111 2288 Grial.
1144 2270 1158 2287 c

208 2303 291 2332 libris
321 2303 553 2339 Tarraconense..
597 2315 683 2342 quem
714 2304 850 2341 sequitur
884 2304 1035 2331 Arevalus.
1074 2303 1159 2339 Vulg.

210 2350 278 2384 post
300 2345 480 2384 requirenda
504 2346 615 2385 pergit:
645 2348 692 2374 Ex
721 2348 788 2374 sola
818 2352 1038 2383 assumplwne,
1062 2352 1093 2372 ut
1118 2352 1159 2372 est

210 2387 307 2416 z'llml:
338 2390 372 2417 Sc·
390 2390 532 2418 inimicus
554 2395 605 2417 est.
636 2406 674 2410 —
706 2389 748 2428 11)
771 2390 804 2417 Si
826 2390 970 2416 inimicus
994 2388 1050 2418 Gu.
1066 2391 1094 2419 2.
1117 2403 1159 2409 —

1553 1572 1593 1591 '²¹
1647 1573 1790 1606 Eadem
1819 1568 1943 1605 cnim²⁵
1969 1581 2027 1602 res
2049 1564 2149 1601 alii²⁶

1204 1787 1247 1828 12)
1272 1788 1321 1816 Sic
1339 1788 1395 1817 Gu.
1416 1790 1441 1819 1.
1464 1802 1506 1809 ·-
1533 1791 1575 1814 est
1598 1795 1655 1813 om.
1678 1784 1758 1821 vulg.
1782 1782 1839 1811 Sed
1858 1791 1964 1810 novam
1988 1780 2147 1820 periodum

1200 1830 1402 1870 int-ipiendam
1424 1832 1536 1868 putavi.
1563 1830 1619 1857 Bes
1641 1827 1796 1865 desumpta
1822 1830 1867 1853 est
1889 1835 1902 1853 e
1919 1825 1980 1853 Cic.
1997 1824 2034 1852 de
2050 1822 2147 1858 Inv.1,

1199 1875 1250 1906 34.
1275 1884 1357 1912 seqq.
1385 1889 1427 1895 —
1459 1872 1501 1910 13)
1525 1871 1691 1899 ν]ιειωι·ι“ιίιε
1720 1869 1915 1907 sjllogisrmts
1936 1868 1999 1903 Ar.3
2029 1867 2086 1895 nisi
2117 1867 2150 1894 in

1200 1917 1357 1945 rhetoricis
1380 1915 1509 1950 scribas,
1542 1914 1701 1942 rhetoricis
1723 1912 1909 1948 suillo-qimaiu·
1932 1909 2033 1939 eodem
2057 1918 2147 1938 sensu

1201 1960 1305 1988 saltem
1328 1958 1548 1997 accipiendum,
1571 1956 1596 1985 si
1617 1965 1772 1994 comparas
1794 1956 1817 1991 §.
1835 1956 1863 1985 8.
1886 1969 1927 1975 —-
1953 1954 1997 1989 14)
2019 1952 2068 1980 Sic
2093 1952 2150 1980 Gu-

1205 2006 1231 2033 1.
1255 2019 1294 2024 -—
1318 2004 1431 2040 [ripert.
1455 2006 1496 2028 est
1518 1999 1598 2037 vulg.
1613 2015 1655 2019 —
1680 1996 1724 2036 15)
1741 1996 1882 2025 (joth-»sn
1905 1995 1976 2023 edit.
1999 1995 2149 2033 bipartit.

1202 2045 1356 2073 Conseulit
1381 2055 1430 2073 va.
1455 2048 1484 2071 et
1508 2042 1549 2070 sic
1581 2039 1774 2079 quadr-spurt.
1799 2040 2008 2077 quinqueparl.
2033 2054 2073 2058 —-
2103 2034 2150 2076 16)

1202 2089 1251 2116 Sic
1267 2088 1322 2116 Gu.
1343 2090 1368 2118 1.
1387 2091 1413 2119 2.
1432 2096 1476 2124 pr.
1494 2095 1540 2113 va.
1558 2084 1608 2113 Ar.
1635 2100 1670 2105 -—
1696 2082 1919 2121 aepz'clzircrnatds
1942 2081 2022 2118 vulg.
2039 2095 2080 2101 —
2105 2078 2149 2116 17)

1203 2131 1252 2158 Sic
1273 2131 1329 2157 Gu.
1354 2132 1379 2160 1.
1405 2132 1435 2160 2.
1458 2138 1503 2166 pr.
1537 2127 1587 2156 Ar.
1621 2142 1659 2146 —
1690 2126 1897 2153 contum-tione
1927 2122 2005 2159 vulg.
2035 2138 2075 2143 -—
2106 2124 2149 2154 18)

1203 2174 1293 2201 tercia
1312 2173 1376 2200 eius
1394 2182 1439 2210 pr.
1458 2181 1501 2199 va.
1528 2186 1564 2190 —
1592 2167 1634 2206 19)
1659 2174 1683 2195 ct
1709 2174 1823 2205 quarm
1845 2165 2035 2194 conclusione
2057 2163 2150 2193 Crial-

1203 2221 1231 2244 et
1247 2216 1334 2243 Arev.
1357 2225 1372 2243 e
1395 2212 1530 2251 gothicis,
1556 2228 1593 2233 —
1620 2211 1666 2249 20)
1691 2213 1794 2249 itaque
1817 2209 1885 2238 add.
1906 2208 1961 2236 Gu.
1977 2211 2001 2239 1.
2020 2224 2061 2230 -
2085 2208 2151 2234 ita-

1203 2269 1260 2296 que
1278 2263 1319 2285 est
1343 2258 1398 2285 Gu.
1417 2259 1446 2287 2.
1462 2272 1503 2277 —-
1525 2254 1571 2292 21)
1595 2255 1643 2281 Sic
1663 2256 1717 2282 Gu.
1738 2258 1763 2284 1.
1785 2268 1826 2275 --
1843 2252 1926 2288 facit
1950 2250 2081 2288 vulg.——
2103 2246 2150 2287 22)

1203 2302 1239 2328 (le
1262 2300 1324 2328 Inv.
1344 2299 1365 2335 I,
1390 2302 1418 2333 9,
1442 2301 1478 2330 12
1502 2314 1544 2318 --
1569 2296 1615 2335 23)
1638 2297 1817 2324 monstratio
1835 2295 1891 2322 Gn.
1907 2295 1937 2323 Q.
1951 2309 1992 2314 —-
2015 2292 2062 2330 2¹⁴)
2073 2302 2151 2330 par-

1203 2350 1244 2370 lc-s·
1268 2353 1379 2370 ιάιι-ἳιιε
1401 2342 1508 2380 palari
1531 2340 1666 2367 aliz-niu.»
1694 2339 1807 2366 ‹retu-lis
1830 2337 1885 2365 Gu.
1905 2335 1932 2366 4.
1966 2353 2002 2357 —
2033 2335 2151 2373 generis

1203 2396 1260 2416 om.
1286 2386 1342 2413 Gu.
1360 2387 1389 2416 2.
1411 2401 1452 2405 -
1469 2384 1582 2421 parari
1604 2392 1661 2421 pro
1681 2362 1789 2420 {utari
1812 2380 1911 2410 Gu.1.
1934 2394 1976 2400 —
2004 2378 2051 2417 25)
2073 2378 2152 2406 enim
