2264 2830
765 80 1010 115 ORlGlNUM
1041 82 1185 116 LIBER
1214 83 1305 118 vlu.

65 176 183 210 melius
214 172 301 208 illi³⁰
330 188 398 209 esse
433 176 577 218 videtur,

1937 86 2011 121 255

629 180 663 207 nt
697 174 895 219 philosophi
923 176 1152 219 Peripatetici,
1187 178 1402 218 Academici,
1437 183 1469 211 et
1482 175 1505 195 ³⁷
1540 177 1700 221 Epicurei
1732 183 1764 211 et
1797 179 1919 222 Stoici,
1956 182 2009 215 vel

66 229 148 263 sicut
178 229 254 269 alii,
285 229 341 271 qui
370 239 560 271 perversum
583 227 710 271 dogma
739 228 944 272 cogitantes,
969 229 1104 260 arbitrio
1133 241 1191 261 suo
1221 230 1263 262 (le
1289 230 1439 264 Ecclesia
1468 235 1680 263 recesserunt.

234 280 266 312 2.
319 280 402 312 lnde
429 291 511 323 ergo
539 278 685 311 haeresis
713 279 799 311 dicta
824 280 955 311 Graeca
978 290 1078 317 voce,
1108 278 1182 313 ex³⁰⁴
1208 282 1479 325 interpretatione
1508 282 1630 315 electio
1643 278 1685 322 ²⁹,
1712 293 1778 324 qua
1805 283 1944 325 quisque
1962 295 2010 315 ar-

67 331 166 365 bitrio
193 343 252 363 suo
279 332 322 363 ad
352 331 566 369 instituenda,
593 331 659 362 sire
690 328 934 374 suscipienda⁴⁰

67 384 166 417 bitrio
194 389 304 416 nostro
317 380 341 399 ⁴²
369 383 375 389 ’

960 332 1128 373 quaelibet
1155 330 1258 376 ipse⁴¹
1289 334 1349 365 sibi
1383 334 1484 377 eligit.

368 383 524 415 inducere
554 382 648 420 licet,
672 380 767 415 neem
796 383 921 426 eligere
948 383 1041 425 quod
1066 384 1169 426 aliqui
1193 384 1329 416 arbitrio

1540 333 1646 366 Nobis
1672 344 1752 366 vero
1780 333 1863 366 nihil
1892 346 1931 367 ex
1959 346 2012 367 ar-

1344 382 1366 401 ”
1390 396 1448 417 suo
1477 385 1675 418 induxerunt
1684 381 1718 417 ⁴⁵.

233 434 264 466 3.
318 431 535 477 Apostolos-⁴⁰
563 433 625 466 Dei
650 433 813 466 habemus
841 439 1008 473 auctores,
1037 436 1092 478 qui
1121 447 1183 468 nec
1208 437 1271 479 ipsi
1299 437 1478 479 quicquam
1496 440 1543 469 'ex
1570 449 1628 469 suo
1656 436 1807 476 arbitrio,
1841 436 1933 479 quod
1963 437 2013 469 in-

68 487 239 524 ducerent,
267 487 457 530 elegerunt‚
484 485 542 517 sed
570 491 745 529 acceptam
775 498 792 518 a
816 485 949 518 Christo
977 486 1188 530 disciplinam
1217 488 1360 520 lideliter
1388 489 1571 520 nationibus
1595 489 1845 532 assignaverunt
1858 485 1890 521 ⁴⁷.

1944 488 2014 522 lta-

68 551 133 583 que
162 539 286 571 etiamsi
299 535 323 554 ’Β
350 538 489 581 angelus
517 537 560 570 de
589 538 691 570 coelis
720 538 814 570 aliter
842 539 1136 582 evangelizaverit,
1171 539 1349 571 anatliema
1377 540 1561 572 vocabitur.

231 589 264 621 4.
317 589 415 621 Secta
427 585 450 604 ⁴¹³
477 601 496 620 a
522 589 692 631 ‚sequendo
705 585 730 605 ⁵⁰

757 594 788 621 et
813 590 958 622 tenendo
985 587 1195 623 nmninata⁵¹,

1251 592 1336 623 Nam
1365 596 1468 624 sectas·
1496 591 1635 624 dicimus
1662 590 1793 623 habitus
1816 589 2014 631 animorum,

69 654 108 675 ac
135 641 278 673 instituta
306 640 394 674 circa
422 640 648 684 disciplinam,
678 641 731 672 vel
757 642 977 685 propositum,
1006 639 1136 685 quod⁵²
1163 643 1308 675 tenendo
1337 647 1536 686 sequuntur,
1564 642 1667 687 longe
1691 643 1753 674 alia
1781 638 1848 674 in5³
1875 643 2015 687 religio-

68 694 114 725 nis
135 693 225 726 cultu
253 693 444 736 opinantes,
472 704 571 735 quani
600 693 732 726 caeteri.

233 742 266 775 5.
321 743 475 777 Schisma
504 745 546 776 ab
561 741 585 760 ᾗ*
612 745 749 777 scissura
776 744 961 777 animorum
989 740 1189 778 vocatum⁵.

68 801 102 828 ut
129 795 268 834 caeteri,
296 796 368 827 solo
398 796 670 840 congregationis
698 795 883 828 delectatur
918 796 1036 828 disidio
1049 792 1082 827 ⁵⁷.

67 859 126 880 nos
149 848 223 880 iusti
251 858 379 885 sumus,
409 858 468 878 nos
495 843 742 880 ἰυεῐὶίίοειιιιιω59
770 847 777 854 ’

1168 740 1180 760 ⁵
1243 744 1378 778 Eodem
1396 745 1481 777 enim
1506 745 1608 786 cultu,
1635 745 1755 777 eodem
1767 741 1791 761 ⁵⁶
1818 746 1881 777 ritu
1898 744 2014 787 credit,

1150 795 1205 828 Fit
1232 802 1343 829 autem
1373 796 1534 835 schisma,
1571 808 1646 830 cum
1675 796 1788 830 dicunt
1815 796 1967 829 homines
1980 793 2016 835 ⁵²⁵,

770 847 976 887 immundos,
1004 853 1035 879 et
1063 853 1194 880 caetera
1221 848 1337 880 similia
1364 845 1601 881 huiusmodiffl.

231 897 264 930 6.
320 898 517 942 Superstitio
549 899 637 932 dicta
665 910 723 939 eo,
751 899 843 941 quod
873 900 911 931 sit
933 899 1119 943 superflua,
1148 905 1204 932 aut
1235 897 1514 944 superinstitutaffl
1551 899 1746 931 observatio.

1807 897 1874 929 Alii
1902 896 2017 929 dicunt

67 961 86 981 a
107 949 253 989 senibus,
281 951 358 992 quia
387 950 496 982 multis
525 951 614 982 annis
638 950 826 994 superstites
852 962 914 994 per
941 956 1082 983 aetatem
1111 950 1253 983 delirant
1280 956 1313 984 et
1339 958 1448 985 errant
1472 951 1705 996 superstitione
1732 949 1890 993 quadam,
1909 949 2016 982 nesci-

69 1006 179 1042 entes,
206 1013 291 1044 quae
319 1006 428 1034 vetera
453 1002 567 1034 colunt
578 999 620 1042 ⁶²,
650 1008 706 1034 aut
733 1014 819 1045 quae
839 1007 986 1034 veterum
1011 1003 1117 1046 ignari
1144 1003 1314 1036 asciscunt.

233 1053 267 1086 7.
320 1053 492 1086 Lucretius
500 1049 525 1069 ⁶³

68 1103 256 1136 divinorum
273 1101 297 1120 ⁶5
307 1129 315 1141 ,

507 1258 535 1292 C
563 1259 592 1291 A
620 1260 657 1293 P.
710 1260 768 1293 IV.

557 1057 667 1086 autem
699 1054 966 1097 superstitionem
998 1054 1077 1087 dicit
1112 1055 1364 1098 superstantium
1379 1051 1403 1071 ⁸⁴
1436 1066 1571 1094 rerum,
1612 1053 1645 1085 id
1685 1058 1733 1086 est
1766 1052 1956 1085 caelestium
1986 1056 2018 1083 et

344 1116 430 1147 qnae
457 1116 556 1148 super
584 1116 643 1137 nos
670 1110 771 1146 stant,
806 1106 863 1138 sed
893 1107 980 1138 male
1008 1106 1097 1139 dicit.

68 1156 223 1200 agnosci,
251 1167 364 1190 causas
391 1168 526 1199 eorum,
554 1157 606 1189 vel
634 1157 768 1190 nomina
796 1157 1023 1190 demonstrare
1051 1162 1191 1202 oportea

1168 1104 1462 1140 llaereticorum⁰⁶
1497 1106 1659 1151 dogmata
1694 1109 1729 1138 ut
1766 1104 1864 1137 facile
1891 1102 2018 1148 possint

1194 1154 1253 1192 ιω.

848 1260 908 1292 De
951 1260 1222 1293 haeresibus
1256 1255 1574 1293 Indaeorumffl.

238 1334 270 1366 l.
325 1330 474 1367 ludaeis&
495 1334 701 1368 confessores
719 1335 981 1379 interpretantur.
1011 1336 1139 1369 Muitos
1166 1336 1253 1369 enim
1279 1347 1318 1368 ex
1341 1336 1379 1368 iis
1403 1335 1551 1378 sequitur
1578 1333 1764 1372 consessio,
1792 1342 1874 1375 quos
1888 1327 2018 1364 anteaffl

68 1386 210 1431 perfidia
233 1386 434 1429 possidebat.

235 1437 268 1469 2.
323 1436 471 1469 Hebraei
498 1437 686 1469 transitores
715 1437 877 1470 dicuntur.

69 1494 253 1528 transeant,
282 1493 315 1521 et
341 1489 495 1532 pristinos
523 1499 650 1521 errores
677 1489 873 1531 relinquant.

233 1547 268 1582 3.
322 1548 490 1580 Pharisaei
518 1553 551 1580 et
576 1548 743 1581 Saducaei
770 1549 853 1580 inter
879 1559 913 1580 se
940 1548 1094 1581 contrarii
1121 1552 1203 1581 sunt.

932 1437 1010 1478 Quo
1027 1438 1160 1470 nomine
1184 1434 1455 1478 admonenturfl,
1483 1442 1518 1469 ut
1545 1436 1588 1468 de
1610 1435 1782 1479 peioribus
1809 1434 1853 1466 ad
1880 1433 2018 1465 meliora

1257 1548 1345 1580 Nam
1372 1546 1542 1580 Pharisaei
1571 1557 1610 1578 ex
1627 1545 1786 1578 Hebraeo
1813 1544 1845 1576 in
1861 1544 2017 1576 Latinum

67 1601 322 1643 interpretantur
350 1599 467 1638 Divisi,
503 1610 544 1632 eo
577 1600 669 1642 quod
705 1600 919 1632 traditionum
954 1605 985 1632 et
1020 1600 1288 1632 observationum
1302 1596 1344 1639 ⁷²,
1386 1610 1467 1642 quas
1499 1599 1545 1630 illi
1558 1594 1583 1614 ³³
1617 1593 1843 1643 δευτερώσεις
1887 1600 2016 1635 vocant,

67 1652 218 1685 iustitiam
247 1651 448 1695 praeferunt.

231 1702 265 1734 4.
318 1702 484 1735 Saducaei
508 1702 765 1747 interpretantur
790 1703 872 1735 iusti.

69 1812 105 1840 al.
123 1822 180 1840 om.
203 1813 265 1839 εἰιέ
285 1810 329 1838 ad
349 1820 428 1838 ause.
449 1826 491 1831 —
512 1810 559 1848 41)
583 1817 610 1839 et
632 1813 695 1850 ipse
719 1812 775 1841 Gu.
793 1814 819 1842 1.
840 1827 881 1833 -—
903 1809 952 1850 42)
972 1811 1020 1839 Sic

70 1856 126 1883 Gu.
149 1857 174 1885 1.
197 1870 235 1874 -
266 1853 351 1890 Vulg.
375 1858 477 1881 nostro
506 1864 539 1881 ex
561 1854 624 1883 arb.
647 1872 688 1876 —
712 1865 745 1882 ex
767 1860 869 1882 nostro
901 1854 965 1882 arb.
988 1855 1019 1884 Z.

70 1898 126 1925 Gu.
147 1898 175 1926 2.
198 1912 239 1917 —
266 1894 314 1935 43)
340 1896 423 1932 Vulg.
445 1893 499 1923 sed
518 1906 586 1932 nec,
614 1897 666 1926 sed
689 1897 743 1925 sed
765 1908 822 1925 orn.
846 1898 902 1925 Gu⁴
926 1900 952 1928 1.
978 1913 1019 1917 -

68 1938 114 1977 44)
140 1938 228 1975 Vulg.
253 1937 288 1965 de
311 1936 457 1974 arbro-150,
489 1938 541 1966 sed
563 1938 598 1967 de
621 1951 678 1968 om.
703 1941 758 1969 Gu.
788 1943 814 1971 1.
840 1957 876 1961 -
901 1940 948 1977 45)
970 1939 1019 1967 Sic

70 1982 127 2011 Gu.
153 1985 177 2011 1.
200 1998 234 2002 -
266 1981 351 2018 Vulg.
379 1980 561 2010 induxerint.
580 1998 622 2004 -
656 1983 704 2012 Δι’.
728 1984 846 2021 aliquis
876 2005 883 2013 .
938 2002 945 2010 .
969 1984 1019 2009 in·-

70 2024 200 2053 ‹luxe1·t't.
222 2039 262 2044 ——
284 2024 329 2060 46)
355 2023 440 2059 Vulg.
466 2023 535 2052 add.
567 2031 685 2061 autem,
717 2026 798 2064 quod
827 2036 884 2054 om.
908 2025 939 2052 Z.
964 2025 1019 2052 Gu.

72 2070 98 2098 1.
120 2070 148 2098 2.
166 2066 216 2094 Ar.
243 2083 276 2086 —
312 2067 358 2102 47)
390 2066 622 2103 affirmaverunt
654 2069 709 2097 Gn.
732 2071 763 2099 2.
791 2086 823 2089 -
859 2067 903 2106 ¹⁴3)
929 2069 1019 2095 etiam

71 2110 126 2137 Gu.
156 2112 180 2139 1.
203 2124 246 2129 —
277 2110 332 2136 etse·
361 2109 453 2135 etiam
474 2117 519 2138 va.
543 2125 579 2130 —-
609 2111 636 2137 si
658 2112 749 2139 etiam
773 2111 808 2139 al.
834 2120 880 2149 pr.
907 2126 939 2131 —
971 2108 1018 2149 49)

72 2151 160 2189 Vulg.
187 2151 254 2178 add.
278 2157 395 2187 autem,
426 2150 507 2187 quod
530 2161 586 2179 om.
608 2153 639 2182 Z.
672 2154 728 2184 Gu.
752 2156 777 2184 1.
798 2155 825 2183 2.
847 2163 894 2181 va.
912 2153 961 2181 Ar.
978 2169 1020 2174 ·-

69 2194 118 2232 50)
141 2192 274 2221 sedando
299 2194 331 2222 Z.
358 2210 390 2214 --
419 2192 562 2221 sectando
585 2195 622 2224 al.
645 2212 683 2216 —
714 2193 763 2235 51)
787 2197 967 2224 nominatur
989 2195 1019 2222 Z.

72 2251 108 2257 —
138 2237 185 2272 52)
209 2237 258 2264 Sic
284 2237 340 2264 Gu.
362 2239 389 2267 1.
410 2245 456 2264 va.
487 2235 537 2264 Ar.
561 2251 601 2257 —
627 2248 714 2274 quem
740 2238 821 2276 vulg.
853 2254 889 2260 —
922 2238 969 2275 53)
989 2239 1019 2264 in

71 2289 128 2307 om.
152 2279 207 2306 Gu.
225 2282 250 2309 1.
274 2295 314 2300 —
343 2277 388 2316 54)
411 2278 449 2305 ab
472 2288 527 2315 pro
552 2289 571 2306 α
594 2279 652 2308 Gu.
677 2282 703 2310 1.
724 2282 751 2310 2.
769 2290 815 2308 va.
838 2297 880 2302 —
907 2280 955 2317 55)
971 2280 1019 2308 Sic

72 2321 126 2349 Gu.
155 2324 182 2353 1.
203 2322 254 2349 Ar.
275 2337 316 2341 —
340 2326 448 2348 vocata
470 2321 501 2349 Z.
530 2320 584 2348 Gu.
608 2323 636 2352 2.
661 2322 699 2350 al.
719 2338 760 2343 ——-
779 2333 884 2351 nomen
905 2324 1019 2361 accepit

72 2363 152 2401 vulg.
180 2380 222 2387 —
249 2364 297 2399 56)
321 2363 370 2391 Sic
392 2363 423 2392 Z.
450 2363 506 2391 Gu.
530 2366 555 2394 1.
577 2365 607 2394 2.
627 2380 670 2386 —
693 2363 851 2404 eodemque
873 2365 952 2403 vulg.
978 2382 1017 2387 —

511 1650 611 1684 Unde
640 1656 671 1683 et
699 1651 795 1684 divisi
822 1655 982 1684 vocantur
1008 1663 1027 1683 a
1051 1652 1200 1695 populo,
1228 1651 1321 1694 quasi
1350 1662 1410 1694 per
1435 1650 1601 1684 iustitiam.

928 1703 1114 1736 Vendicant
1147 1704 1235 1735 enirn
1268 1703 1329 1735 sibi
1364 1702 1458 1746 quod
1493 1713 1559 1734 non
1586 1705 1677 1743 sunt,

1730 1698 1881 1743 corporis
1909 1708 2015 1729 resur-

1063 1811 1110 1849 57)
1134 1812 1183 1839 Sic
1209 1812 1239 1839 Z.
1259 1812 1315 1840 Gu.
1333 1815 1360 1843 2.
1382 1811 1419 1840 al.
1440 1821 1485 1849 pr.
1508 1820 1555 1838 va.
1577 1825 1614 1830 —
1637 1807 1750 1836 excidio
1775 1809 1831 1835 Gu.
1850 1809 1877 1837 1.
1895 1821 1937 1827 -—
1952 1804 2014 1833 dis-

1063 1853 1143 1881 sidio
1167 1855 1246 1892 vulg.
1269 1871 1311 1877 —-
1333 1853 1379 1892 53)
1402 1864 1501 1881 omne-5
1524 1853 1578 1880 Gu.
1597 1854 1622 1882 1.
1648 1867 1689 1872 —
1711 1849 1757 1889 59)
1781 1850 1830 1877 Sic
1853 1850 1908 1878 Gu.
1932 1851 1958 1879 1.
1973 1863 2014 1870 -

1062 1898 1293 1935 sancltficumus
1316 1897 1393 1934 vulg.
1417 1912 1458 1917 —
1490 1895 1535 1932 60)
1559 1892 1740 1921 huiusmodi
1763 1892 1830 1921 add.
1854 1892 1909 1921 Gu.
1930 1894 1955 1923 1.
1972 1906 2013 1912 -

1062 1941 1106 1976 61)
1131 1941 1179 1967 Sic
1203 1940 1259 1968 Gu.
1280 1943 1305 1970 1.
1333 1940 1381 1968 Ar.
1407 1948 1470 1967 var.
1495 1937 1564 1966 lect.
1589 1947 1636 1975 ap.
1661 1935 1748 1965 Goth.
1770 1952 1811 1957 —-
1831 1934 2013 1973 superinsti-

1062 1987 1132 2009 tuta
1155 1982 1192 2011 al.
1207 1999 1249 2004 —
1272 1982 1358 2019 Vulg.
1383 1985 1603 2019 super-statuta.
1636 1998 1673 2001 —
1706 1982 1749 2010 62)
1774 1978 1823 2006 Sic
1846 1978 1901 2006 (ιιι.
1918 1980 1943 2007 1.
1961 1986 2009 2006 va.

1063 2040 1102 2045 —
1117 2026 1219 2052 colant
1245 2025 1341 2062 vulg,
1367 2029 1399 2052 ut
1424 2028 1525 2051 contra
1552 2024 1704 2049 asciscant
1727 2021 1757 2049 Z.
1782 2021 1878 2051 Gu.2.
1901 2029 1946 2048 va.
1965 2019 2011 2048 Ar.

1061 2083 1103 2088 —
1127 2067 1172 2106 6-3)
1200 2068 1316 2096 Lucret.
1339 2067 1389 2095 lib.
1416 2066 1438 2102 I,
1460 2068 1510 2097 56.
1528 2075 1609 2103 seqq.
1631 2080 1673 2086 —
1707 2066 1750 2098 64)
1774 2062 2012 2102 superstantiam

1062 2110 1092 2137 Z.
1120 2110 1176 2138 Gn.
1200 2114 1224 2141 1.
1241 2111 1280 2139 al.
1306 2125 1344 2130 —
1367 2106 1413 2149 65)
1431 2108 1609 2136 divinarum
1633 2107 1681 2135 Ar.
1703 2123 1742 2128 —-
1772 2109 1816 2140 66)
1843 2105 1930 2142 Vulg.
1953 2115 2012 2131 αιι-

1062 2157 1119 2179 tem
1147 2152 1232 2186 add.‚
1267 2151 1347 2191 quod
1376 2161 1433 2182 om.
1458 2152 1514 2179 Gu.
1542 2153 1568 2180 1.
1608 2166 1649 2171 —
1694 2147 1739 2189 67)
1764 2149 1811 2176 Sic
1841 2148 1896 2176 Gu.
1921 2150 1946 2178 1.
1968 2161 2010 2167 -

1064 2200 1176 2232 oportet
1200 2196 1237 2224 al.
1257 2211 1296 2217 ·-
1322 2195 1457 2232 oportuit
1482 2193 1560 2229 vulg.
1582 2209 1623 2213 —
1654 2191 1701 2230 (8)
1724 2192 1793 2230 Cap.
1814 2191 1863 2219 IV.
1896 2189 1930 2218 V.
1962 2188 2006 2215 Vl-

1064 2236 1126 2266 VII.
1145 2247 1203 2266 orn.
1228 2238 1293 2266 cod.
1316 2238 1425 2265 Zittav.
1454 2253 1497 2257 —
1526 2236 1573 2272 69)
1597 2235 1639 2262 ΑΙ.
1673 2245 1729 2262 oin.
1753 2244 1801 2261 vv.
1825 2232 1932 2261 ladam·
1952 2240 2006 2257 us-

1063 2289 1120 2317 que
1143 2280 1181 2309 ad
1205 2291 1315 2308 errore-5
1338 2280 1389 2310 rel,
1413 2295 1454 2300 —
1476 2277 1521 2317 70)
1539 2283 1608 2305 ante
1631 2277 1686 2306 Gu.
1702 2280 1731 2308 2.
1755 2292 1797 2298 --
1826 2277 1868 2309 71)
1891 2282 2006 2300 ammo-

1061 2327 1168 2350 nentur
1189 2323 1245 2352 Gu.
1270 2327 1298 2355 2.
1329 2339 1365 2343 -
1409 2322 1456 2358 72)
1484 2326 1591 2349 serrat.
1620 2320 1676 2347 Gn.
1704 2323 1727 2349 1.
1749 2334 1789 2340 —
1821 2317 1917 2359 Vulg3
1937 2313 2004 2341 add.

1061 2375 1206 2405 suarum,
1231 2365 1312 2405 quod
1335 2375 1393 2394 om.
1418 2364 1476 2393 Gu.
1492 2367 1517 2396 1.
1534 2366 1563 2396 2.
1582 2372 1630 2391 va.
1652 2377 1694 2383 —-
1716 2359 1761 2398 73)
1776 2357 1883 2387 ludaei
1905 2358 1958 2384 Gu.
1979 2358 2005 2386 1.
