2264 2830
766 73 930 107 offlGm
938 74 1011 107 UM
1051 74 1197 110 LIBER
1231 78 1322 112 vul.

78 173 252 207 sustinetur
280 173 375 214 rotis,
403 172 480 215 quia
508 170 648 204 mundus
682 173 807 202 rotatur
838 175 870 201 et
895 168 1081 203 volubilis-³¹
1109 177 1165 205 est.

1951 79 2025 114 277

1220 172 1321 214 Quod
1349 173 1460 205 leones
1487 173 1533 206 illi
1560 173 1734 206 subiiciunt
1760 180 1961 215 mansuetos,
1991 181 2025 207 ut

77 225 276 265 ostendant,
305 224 432 256 nullum
461 235 530 256 esse
557 218 698 267 genus³²
725 218 866 254 ten-aem
893 228 958 254 tam
988 223 1114 265 serum,
1142 225 1233 267 quod
1261 237 1326 257 non
1353 222 1499 269 subigi³⁸
1527 225 1642 269 possit,
1669 231 1725 258 aut
1745 226 1893 269 superari
1915 226 1958 258 ab
1976 238 2025 260 ea.

77 323 193 372 quasi³
231 328 398 372 insignitas
421 326 563 359 turribus
591 331 751 359 constare.

76 381 183 426 ipsam
211 390 276 411 non
303 379 439 412 moveri.

243 430 301 463 (55.

78 495 194 516 omnes
221 494 284 527 pro
312 488 398 515 terra
426 493 483 514 sua
512 482 637 514 debere
664 493 816 525 pugnare
830 478 864 514 ³⁶⁴.

76 537 135 579 qui
163 535 286 568 semine
314 534 504 578 indigeant,
531 540 653 566 terram
679 534 770 576 sequi
798 539 964 577 oportere.

196 324 207 343 b·

359 275 461 316 Quod
496 276 528 307 in
562 273 672 317 capite
699 275 847 305 turritam
883 279 991 318 gestat
1019 286 1200 316 coronam,

806 325 909 366 Quod
933 325 1029 359 sedes
1058 328 1227 373 linguntur
1255 329 1343 362 circa
1371 340 1461 369 eam,
1490 329 1567 372 quia
1595 339 1672 362 cum
1693 330 1804 362 omnia
1821 334 2026 370 moveantur,

1258 276 1400 309 ostendit
1413 275 1438 293 ³⁴
1477 277 1702 321 superpositas
1738 282 1844 309 terrae
1880 277 2025 310 civitates

357 429 458 471 Quod
487 428 695 473 Corybantes
724 429 790 462 eius
818 429 954 462 ministri
976 441 1051 463 cum
1079 431 1197 465 strictis
1224 432 1346 477 gladiis
1375 443 1444 464 esse
1472 431 1664 476 finguntur,
1692 436 1726 464 ut
1751 428 2027 476 significaretur*

920 482 1023 522 Quod
1051 484 1160 527 gallos
1188 483 1267 517 huic
1285 484 1368 517 deae
1393 489 1427 516 ut
1444 484 1602 515 servirent
1625 484 1790 523 fecerunt,
1819 478 2028 528 significatff,

1018 534 1055 566 ln
1085 547 1123 567 ea
1139 532 1159 551 ¹⁰
1187 536 1316 580 quippe
1339 535 1449 567 omnia
1476 531 1669 578 reperire⁴¹.

241 585 299 618 66.
354 585 457 626 Quod
482 598 515 617 se
536 585 626 629 apud
657 597 729 617 eain
758 587 896 626 iactant,
925 586 1146 630 praecipitur,
1173 587 1341 630 inquiunt,
1378 591 1414 619 ut
1441 586 1497 629 qui
1524 591 1646 618 terram
1673 586 1787 619 colunt
1815 598 1855 619 ne
1882 585 2028 625 sedeant,

77 649 208 682 semper
236 638 322 670 enim
352 650 439 675 esso,
472 638 563 680 quod
593 642 703 681 agant.

759 637 1000 680 Cymbalorum
1017 635 1036 653 ⁸²
1064 649 1238 671 aereorum
1267 639 1391 672 sonitus
1418 638 1696 671 ferramentorum
1724 638 1867 681 crepitus
1902 639 1934 670 in
1968 649 2023 671 co-

76 690 177 724 lendo
194 700 277 734 agro
292 686 332 721 ³²¹:
360 695 392 721 et
416 685 527 721 ide0⁴⁴
556 701 648 729 aere,
677 689 768 732 quod
787 694 906 721 terram
922 690 1046 732 antiqui
1069 702 1145 723 aere
1163 691 1320 723 colebant
1331 687 1365 731 ⁴⁵,
1392 690 1586 735 priusquam
1606 690 1731 722 ferrum
1751 696 1833 721 esset
1848 690 2027 722 inventurn.

241 740 300 774 67.

79 790 181 836 θείω,
214 798 248 825 ut
276 803 315 826 ex
348 792 458 825 Aetna
481 792 699 836 vulcanoque
736 792 832 824 datur
863 792 1015 837 intelligi.

355 740 508 773 Eandem
540 741 672 773 Vestam
708 745 740 774 et
767 742 880 784 ignem
909 753 977 774 esse
1010 741 1209 785 perhibent,
1245 743 1323 786 quia
1349 747 1471 775 terram
1499 742 1612 786 ignem
1641 741 1768 774 habere
1798 751 1863 773 non
1891 741 2029 773 dubium

1077 794 1120 826 Et
1148 794 1226 826 ideo
1260 795 1424 840 virginem
1451 799 1585 839 putant,
1622 793 1698 837 quia
1726 792 1810 837 ignis
1838 793 2030 825 inviolabile

76 846 114 878 sit
136 845 353 886 elementum,
381 844 531 887 nihilque
559 845 646 878 nasci
673 844 775 889 possit
802 856 842 877 ex
866 856 923 888 eo,
952 845 1079 890 quippe
1107 847 1165 890 qui
1193 846 1326 888 omnia,
1353 858 1440 890 quae
1467 845 1661 890 arripuerit,
1689 845 1840 878 absumat
1855 840 1886 875 ³⁷.

240 896 300 931 68.
356 894 494 929 Ovidius
521 896 553 928 in
580 892 743 928 Fastis-⁴⁸:

306 947 382 981 Nec
405 944 477 980 ιιι*9
504 948 605 980 alind
637 948 797 988 Vestam,
832 959 939 993 qnam
972 948 1088 981 vivum
1116 949 1276 995 intellige
1294 949 1503 996 flammam,

430 999 598 1044 Rutaque
625 1000 671 1032 (Ie
684 998 846 1045 stamma
874 1011 1026 1045 corpora
1060 1001 1158 1034 nulla
1170 998 1196 1018 ⁵⁰
1230 1002 1338 1035 vides.

74 1053 260 1096 Propterea
281 1055 313 1083 et
331 1050 474 1095 virgines
491 1052 520 1083 ei
538 1052 657 1085 servire
677 1048 864 1085 dicuntur⁵¹
881 1077 890 1093 ,
919 1064 960 1085 eo
988 1052 1080 1095 quod
1109 1053 1192 1086 sicut
1219 1065 1258 1086 ex
1271 1050 1297 1071 ⁵²
1322 1054 1453 1098 virgine
1468 1076 1477 1093 ,
1504 1053 1550 1085 ita
1567 1051 1650 1084 nihil
1674 1063 1713 1084 ex
1733 1051 1811 1095 igne
1828 1054 1981 1083 nascatur
1997 1045 2030 1080 ⁵³.

239 1101 298 1134 69.

74 1155 167 1199 quod
195 1154 287 1198 quasi
315 1159 427 1198 portas
454 1159 595 1188 matrum
624 1160 738 1188 natura
766 1155 908 1199 pandat,
937 1160 969 1188 et
996 1156 1189 1189 nubentium
1217 1157 1341 1190 maritis
1354 1154 1388 1190 ⁵⁴.

353 1103 513 1135 lunonem
542 1103 656 1137 dicunt
683 1104 775 1147 quasi
802 1104 975 1145 ianonem,
1004 1104 1036 1136 id
1063 1109 1111 1137 est
1143 1105 1294 1145 ianuam,
1331 1117 1394 1150 pro
1428 1104 1685 1150 purgationibus
1718 1102 1961 1142 foeminarum,
1991 1111 2031 1132 eo

1442 1156 1511 1189 Sed
1545 1155 1613 1188 hoc
1640 1154 1854 1199 philosophi.
1907 1153 2033 1185 Poetae

74 1213 184 1240 autem
212 1200 373 1239 lunonem
402 1206 488 1238 Iovis
515 1212 662 1239 asserunt
688 1218 836 1239 sororem
866 1212 898 1239 et
925 1208 1121 1251 coniugem:
1147 1208 1260 1252 ignem
1289 1209 1376 1241 enim
1399 1213 1432 1240 et
1455 1219 1564 1240 aerem
1594 1208 1728 1247 lovem,
1757 1216 1879 1249 aquam
1907 1210 1939 1237 et
1964 1209 2032 1236 ter—

74 1271 145 1292 ram
172 1259 334 1292 lunonem
354 1258 625 1302 interpretantur3
654 1269 796 1301 quorum
825 1259 968 1290 duorum
994 1260 1214 1301 permixtione
1241 1260 1391 1292 universa
1419 1259 1612 1303 gignuntur.

240 1309 299 1341 70.
354 1310 398 1341 Et
421 1320 570 1342 sororem
598 1309 730 1352 dicunt,
766 1309 858 1352 quod
887 1309 1001 1341 mundi
1028 1321 1105 1353 pars
1133 1315 1188 1342 est.

76 1361 175 1395 Unde
203 1366 236 1394 et
264 1360 421 1403 Virgilius
434 1357 473 1392 5⁶:

1251 1310 1461 1355 coniugem,
1488 1309 1580 1353 quod
1605 1308 1784 1341 commixta
1803 1301 2032 1341 concordatffi.

310 1411 397 1444 Tum
426 1411 536 1444 Pater
563 1411 776 1456 omnipotens
797 1410 983 1456 foecundis
1010 1411 1178 1445 imbribus
1201 1413 1324 1446 aether

307 1462 476 1507 Coniugis
503 1463 537 1495 in
563 1464 742 1507 gremium
770 1459 921 1495 laetae⁵⁷
950 1463 1131 1496 deseendit
1154 1483 1220 1496 —.

986 1511 1012 1530 58

240 1513 298 1546 71.

353 1514 506 1546 Minerva
534 1514 624 1558 apud
654 1515 804 1547 Graecos
832 1510 971 1561 Ἀθήνη

72 1566 260 1599 Minervam
274 1562 299 1581 ³⁹
331 1570 481 1598 vocatam
510 1565 602 1608 quasi
631 1565 728 1598 deam
761 1570 794 1598 et
820 1577 935 1598 munus
963 1566 1082 1599 artium
1110 1566 1285 1599 variarum.

1047 1514 1185 1554 dicitur,
1229 1514 1263 1547 id
1293 1518 1358 1555 est,
1393 1514 1551 1548 foemina.

1612 1511 1715 1556 Apud
1749 1511 1886 1544 Latinos
1920 1514 2030 1543 autem

1347 1566 1446 1600 Hanc
1482 1565 1568 1599 enim
1600 1563 1816 1596 inventricem
1850 1562 2030 1595 multorum

71 1618 281 1663 ingeniorum
310 1617 510 1661 perhibent,
540 1622 572 1650 et
599 1617 676 1650 inde
705 1629 779 1650 eam
808 1622 912 1650 artem
942 1622 974 1650 et
1000 1618 1161 1651 rationem
1188 1618 1465 1663 interpretantur,
1492 1617 1570 1661 quia
1598 1615 1666 1649 sine
1695 1616 1822 1648 ratione
1843 1614 1924 1647 nihil
1953 1619 2029 1658 pot-

72 1675 119 1703 est
146 1669 314 1703 contineri.

238 1720 295 1753 72.
325 1720 422 1761 Quae
435 1720 529 1761 ratio,
554 1722 632 1764 quia
647 1732 686 1754 ex
705 1721 776 1753 solo
794 1721 904 1753 animo
922 1722 1082 1762 nascitur,
1104 1722 1326 1765 ,animumque
1343 1725 1460 1766 putant
1476 1732 1544 1753 esse
1559 1720 1591 1752 in
1606 1719 1717 1763 capite
1735 1723 1767 1751 et
1783 1713 1848 1750 in¹⁵⁰
1873 1716 2028 1751 cerebro:

72 1771 150 1805 ideo
179 1783 254 1805 eam
273 1772 387 1805 dicunt
411 1772 453 1805 de
475 1773 586 1817 capite
605 1774 691 1806 Iovis
706 1785 776 1806 esse
800 1778 929 1813 natam,
958 1773 1035 1816 quia
1050 1785 1160 1806 sensus
1182 1773 1356 1818 sapientis,
1384 1773 1441 1817 qui
1458 1772 1580 1805 invenit
1601 1771 1720 1811 omnia,
1745 1770 1778 1802 in
1796 1768 1904 1813 capite
1918 1765 2026 1801 eiusffl.

76 1860 101 1887 1.
128 1873 171 1877 —
196 1867 294 1894 genus
317 1867 376 1884 csse
398 1857 478 1894 vulg.
505 1873 548 1879 —
585 1857 632 1898 33)
656 1864 753 1886 terrae
775 1867 831 1887 om.
853 1857 888 1886 al.
911 1874 951 1880 —
985 1859 1030 1896 34)

73 1898 171 1928 cubici
195 1900 251 1927 Gu.
274 1901 301 1930 1.
320 1916 360 1920 —
383 1898 429 1938 35)
444 1899 492 1927 Sic
516 1900 571 1928 Gu.
590 1903 617 1932 1.
631 1911 678 1931 va.
702 1917 743 1922 —
766 1899 934 1928 ostenditur
949 1901 1032 1938 vulg.

75 1958 111 1963 —
139 1940 301 1969 ostendunt
325 1941 360 1969 al.
386 1958 421 1962 —
452 1940 500 1981 36)
525 1953 603 1981 quas
618 1965 625 1972 .
645 1967 651 1974 .
671 1965 676 1971 .
702 1949 821 1971 constat
844 1943 895 1973 Ar.
919 1960 959 1965 —
981 1944 1030 1982 37)

71 1984 120 2013 Sic
148 1984 204 2012 Gu.
232 1987 258 2015 1.
288 1999 331 2005 —
360 1985 571 2022 algmficentur
594 1985 646 2015 Ar.
669 1987 862 2025 significelur
883 1986 963 2023 vulg.
989 2003 1028 2007 —

70 2025 119 2068 38)
136 2037 279 2066 pugnare
303 2025 405 2054 dehere
427 2028 482 2055 Gu.
498 2030 526 2059 2.
551 2045 592 2049 ——
613 2026 660 2068 39)
677 2031 725 2057 Sic
743 2029 934 2058 scribendum
954 2033 1027 2067 puto

71 2078 88 2098 e
111 2069 168 2098 Gu.
184 2073 209 2100 1.
237 2070 267 2097 in
292 2079 352 2107 quo
377 2074 422 2098 est
448 2071 644 2108 significaret.
660 2088 701 2093 —
725 2072 813 2110 Vulg.
836 2072 1025 2111 szgtzfi‹·1ctzt.

71 2127 114 2133 —
143 2112 191 2150 40)
214 2112 264 2140 Sic
288 2112 344 2140 Gu.
371 2115 397 2143 1.
417 2114 448 2143 2.
472 2122 520 2141 va.
545 2129 587 2134 —
616 2115 649 2142 in
673 2125 704 2142 eo
726 2116 807 2153 vulg.
831 2132 872 2137 —
903 2115 952 2153 41)
978 2115 1025 2142 Sic

71 2154 128 2183 Gu.
146 2157 173 2185 1.
189 2158 217 2186 2.
233 2155 271 2185 al.
290 2164 337 2185 va.
362 2170 402 2175 -
426 2156 550 2193 reperiri
571 2156 652 2193 vulg.
676 2173 715 2178 —-
738 2159 787 2195 42)
812 2158 898 2196 Vulg.
924 2163 1025 2185 autem

71 2196 160 2233 add„
185 2197 267 2235 quod
291 2207 348 2226 om.
378 2198 434 2225 Gu.
454 2200 479 2228 1.
501 2213 542 2219 —-
571 2197 618 2236 43)
643 2198 691 2228 Sic
706 2200 763 2229 Gu.
781 2203 809 2232 1.
824 2217 867 2222 —
890 2200 975 2238 Vulg.
992 2201 1026 2228 in

71 2238 204 2268 colendis
211 2241 345 2278 agris—
354 2240 392 2268 al.
403 2241 434 2267 in
445 2238 566 2267 colendo
581 2251 683 2279 agros.
694 2260 731 2263 —
744 2244 776 2270 in
787 2242 926 2271 colendos
933 2254 1026 2281 agros

72 2282 129 2311 Gu.
147 2285 177 2314 2.
193 2298 235 2304 —
257 2282 308 2321 44)
325 2281 379 2310 sed
399 2282 465 2310 ideo
489 2283 547 2311 Gu.
566 2284 592 2314 1.
610 2299 650 2304 -
675 2282 721 2324 45)
745 2286 794 2313 Sic
817 2286 873 2314 Gu.
893 2289 916 2316 1.
943 2289 1025 2318 2.—

73 2324 164 2353 celeb.
186 2336 252 2354 aere
274 2325 356 2363 vulg.
381 2342 416 2346 —
443 2323 490 2365 46)
514 2336 573 2353 non
597 2331 640 2353 cst
662 2325 730 2356 dub.
753 2337 800 2357 va.
821 2345 864 2350 —
892 2326 940 2368 47)
964 2327 1024 2356 ad-

1076 1857 1133 1887 Gu.
1157 1860 1183 1888 1.
1205 1874 1248 1879 —
1269 1856 1315 1897 50)
1339 1859 1388 1886 Sic
1414 1858 1471 1886 Gu.
1488 1860 1514 1887 1.
1539 1860 1566 1888 2.
1588 1855 1615 1887 4.
1639 1865 1685 1885 va.
1706 1854 1756 1883 Ar.
1783 1871 1817 1875 —
1843 1852 1929 1881 nuda
1944 1853 2024 1890 vulg.

1073 1917 1114 1923 ·—-
1137 1901 1186 1939 51)
1210 1900 1318 1929 dieunt
1342 1902 1396 1929 Gu.
1417 1903 1445 1930 2.
1471 1915 1512 1921 —
1534 1901 1579 1936 52)
1603 1909 1636 1926 ex
1661 1908 1716 1937 pro
1735 1896 1771 1925 de
1794 1897 1851 1926 Gu.
1877 1899 1905 1927 1.
1927 1899 1955 1928 2.
1979 1906 2024 1934 pr.

1072 1953 1119 1974 va.
1143 1959 1185 1965 —
1207 1943 1255 1981 53)
1279 1945 1419 1972 nascitur
1433 1942 1484 1971 Ar.
1508 1957 1550 1962 —
1572 1940 1619 1980 54)
1637 1941 1686 1969 Sic
1700 1940 1757 1969 Gu.
1773 1942 1801 1971 1.
1817 1950 1863 1968 va.
1880 1955 1921 1961 —
1938 1938 2024 1976 Vulg.

1072 1992 1207 2014 matrum
1230 1992 1374 2014 natorum
1392 1984 1530 2024 pandat,
1555 1982 1592 2011 id
1617 1988 1659 2011 est
1681 1983 1860 2011 nubentium
1883 1992 1960 2012 mar.
1983 1997 2024 2003 —-

1071 2029 1125 2059 Ar.
1149 2035 1284 2057 malrum
1304 2031 1388 2057 natis
1409 2035 1435 2056 et
1457 2033 1590 2056 natura-s·
1606 2025 1731 2066 pandat
1753 2025 1823 2055 nub.
1841 2036 1918 2054 mar.
1933 2040 1975 2045 —
1990 2023 2025 2051 id

1070 2078 1112 2099 est
1135 2071 1279 2101 exhibent
1304 2073 1360 2101 Gu.
1387 2075 1414 2103 1.
1439 2074 1468 2103 2.
1491 2080 1538 2109 pr.
1553 2079 1599 2098 va.
1625 2069 1661 2098 al.
1680 2070 1730 2098 Ar.
1753 2079 1813 2098 om.
1835 2068 1871 2097 al.
1891 2084 1933 2090 -
1953 2077 2021 2094 ma-

1068 2120 1226 2143 tronarum
1251 2115 1288 2144 al.
1313 2133 1351 2137 —-
1375 2116 1422 2151 55)
1446 2113 1495 2142 sic
1513 2113 1569 2141 Gu.
1588 2115 1616 2143 1.
1643 2112 1681 2140 al.
1704 2122 1766 2141 var.
1785 2111 1853 2140 lect.
1871 2121 1919 2150 ap.
1932 2108 2019 2138 Goth.

1069 2156 1190 2196 (mixta)
1214 2159 1262 2186 Ar.
1286 2173 1328 2178 —-
1350 2157 1437 2195 Vulg.
1462 2157 1623 2184 commixta
1645 2153 1740 2183 corda
1763 2153 1866 2182 tundit
1889 2169 1927 2174 —
1953 2162 2018 2179 cor-

1069 2199 1124 2228 dat
1146 2200 1270 2239 gothici.
1292 2216 1333 2222 —
1357 2199 1404 2241 56)
1422 2200 1527 2237 Georg.
1546 2198 1582 2234 II,
1604 2198 1678 2229 325.
1705 2214 1741 2219 —
1767 2199 1817 2234 57)
1837 2196 1902 2225 Hoc
1917 2193 2015 2223 addjdi

1068 2252 1083 2271 e
1107 2243 1161 2273 Gu.
1181 2248 1225 2281 1.‚
1252 2243 1282 2271 in
1307 2252 1367 2281 quo
1390 2247 1433 2271 est
1456 2243 1570 2271 late—
1586 2241 1636 2268 Ar.
1650 2241 1742 2271 laeta.
1764 2255 1806 2261 —
1828 2238 2016 2277 53)Atl2enas

1069 2285 1125 2315 Gu.
1145 2289 1170 2317 1.
1186 2289 1215 2318 2.
1231 2286 1259 2318 4.
1282 2295 1327 2325 pr.
1348 2295 1395 2316 va.
1415 2301 1457 2307 —-
1479 2284 1528 2322 59)
1552 2284 1693 2312 Minerva
1714 2288 1824 2312 vocata
1846 2279 1934 2318 quusi
1946 2278 2014 2305 Dect

1068 2327 1104 2356 al.
1126 2344 1168 2350 ——
1189 2327 1237 2368 60)
1261 2330 1291 2356 in
1313 2338 1369 2357 om.
1394 2328 1449 2358 Gu.
1468 2330 1497 2361 2.
1519 2327 1570 2356 Ar.
1591 2342 1634 2349 —
1656 2325 1702 2364 61)
1726 2326 1774 2354 Sic
1790 2325 1843 2352 Gu.
1861 2324 1888 2352 1.
1916 2337 1948 2342 —
1973 2325 2013 2347 est

74 2373 174 2396 sumat
197 2368 254 2398 Gu.
272 2371 302 2401 2.
320 2368 358 2397 al.
380 2383 421 2390 —
445 2368 493 2405 48)
513 2368 592 2399 fast.
610 2368 659 2406 VI,
677 2371 747 2402 291.
774 2386 814 2392 —
837 2372 884 2409 49)
906 2376 941 2399 tu
965 2381 1023 2400 om.
1065 2370 1146 2409 vulg.
