2264 2830
792 96 1038 134 ORlGlNUM
1080 101 1225 138 LIBER
1253 105 1292 140 V.

1944 118 2015 153 171

69 184 216 217 noscitur
228 182 252 202 ³⁸
274 191 425 231 tempus,
453 188 541 222 unde
552 184 577 205 ³²³
605 194 669 223 est:
698 190 932 236 Intempestive
960 195 1073 229 venisti
1086 193 1117 230 ¹⁰.
1171 199 1267 246 Ergo
1304 201 1500 245 intempesta
1534 201 1674 245 dicitur,
1708 207 1786 249 quia
1814 215 1903 243 caret
1929 217 2015 247 tem-

67 245 170 280 pore,
197 237 230 269 id
259 243 306 270 est
333 244 418 273 actu.

237 289 293 321 ll.

347 290 562 324 Gallicinium
587 298 728 337 propter
751 295 860 338 gallos
888 296 970 329 lucis
990 301 1203 341 praenuntios
1226 303 1354 336 dictum
1367 300 1400 336 ⁴¹.

235 340 294 373 12.
347 342 548 375 Matutinum
576 350 623 376 est
638 345 720 377 inter
742 347 930 380 abscessum
957 350 1180 394 tenebrarum,
1208 351 1273 387 et⁴²
1301 366 1440 388 aurorae
1468 356 1667 392 adventum:
1695 365 1726 393 et
1752 361 1915 396 dictumss
1942 377 2015 399 rna-

67 388 225 433 tutinum,
252 393 344 434 quod
372 393 440 427 hoc
467 399 597 439 tempus
618 396 797 431 inchoante
808 395 831 415 Ἠ
858 411 953 433 mane
980 399 1062 434 sitsi

235 442 292 477 13.
345 444 536 479 Diluculurn
575 449 669 491 quasi
708 449 773 482 iam
807 450 966 495 incipiens
1000 464 1105 497 parva
1146 455 1212 488 diei
1251 454 1351 491 lux-⁴⁶.

66 489 134 524 lem
159 495 340 537 praecedit.

1421 458 1516 492 Haec
1552 457 1620 493 εἴη
1655 474 1791 505 aurora,
1831 477 1917 510 quae
1959 480 2016 502 so-

235 546 291 578 14.
344 547 404 579 Est
431 552 542 581 autem
553 545 578 565 ⁴³
602 561 721 583 aurora
749 552 816 585 diei
828 548 852 568 ⁴⁹
879 554 1087 588 clarescentis
1125 557 1316 601 exordium,
1354 564 1387 592 et
1419 561 1545 604 primus
1572 564 1731 607 splendor
1758 568 1858 612 aeris,
1891 568 2014 613 quae⁵⁰

67 591 199 628 Graece
226 593 323 643 ij'gffl
353 599 489 642 dicitur,
529 612 631 644 quam
666 614 724 635 nos
758 615 821 648 per
854 605 1095 642 derivationem
1129 621 1283 643 auroram
1318 622 1491 655 vocamu5‚
1526 616 1620 657 quasi
1651 628 1805 652 eororam
1817 616 1851 652 ⁵².
1913 622 2012 657 L'nde

65 649 114 677 est
139 646 239 681 illud:

434 705 465 734 et
494 699 640 737 ῑαεῑιιε53
665 705 752 740 Eois
766 702 790 723 ⁵⁴

108 793 133 815 5⁵
290 750 410 785 Eurus
437 754 540 799 cquis.

65 802 97 830 et
139 810 148 832 τ

294 873 343 878 .-
369 873 421 880 .-
443 875 492 881 .-
521 875 571 882 -
598 857 765 903 ansque
790 860 893 894 acics.

597 950 626 985 C
654 952 684 985 A
711 953 749 986 Ρ.
801 954 940 990 ΧΧΧΠ.

1020 956 1091 991 De
1133 958 1483 996 hebdomada.

226 1022 454 1058 Hebdomada
489 1025 577 1060 dicta
612 1040 631 1061 a
667 1041 805 1064 numero
848 1037 976 1076 septem
1012 1032 1196 1080 dieru1n⁵⁰‚
1239 1048 1381 1080 quorum
1415 1039 1614 1084 repetitione
1654 1046 1686 1074 et
1713 1053 1840 1076 menses
1883 1049 1914 1076 et
1937 1046 2010 1078 anni

62 1075 94 1104 et
120 1074 230 1107 secula
257 1082 479 1121 per-aguntum
507 1075 599 1113 ἑπτά
626 1081 713 1114 enim
727 1078 751 1098 ⁵⁷
780 1080 908 1117 Graeci
932 1090 1059 1129 septem
1089 1084 1254 1128 ‹licu11t583
1281 1089 1369 1124 hauc
1390 1101 1449 1123 nos
1478 1092 1693 1136 septimanam
1722 1105 1889 1136 vocamus,
1917 1098 2009 1139 quasi

61 1129 189 1169 septem
216 1126 317 1160 luces.
371 1129 456 1162 Nam
485 1141 581 1163 mane
609 1131 665 1165 lux
687 1138 744 1168 est.

567 1283 596 1317 C
623 1285 654 1318 A
680 1286 718 1318 P.
772 1288 926 1321 XXXIII.

227 1355 259 1388 l.
313 1356 440 1389 Mensis
470 1358 640 1393 Graecum
671 1372 793 1396 nomen
827 1370 875 1397 est
887 1361 912 1381 ‘⁵³
941 1365 985 1399 de
1009 1366 1105 1400 lunae
1132 1369 1265 1402 nomine
1293 1374 1442 1403 tractum.

801 1134 947 1169 Octavus
975 1142 1084 1170 autem
1114 1139 1183 1173 dies
1216 1138 1341 1174 idem⁵⁵³
1367 1142 1494 1186 primus
1529 1140 1626 1185 θείω,
1661 1144 1704 1177 ad
1738 1157 1838 1189 quem
1873 1148 2008 1190 reditur,

61 1180 93 1208 et
120 1188 139 1209 a
159 1188 227 1221 quo
254 1189 362 1212 rursus
389 1180 681 1216 hebdomadarum
694 1181 718 1202 ⁶¹
746 1186 844 1219 series
870 1185 1040 1221 orditur⁵².

1005 1289 1088 1322 De
1140 1293 1498 1346 mensibus.

1496 1370 1592 1404 Luna
1628 1372 1716 1405 enim
1749 1371 1843 1421 μήνη
1872 1375 2006 1410 Graeco

60 1416 212 1438 sermone
241 1413 392 1449 vocatur,
436 1410 525 1444 unde
553 1416 584 1444 et
615 1413 707 1456 apud
733 1414 910 1448 Hebraeos
941 1429 1069 1450 menses
1096 1418 1248 1464 legitime
1261 1417 1285 1438 ‘³⁴
1312 1432 1378 1454 non
1406 1433 1446 1454 ex
1470 1423 1547 1455 solis
1573 1423 1716 1467 circulo,
1753 1425 1811 1457 sed
1842 1438 1881 1459 ex
1909 1428 2007 1462 lunae

59 1467 157 1491 cursu
185 1457 468 1503 enuine1·antur⁶⁵‚
495 1462 588 1506 quod
617 1469 665 1496 est
692 1464 735 1498 de
761 1477 847 1499 nova
878 1467 921 1500 ad
949 1480 1081 1504 novam.

57 1564 131 1593 hora
155 1566 264 1604 tegitur
289 1572 427 1597 neutrum
456 1574 500 1598 est
523 1579 639 1609 vesper.
686 1571 798 1611 Vesper
819 1574 889 1603 facit
913 1572 1010 1615 (lac.)

62 1608 187 1646 Vespere
207 1608 243 1636 ab
272 1608 345 1638 hora
369 1621 445 1639 nona
466 1613 529 1641 sole
550 1613 721 1642 descensum
747 1615 907 1646 inchoanti.
954 1619 1009 1648 Hic

57 1651 259 1679 nominativus
279 1651 509 1682 declinationem
534 1666 593 1684 non
617 1656 714 1686 habet.
745 1659 917 1696 Vesper-um,
939 1661 1009 1690 dum

55 1693 120 1722 sole
142 1693 296 1722 occidente
320 1695 382 1724 dies
408 1697 509 1726 deficit
531 1703 559 1726 et
577 1699 746 1729 declinatur
765 1712 932 1739 vesperum,
953 1715 1009 1731 re-

55 1737 144 1774 speri.
194 1737 324 1774 Vespera
346 1748 413 1767 cum
435 1740 512 1768 lucis
537 1741 650 1771 oriente
674 1753 782 1772 aurora
806 1755 868 1773 nox
894 1746 1008 1783 finitur,

54 1778 235 1807 declinatur.
259 1797 297 1802 —
321 1778 368 1822 27)
386 1782 527 1811 clausam
544 1794 590 1812 va.
615 1800 652 1806 —
676 1787 723 1821 28)
735 1789 883 1824 componit
905 1789 962 1817 Gu.
980 1792 1009 1820 2.

55 1822 85 1852 3.
129 1821 226 1849 Locus
242 1821 344 1860 Virgil.
365 1829 409 1852 est
434 1825 506 1854 Aen.
526 1826 548 1862 I,
565 1826 635 1858 374.
666 1844 708 1850 —
737 1828 783 1867 29)
798 1830 829 1857 Z.
849 1833 1009 1870 praeponit

56 1862 276 1901 Crepusculum
297 1870 353 1893 etc.
379 1882 420 1888 ——
450 1867 493 1896 Al.
523 1870 668 1898 Tenebras
684 1892 690 1897 .
708 1893 715 1900 .
730 1893 737 1900 .
761 1871 869 1901 dictas.
893 1889 935 1894 —-
961 1874 1007 1914 30)

55 1915 175 1944 crepam
193 1906 223 1934 Z.
240 1922 282 1928 --
311 1906 357 1946 31)
379 1918 479 1938 omncs
504 1911 560 1940 Gu.
580 1914 606 1942 1.
621 1915 648 1944 2.
672 1913 708 1944 al,
731 1932 769 1937 —
793 1918 837 1949 32)
863 1914 1008 1954 Intempe-

54 1949 168 1977 ctivum
192 1949 249 1977 Gu.
269 1951 296 1980 1.
318 1966 360 1971 —
382 1953 430 1988 33)
446 1953 494 1981 Sic
519 1954 575 1982 Gu.
595 1958 622 1986 1.
638 1972 679 1978 —-
703 1956 790 1995 Vulg.
814 1964 857 1986 est
872 1958 1007 1987 medium

54 1995 111 2020 etc.
133 2007 175 2012 —
198 1990 245 2029 34)
267 1992 316 2019 Sic
338 1992 396 2021 Gu.
421 1997 448 2026 1.
472 2011 510 2018 -
535 1998 590 2035 agi
608 1997 689 2026 nihil
704 1999 785 2038 vulg.
817 2018 858 2022 —
888 2003 936 2042 35)
956 2002 1005 2031 Sic

54 2033 113 2063 Gu.
131 2036 159 2066 1.
177 2049 220 2055 —
242 2036 346 2062 omnia
362 2046 466 2074 sopore
481 2050 508 2078 q.
522 2045 593 2067 sunt
610 2041 690 2079 vulg.
713 2058 755 2064 —
778 2045 823 2078 36)
841 2043 890 2072 Sic
906 2044 961 2072 Gu.
976 2048 1004 2077 1.

53 2091 95 2097 ——
117 2081 206 2104 actus
225 2076 310 2105 hum.
334 2078 416 2116 vulg.
442 2096 484 2103 —
506 2082 554 2119 37)
579 2084 771 2122 intempesta-⁹
795 2086 850 2114 Gu.
870 2090 896 2117 1.
913 2090 941 2119 2.
963 2103 1006 2109 -—

54 2119 289 2157 intempestuosa
313 2120 343 2149 Ζ.
379 2136 421 2143 -—·
457 2123 504 2161 38)
525 2123 719 2163 dignoscitur
748 2128 839 2158 Arev.
876 2133 904 2158 et
934 2129 1003 2159 edit.

53 2160 193 2192 Gothofr.
226 2179 260 2183 —
291 2165 337 2200 39)
364 2162 443 2191 unde
464 2174 558 2203 usque
587 2168 625 2196 ad
646 2168 732 2198 finem
756 2171 874 2200 articuli
898 2182 954 2202 om.
973 2173 1003 2202 Z.

51 2217 94 2225 —
123 2204 171 2241 40)
192 2205 335 2241 venisti-r,
367 2205 403 2233 id
423 2212 464 2234 est
485 2209 652 2240 inactaose.
696 2212 760 2241 Hoc
781 2218 877 2243 totum
901 2220 944 2244 est
965 2215 1002 2250 ⁸in

53 2245 110 2274 Gu.
125 2249 155 2278 2.
173 2263 215 2268 -
235 2247 282 2286 41)
298 2246 415 2276 dicitur
431 2250 487 2277 Gu-
500 2252 529 2281 2.
545 2268 584 2273 ·—
607 2252 653 2292 42)
671 2259 696 2282 et
718 2265 811 2294 usque
834 2257 871 2286 ad
886 2257 1001 2286 dictum

53 2297 111 2317 om.
136 2289 194 2318 Gu.
211 2291 240 2320 2.
264 2306 302 2311 —
327 2291 375 2329 43)
394 2291 526 2321 dicimus
541 2294 572 2324 Z.
596 2312 635 2317 —-
657 2296 706 2334 44)
725 2298 774 2326 Sic
788 2300 820 2328 Ζ,
838 2300 895 2329 Gu.
910 2303 937 2332 1.
953 2311 999 2331 va.

53 2345 91 2355 ψ-
113 2331 170 2360 Ιιοε
192 2337 320 2371 tempore
344 2334 504 2364 inchoante
524 2335 613 2368 Arev.
636 2355 674 2362 -—
704 2339 789 2380 Vulg.
817 2343 1000 2374 inchoantes.

1053 1577 1119 1606 Om.
1141 1588 1208 1608 voe.
1234 1579 1292 1608 Gn.
1310 1583 1339 1611 2.
1359 1596 1401 1601 —
1423 1581 1471 1618 45)
1489 1582 1529 1608 sit
1545 1592 1634 1609 mane
1648 1592 1695 1612 va.
1709 1599 1751 1604 —
1768 1593 1880 1612 mama-s*
1903 1586 1957 1613 Gu.
1978 1589 2003 1617 1.

1053 1637 1093 1641 —
1117 1626 1185 1648 ante
1201 1624 1342 1650 manes-it
1366 1624 1421 1652 Gu.
1436 1626 1463 1654 2.
1481 1639 1522 1644 —
1545 1625 1592 1661 46)
1616 1625 1669 1653 lux
1693 1637 1749 1654 om.
1770 1626 1801 1654 Z.
1827 1643 1867 1648 —
1899 1627 1945 1667 47)
1963 1635 2005 1656 est

1053 1663 1089 1692 al.
1118 1681 1155 1685 —
1180 1665 1228 1701 48)
1243 1666 1299 1692 Est
1318 1671 1418 1693 autfm
1441 1667 1532 1694 etiam
1555 1668 1586 1697 Z.
1612 1685 1649 1690 —
1682 1670 1729 1703 49)
1748 1668 1809 1696 dieb
1831 1680 1886 1698 om.
1909 1672 1939 1701 Z,
1967 1688 2002 1694 —

1051 1705 1098 1743 50)
1117 1705 1165 1734 Sic
1190 1706 1247 1736 Gu.
1276 1710 1301 1738 1.
1323 1725 1366 1730 —
1389 1710 1443 1747 qui
1465 1709 1547 1747 vulg.
1593 1710 1660 1739 Om.
1683 1721 1734 1740 vv.
1760 1713 1814 1750 qui
1844 1722 1938 1751 usque
1967 1714 2005 1743 ad

1052 1747 1101 1776 fin.
1119 1748 1239 1777 articuli
1262 1750 1318 1778 Gu.
1335 1753 1364 1781 2.
1390 1767 1423 1772 -
1457 1752 1507 1789 51)
1528 1763 1598 1780 eoa-5
1620 1753 1678 1781 Gu.
1702 1756 1728 1783 1.
1744 1772 1783 1777 -—
1807 1766 1874 1782 eoo-5
1896 1766 1942 1784 va.
1962 1773 2003 1780 -

1052 1793 1099 1827 52)
1123 1802 1262 1820 euroram
1281 1793 1336 1821 Gu.
1355 1796 1382 1825 1.
1400 1794 1437 1823 al.
1459 1810 1501 1817 —-
1523 1806 1628 1823 eurora
1649 1794 1688 1823 id
1707 1802 1750 1824 est
1768 1808 1871 1835 parva
1892 1799 1946 1826 lux
1964 1800 2003 1831 al,

1051 1849 1093 1855 —
1115 1835 1162 1871 53)
1182 1840 1209 1862 et
1232 1835 1334 1865 addidi
1357 1846 1372 1866 e
1394 1837 1424 1865 Z.
1457 1836 1513 1865 Gu.
1532 1840 1560 1868 1.
1582 1848 1630 1876 pr.
1653 1848 1700 1868 va.
1722 1855 1764 1861 —
1791 1841 1869 1869 lenis
1899 1842 1956 1871 Gu.
1977 1846 2003 1874 1.

1050 1892 1092 1898 —
1114 1877 1210 1905 laetos
1232 1889 1278 1917 pr.
1292 1888 1338 1908 va.
1362 1895 1401 1900 —
1425 1876 1471 1919 54)
1487 1890 1554 1908 eoos
1567 1881 1600 1910 Z.
1618 1891 1666 1910 va.
1689 1897 1731 1903 —
1754 1893 1824 1911 eoa-9
1848 1884 1904 1913 Gu.
1921 1887 1948 1917 3.
1962 1901 2004 1909 -

1050 1919 1148 1948 Locus
1162 1925 1208 1949 est
1228 1922 1302 1950 Aen.
1318 1921 1355 1958 ΙΙ,
1377 1921 1447 1953 417.
1470 1938 1512 1944 -
1538 1922 1584 1963 55)
1597 1929 1624 1951 et
1646 1934 1705 1953 om.
1720 1924 1751 1954 Z.
1767 1925 1825 1957 Gu.
1843 1929 1871 1958 1.
1894 1938 1939 1966 pr.
1957 1938 2002 1957 va.

1052 1978 1088 1983 —
1114 1968 1141 1990 et
1163 1964 1272 1992 iterum
1294 1964 1330 1992 al.
1354 1964 1410 1994 Gu.
1430 1967 1458 1996 2.
1485 1982 1524 1987 —-
1555 1966 1653 1995 Locus
1677 1972 1721 1995 est
1741 1968 1813 2000 Aen.
1829 1968 1853 2005 I,
1870 1969 1942 2002 489.
1964 1987 2000 1993 -

1047 2004 1094 2043 56)
1108 2004 1224 2033 dierum
1246 2012 1355 2045 septem
1377 2017 1423 2045 pr.
1444 2017 1491 2036 va.
1517 2024 1554 2030 --
1585 2009 1631 2049 57)
1654 2012 1732 2038 enim
1754 2021 1811 2040 om.
1837 2011 1893 2042 Gu.
1909 2016 1937 2045 2.
1959 2029 2001 2035 —

1048 2047 1096 2084 58)
1112 2047 1260 2077 dicuntur
1276 2050 1331 2086 aL,
1352 2048 1433 2077 haud
1457 2049 1548 2080 dubie
1569 2051 1660 2081 iidem
1681 2052 1751 2082 libri
1774 2054 1862 2083 etiam
1886 2056 2000 2084 Graece

1046 2089 1196 2120 exhibent.
1221 2108 1263 2114 —
1285 2090 1332 2132 59)
1348 2092 1396 2121 Sic
1417 2093 1447 2122 Z.
1464 2093 1520 2121 Gu.
1536 2096 1565 2125 1.
1578 2097 1608 2125 2.
1624 2105 1671 2124 va.
1690 2095 1740 2124 Ar.
1756 2112 1797 2118 —
1817 2096 1854 2125 id
1866 2104 1908 2126 est
1916 2099 1996 2136 vulg.

1046 2147 1086 2154 —
1109 2132 1147 2162 id
1167 2144 1268 2163 errore
1291 2135 1362 2164 edit.
1385 2134 1524 2165 Gothosr.
1550 2153 1586 2158 —
1620 2140 1665 2175 60)
1686 2144 1729 2166 est
1748 2149 1805 2170 om.
1831 2141 1886 2169 Gu.
1904 2144 1933 2173 2.
1956 2156 1994 2162 —

1045 2175 1092 2215 61)
1113 2176 1162 2205 Sic
1186 2178 1243 2205 Gu.
1268 2180 1295 2209 1.
1319 2196 1357 2201 —
1382 2177 1580 2208 hebdomadis
1603 2181 1684 2218 vulg.
1715 2198 1754 2202 —
1791 2182 1996 2211 hebdomadae

1046 2217 1102 2246 Gu.
1117 2221 1147 2251 2.
1164 2236 1203 2241 —
1227 2219 1273 2260 62)
1289 2219 1452 2249 ordinatur
1468 2232 1514 2261 pr.
1537 2238 1580 2244 —
1602 2224 1648 2259 63)
1663 2224 1713 2252 Sic
1725 2224 1781 2254 Gu.
1801 2228 1826 2256 1.
1844 2242 1877 2247 --
1891 2235 1994 2253 nomm

1044 2266 1088 2288 est
1112 2262 1263 2291 Graecum
1285 2263 1365 2301 vulg.
1411 2264 1468 2294 VV.
1492 2264 1528 2292 de
1554 2265 1646 2293 lunae
1663 2268 1781 2295 nomine
1807 2274 1937 2296 tractum
1954 2266 1990 2295 al.

1045 2312 1102 2332 om.
1125 2320 1167 2326 —
1193 2304 1238 2345 64)
1262 2304 1310 2335 Sic
1325 2307 1380 2335 Gu.
1397 2309 1424 2338 1.
1440 2323 1483 2328 —
1506 2308 1637 2346 legitimi
1652 2309 1733 2348 vulg.
1749 2325 1791 2332 ·-
1816 2309 1866 2349 65)
1888 2320 1990 2338 nume·

1043 2352 1153 2376 rantur
1168 2357 1216 2377 va.
1238 2364 1281 2371 —
1302 2351 1501 2378 nominantur
1524 2350 1581 2379 Gu.
1598 2353 1627 2383 2.

1504 2394 1577 2426 Y*
