2255 2819
236 102 312 135 620
937 101 1115 135 ISIDORI
1141 100 1322 135 HISPAL.
1350 102 1493 137 EP1SC.

235 196 410 239 Siquidem
443 194 614 237 hucusque
647 194 679 224 in
712 191 806 223 India
841 196 873 224 et
904 193 1029 226 Arabia
1062 194 1259 239 colligatum
1296 193 1499 239 reperitur¹‚
1542 198 1639 230 ramis
1673 196 1847 230 inhaerens
1873 198 1905 229 in
1940 198 2184 231 similitudinem

236 248 318 280 salis.
373 246 483 280 Omne
510 251 619 277 autem
649 243 713 274 mel
742 240 872 286 dulce²‚
900 245 958 277 sed
977 242 1132 278 sardum3
1159 258 1307 279 amarum
1330 254 1377 280 est
1403 248 1555 281 absinthii
1582 260 1690 289 causa,
1718 249 1810 282 cuius
1837 250 1935 293 copia
1963 247 2047 282 eius⁴
2071 251 2184 294 regio-

235 300 282 331 nis
315 310 394 343 apes
421 299 613 330 nutriuntur.

399 348 458 381 37.
512 347 641 378 Favum
668 345 778 378 vocari
789 341 811 386 ⁵,
835 346 911 389 quia
963 348 1152 381 comeditur
1179 349 1303 393 magia,
1341 360 1441 392 quam
1468 350 1609 394 bibitur,
1638 353 1765 396 φαγεῖν
1789 352 1875 384 enim
1898 349 2041 384 Graeci'
2069 363 2184 385 come-

235 402 314 434 dere
348 399 529 443 appellant.
584 398 685 430 Aiunt
712 394 848 430 autem⁸
875 398 1008 439 medici,
1036 405 1068 432 et
1095 401 1150 443 qui
1174 400 1216 433 de
1237 400 1459 433 humanorum
1487 414 1666 446 corporum
1693 402 1853 446 scripsere
1880 400 2030 443 naturis⁹‚
2053 404 2184 447 praeci—

233 463 366 496 pueque
394 450 541 483 Galenus
564 449 596 480 in
627 449 728 488 libris,
756 460 897 492 quorum
926 451 1038 483 titulus
1065 457 1112 483 est
1140 453 1220 498 περὶ
1248 453 1310 498 τῆς
1338 452 1510 499 σωτηρίας
1528 450 1560 495 ¹⁰,
1587 465 1768 498 puerorum
1798 460 1830 487 et
1855 455 2008 487 iuvenum
2036 466 2076 488 ac
2104 467 2183 499 per-

233 505 341 536 fectae
369 501 481 534 aetatis
508 501 654 532 virorum
682 501 926 544 mulierumque
961 514 1105 547 corpora
1132 503 1229 535 insito
1258 504 1371 536 calore
1398 504 1543 543 fervere,
1579 511 1611 537 et
1645 506 1759 538 noxios
1789 518 1857 539 esse
1885 506 1920 538 iis
1947 507 2108 539 aetatibus
2135 507 2183 540 ci-

232 555 303 594 bos,
331 554 387 596 qui
414 553 560 586 calorem
588 558 742 596 augeant,
770 553 962 596 sanitatique
977 551 998 570 ¹¹
1027 554 1217 588 conducere
1244 555 1368 599 frigida
1403 567 1558 598 quaeque
1589 557 1622 588 in
1660 569 1751 590 esum
1767 554 1790 573 ¹²
1826 569 1970 598 sumere,
2009 559 2093 590 sicut
2129 555 2183 590 e¹³

233 605 398 638 contrario
426 605 566 645 senibus,
593 604 650 647 qui
677 604 795 648 pituita
821 604 973 638 laborant
1013 611 1044 639 et
1071 606 1200 652 frigore
1216 603 1248 649 ¹⁴,
1277 607 1404 640 calidos
1415 604 1438 624 ¹5
1465 608 1559 640 cibos
1587 614 1619 640 et
1646 609 1719 641 vina
1742 613 1851 641 vetera
1869 606 1891 625 ¹²⁶
1927 609 2096 653 prodesse.

924 343 936 363 Β

885 709 1035 742 CAP.
1091 710 1138 742 lll
1234 710 1315 743 De
1362 714 1539 755 potu.

398 792 428 824 l.
483 793 579 824 Potio
606 805 624 824 a
652 793 785 826 Graeca
813 794 1015 827 derivatione
1044 792 1202 828 vocata¹⁷.
1256 797 1308 828 llli
1337 797 1424 829 enim
1453 795 1540 829 lianc
1557 793 1578 813 ¹⁸
1601 794 1715 831 πότον
1732 792 1755 812 ¹⁹
1783 796 1905 829 dicunt.

333 845 431 885 Aqua
466 845 666 887 generaliter
695 851 827 886 vocata,
864 845 955 888 quod
991 847 1183 890 superficies
1220 847 1287 880 eius
1322 848 1469 891 aequalis
1504 849 1562 887 sit,
1600 847 1678 881 hinc
1723 852 1754 880 et
1793 859 1947 890 aequora.

232 894 310 927 inde
339 899 505 927 recentem
534 895 673 929 dicimus
686 893 721 936 ²⁰,
760 897 837 939 quia
865 909 930 929 non
959 903 1005 929 est
1033 898 1119 930 utilis
1146 904 1293 941 vetusta,
1331 905 1367 932 ut
1394 900 1523 937 vinum,
1553 899 1611 932 sed
1640 900 1747 932 statim
1775 899 1904 931 sublata
1931 899 1974 931 de
1998 899 2131 931 flumine
2142 895 2180 941 ²¹,

232 951 264 978 et
292 942 425 986 fontan,
453 947 505 979 vel
533 953 648 990 puteo„
677 948 827 980 foetescit
853 949 938 981 enim
962 954 1088 982 vetusta
1104 946 1138 983 ²3.

2002 847 2111 888 Quam
2150 853 2182 880 et

1519 1005 1543 1025 ²¹
1571 1010 1635 1042 cito
1664 1010 1800 1054 repleat.
1855 1010 1934 1043 lIoc
1963 1005 2060 1049 alii²⁵‚
2089 1009 2180 1052 quod

381 1004 413 1038 2.
471 1006 588 1038 Vinum
616 1007 694 1038 inde
721 1007 858 1047 dictum,
886 1008 978 1051 quod
1008 1009 1074 1041 eius
1097 1015 1194 1053 potus
1221 1021 1318 1042 venas
1345 1010 1505 1053 sanguine

232 1067 289 1088 nos
318 1066 396 1088 cura
424 1057 545 1097 solvat,
583 1057 733 1100 Lyaeum
771 1060 953 1102 appellant.
1009 1060 1144 1093 Veteres
1179 1061 1289 1093 vinum
1324 1072 1484 1093 venenum
1521 1062 1694 1095 vocabant.
1749 1062 1818 1094 Sed
1856 1068 2033 1104 postquam
2067 1062 2180 1093 inven-

230 1115 299 1139 tum
311 1104 335 1124 ²⁸
363 1113 410 1140 est
437 1108 523 1140 virus
550 1109 691 1141 laetiferi
708 1105 732 1125 ²⁷
760 1111 847 1143 succi
863 1108 898 1150 ²⁸,
936 1110 1003 1143 hoc
1041 1113 1152 1144 vinum
1188 1118 1342 1145 vocatum
1359 1109 1394 1150 ²⁹,
1422 1113 1505 1144 illud
1535 1124 1707 1144 venenum.
1762 1112 1861 1144 [nde
1899 1119 1929 1144 et
1958 1113 2180 1155 Hieronymus

230 1159 261 1190 in
289 1159 386 1199 libro,
415 1171 514 1202 quem
540 1159 582 1191 de
613 1160 808 1204 Virginitate
836 1162 1060 1194 conservanda
1085 1161 1263 1206 scripsit⁵³⁰z
1303 1163 1578 1196 Adolescentulas
1606 1164 1688 1196 dixit
1701 1160 1722 1179 ³¹
1764 1164 1808 1195 ita
1836 1164 1945 1195 vinum
1974 1163 2097 1196 debere
2126 1163 2180 1195 fu—

230 1222 310 1254 gere
322 1207 346 1226 ³²
381 1216 416 1243 ut
445 1222 616 1250 venenum,
652 1224 692 1244 ne
717 1224 779 1255 pro
803 1213 916 1245 aetatis
944 1213 1057 1246 calore
1085 1214 1223 1246 ferventi
1236 1211 1260 1230 ³³
1287 1215 1400 1246 bibant
1427 1220 1459 1247 et
1486 1220 1631 1258 pereant.
1687 1214 1769 1247 lnde
1797 1222 1854 1256 est,
1883 1215 1974 1257 quod
2004 1215 2094 1258 apud
2125 1226 2179 1246 ve—

231 1269 315 1294 teres
346 1263 517 1295 Romanos
543 1263 687 1295 femin-ie
715 1276 779 1296 non
808 1265 983 1297 utebantur
1011 1266 1095 1304 vino,
1125 1266 1183 1298 nisi
1211 1277 1378 1298 sacrorum
1407 1278 1505 1299 causa
1533 1267 1630 1299 certis
1657 1266 1786 1299 diebus.

394 1322 427 1354 3.
482 1323 615 1355 Merum
638 1324 796 1363 dicimus,
824 1336 898 1357 cum
928 1337 1048 1368 purum
1077 1326 1187 1358 vinum
1204 1323 1227 1342 ’Ἡ
1255 1326 1487 1371 significamus.
1543 1327 1627 1358 Nam
1663 1338 1791 1359 merum
1830 1326 1987 1365 dicimus,
2021 1326 2180 1368 quicquid

230 1385 351 1417 purum
380 1379 479 1416 atque
490 1371 515 1390 ³5
541 1375 704 1407 sincerum
733 1381 799 1415 est,
822 1376 903 1409 sicut
931 1382 963 1409 et
990 1389 1110 1420 aquam
1139 1389 1281 1416 meram„
1320 1378 1404 1410 nulli
1432 1378 1543 1420 utique
1564 1378 1611 1410 rei
1645 1377 1828 1411 admixtam
1842 1375 1876 1411 ³⁰.
1928 1378 2017 1410 Hinc
2049 1383 2082 1409 et
2107 1388 2180 1409 me-

231 1425 344 1463 renda,
375 1426 467 1468 quod
482 1427 656 1469 antiquitus
679 1427 712 1458 id
729 1428 888 1471 temporis
906 1426 1048 1472 pueris3⁷
1065 1426 1266 1473 operariis³⁸,
1287 1430 1404 1472 quibus
1420 1430 1512 1473 panis
1529 1441 1637 1462 merus
1648 1426 1672 1446 ³⁹
1693 1429 1845 1470 dabatur,
1867 1434 1922 1462 aut
1939 1428 2033 1472 quod
2042 1425 2067 1445 ⁴⁰
2081 1428 2180 1460 meri-

231 1473 358 1508 dient⁴¹
389 1488 429 1508 eo
445 1474 470 1493 ⁴²
496 1483 660 1522 tempore,
688 1479 721 1510 id
751 1486 798 1512 est
825 1480 886 1511 soli
915 1491 954 1513 ac
975 1482 1151 1524 separatim
1179 1492 1255 1521 non,
1284 1486 1319 1513 ut
1334 1478 1358 1498 ⁴³
1381 1481 1412 1512 in
1440 1481 1593 1525 prandio,
1621 1486 1678 1514 aut
1703 1482 1736 1513 in
1765 1493 1880 1524 coena,
1908 1481 1951 1513 ad
1971 1491 2069 1513 unam
2085 1491 2179 1512 men-

231 1539 309 1560 sam.
364 1528 446 1560 lnde
474 1529 638 1562 credimus
665 1531 764 1563 etiam
776 1528 798 1547 ⁴¹
826 1531 909 1563 illud
934 1538 1076 1576 tempus,
1104 1533 1196 1576 quod
1225 1537 1301 1577 post
1328 1532 1475 1565 medium
1497 1533 1586 1566 diem
1606 1538 1664 1574 est,
1690 1533 1864 1566 meridiem
1882 1532 2060 1577 appellari,
2087 1531 2179 1574 qnod

230 1590 352 1623 purum
379 1579 418 1612 sit
436 1576 467 1614 ³⁵.

395 1629 429 1664 4.
484 1630 631 1664 Mustum
661 1637 707 1665 est
739 1631 876 1666 vinum⁴
1964 1631 1988 1651 ⁴⁷

879 1630 890 1650 G

925 1646 943 1667 e
976 1635 1052 1669 lacu
1087 1635 1195 1668 statim
1229 1635 1402 1668 sublatum.
1462 1634 1597 1669 Dictum
1638 1640 1748 1669 autem
1785 1635 1950 1670 credimus
2026 1638 2178 1674 mustum,

318 1713 341 1749 1)
365 1715 533 1751 reperiatur
557 1716 612 1743 Gu.
630 1718 660 1746 2.
684 1732 726 1737 —-
755 1719 781 1751 2)
805 1716 919 1745 dicitnr
942 1718 1009 1747 add.
1041 1719 1121 1756 vulg.
1145 1735 1181 1740 —
1217 1720 1310 1756 sonte
1334 1719 1379 1746 vel
1401 1719 1577 1757 aflumine.
1625 1719 1705 1746 Nam
1731 1725 1814 1747 vetus
1832 1720 1993 1757 putrcscit,
2019 1727 2094 1755 quae
2119 1728 2176 1746 om.

234 1754 300 1783 Om.
326 1756 354 1782 Z.
376 1756 433 1786 Gu.
455 1760 479 1787 1.
494 1760 522 1787 2.
547 1758 584 1785 al.
607 1774 645 1779 —
670 1761 698 1792 3)
723 1758 777 1786 ml
797 1760 898 1788 addidi
923 1772 937 1789 e
961 1763 992 1790 Z.
1019 1762 1074 1789 Gu.
1099 1765 1124 1793 1.
1143 1778 1183 1783 —-
1228 1763 1259 1790 Z.
1284 1763 1338 1789 Gu.
1359 1764 1384 1791 1.
1400 1764 1427 1792 2,
1451 1761 1501 1790 Ar.
1526 1777 1562 1782 —
1589 1759 1636 1800 21)
1660 1770 1685 1788 et
1707 1760 1846 1800 destant.
1869 1762 1926 1791 Gu.
1947 1763 1975 1792 2.
1995 1770 2041 1788 va.
2063 1776 2104 1780 —
2127 1760 2177 1794 22)

233 1794 262 1832 4)
292 1797 377 1824 illius
407 1800 463 1826 Gu.
499 1803 526 1831 2.
557 1817 590 1822 —-
626 1799 654 1838 5)
678 1802 727 1829 Sic
757 1803 788 1831 Z.
818 1804 873 1831 Gu.
900 1807 925 1834 1.
949 1807 976 1834 2.
1009 1805 1044 1832 al.
1069 1814 1114 1833 va.
1145 1819 1181 1825 —
1228 1811 1253 1832 et
1277 1804 1312 1831 (le
1326 1803 1418 1843 fonte
1441 1804 1498 1833 Gu.
1520 1806 1547 1834 1.
1573 1822 1609 1826 —-
1635 1810 1661 1831 et
1675 1805 1764 1841 sonle
1788 1806 1842 1832 Gu.
1860 1806 1888 1834 2.
1915 1820 1957 1826 —
1979 1803 2027 1831 rel
2041 1803 2127 1839 sonte
2143 1802 2175 1830 Z.

235 1838 336 1866 Fara-s·
358 1847 484 1868 vocatur
507 1843 586 1879 vulg.
610 1860 648 1864 —
668 1843 696 1880 6)
715 1846 767 1882 qai
791 1845 847 1875 Gu,
878 1849 903 1876 1.
922 1850 948 1877 2.
963 1862 999 1866 ——
1024 1844 1054 1884 7)
1072 1848 1184 1873 Graece

235 1880 291 1908 GU·
322 1884 348 1912 1·
366 1898 405 1902 -
438 1885 467 1919 8)
490 1885 537 1912 Sic
563 1887 618 1913 Gu.
640 1889 664 1916 1.
681 1889 708 1916 2.
728 1887 778 1915 Ar.
804 1898 847 1925 pr.
873 1899 918 1916 va.
946 1908 981 1911 —
1003 1891 1078 1916 enim
1104 1890 1183 1926 vulg.

234 1938 273 1944 -
288 1921 317 1961 9)
332 1926 454 1951 naturis
472 1935 528 1954 om.
545 1928 575 1955 Z.
589 1946 629 1949 -
655 1930 701 1966 10)
718 1930 766 1957 Sic
784 1932 840 1958 Gu.
862 1934 886 1961 1.
901 1933 930 1962 2.
949 1948 990 1952 -
1014 1931 1081 1970 περὶ
1100 1931 1187 1970 ὖγίας

236 1965 320 1993 Arev.
336 1981 376 1986 —-
394 1977 506 2004 neptem
522 1970 578 1999 Cu.
593 1972 621 2001 3.
640 1988 672 1991 —
694 1982 806 2009 tzeJ‘zcze
830 1975 886 2001 Gu.
912 1974 939 2004 4.
957 1991 990 1994 --
1013 1980 1044 2001 ut
1071 1975 1185 2001 Gallie-

234 2018 292 2035 nus
314 2008 371 2043 (sic
395 2009 481 2036 eliam
506 2011 561 2040 Gu.
581 2015 604 2042 1.
619 2014 663 2048 2.)
682 2016 714 2041 in
734 2015 832 2052 libris,
857 2027 985 2053 quoram
1009 2017 1121 2044 titulus
1144 2023 1185 2044 est

235 2052 265 2078 ἰη
301 2061 360 2088 quo
391 2062 513 2088 pauor.
543 2059 596 2082 cle.
629 2056 659 2083 Z.
691 2067 735 2093 pr.
767 2068 811 2086 va.
847 2074 885 2079 —-
931 2060 973 2096 ll)
1001 2061 1184 2087 sanitatem-

235 2103 292 2130 que
314 2093 344 2120 Z.
369 2103 413 2130 pr.
439 2112 476 2115 —
517 2098 561 2131 li')
586 2098 615 2123 ιἰι
640 2109 689 2124 esu
715 2099 745 2126 Z.
772 2118 805 2121 —
839 2102 871 2128 in
895 2112 986 2129 usum
1011 2103 1065 2131 Gu.
1087 2105 1111 2133 1.
1136 2113 1184 2132 va.

237 2152 274 2157 -
304 2133 349 2173 13)
373 2145 386 2162 e
409 2135 511 2163 add-idi
535 2147 549 2163 e
572 2138 602 2166 Z.
626 2139 683 2169 Gu.
709 2145 732 2170 1.
754 2151 799 2170 va.
825 2143 872 2170 Ar.
905 2159 943 2164 —
978 2148 1020 2175 14)
1041 2151 1184 2182 petpaeluo

237 2176 376 2204 laborant
392 2179 515 2215 frigore
531 2179 586 2208 Gu.
604 2183 626 2210 l.
640 2197 680 2202 —
694 2187 860 2220 per-penato
877 2186 1011 2213 laborent
1027 2193 1052 2214 el
1062 2189 1185 2225 s)·1'g‚r0re

238 2219 293 2247 Gu.
309 2222 336 2250 2.
357 2236 399 2241 —
424 2221 469 2257 15)
492 2226 516 2247 et
542 2222 659 2249 calido-v
684 2226 738 2252 Gn.
759 2229 783 2256 1.
800 2243 840 2247 ——
872 2230 917 2264 16)
933 2232 1071 2257 nec-caria
1089 2231 1119 2259 Z.
1146 2246 1182 2250 ——

240 2261 282 2299 17)
301 2261 348 2288 Sic
365 2262 396 2291 Z.
417 2262 472 2290 Gur
490 2265 516 2294 1.
532 2265 558 2292 2.
576 2274 620 2291 va.
638 2280 678 2285 —
696 2274 821 2295 vocatur
836 2270 916 2306 vulg.
938 2289 974 2293 —-
1003 2272 1046 2309 18)
1064 2273 1111 2300 Sic
1126 2273 1182 2300 Gu.

240 2307 266 2334 1.
291 2320 328 2323 —
354 2305 446 2331 Ilanc
459 2306 535 2332 enim
551 2306 600 2333 illa·
615 2307 695 2344 vulg.
714 2325 750 2329 ——
778 2312 822 2347 19)
840 2302 928 2347 [τοίω-ς
943 2314 972 2342 Ζ.
991 2315 1122 2346 Gu.1.2.
1138 2325 1182 2342 va.

238 2361 278 2366 —
313 2347 358 2381 20)
380 2347 429 2374 Sic
446 2348 475 2374 Ζ.
499 2348 554 2376 Gu.
578 2351 604 2379 1.
625 2351 653 2379 2.
680 2349 726 2377 ΑΓ,
749 2366 790 2372 —
822 2353 911 2380 llanc
935 2356 1060 2392 quidam
1082 2368 1181 2384 recell-

238 2394 295 2416 tem
317 2395 424 2417 vocant
452 2390 544 2428 vulg„
575 2400 651 2429 quae
674 2391 770 2420 addit:
801 2396 874 2431 quia
899 2398 1035 2425 relicitur
1061 2409 1139 2426 nova
1162 2411 1181 2426 ιι

1228 1853 1253 1874 et
1277 1846 1377 1875 addidi
1408 1856 1422 1874 e
1453 1845 1540 1874 codd.
1571 1863 1607 1867 -—-
1651 1848 1854 1883 23)f0etesc1?t
1880 1848 1957 1874 enim
1981 1850 2033 1873 vet.
2065 1855 2121 1874 om.
2145 1845 2175 1872 Z.

1229 1906 1268 1910 —-
1293 1891 1371 1917 mim
1395 1899 1450 1916 om.
1476 1889 1531 1918 Gu.
1550 1890 1574 1919 1.
1598 1904 1640 1909 —
1676 1891 1720 1927 94)
1745 1890 1793 1917 Sic
1816 1890 1871 1918 Gu.
1897 1892 1922 1921 1.
1946 1892 1974 1920 2.
1998 1898 2043 1916 va.
2064 1887 2114 1915 Ar.
2138 1905 2174 1909 —

1231 1943 1340 1971 sanga.
1365 1942 1428 1959 vm.
1453 1931 1529 1967 vulg.
1549 1947 1590 1952 —
1613 1942 1702 1959 renas
1726 1943 1781 1960 om.
1806 1933 1835 1961 Z.
1857 1948 1898 1954 —-
1920 1930 2091 1967 25)d1'czmt
2107 1928 2175 1958 add.

1231 1976 1285 2003 Gu.
1310 1978 1334 2005 1.
1362 1977 1388 2005 2.
1419 1989 1459 1995 —
1494 1971 1540 2009 26)
1565 1975 1705 2002 inventas
1729 1975 1783 2003 Gu.
1802 1977 1831 2006 2.
1855 1990 1896 1995 —
1930 1973 1978 2010 27)
2001 1973 2120 2010 laetifer
2143 1971 2174 1999 Z.

1238 2034 1274 2039 -—
1312 2016 1357 2053 28)
1381 2026 1491 2043 succus
1514 2016 1543 2043 Z.
1568 2017 1624 2045 Gu.
1651 2020 1676 2047 1.
1700 2020 1728 2048 2.
1754 2034 1793 2039 —
1825 2020 1870 2050 29)
1887 2022 1929 2043 est
1952 2015 2020 2044 add.
2045 2015 2173 2052 vulg.—

1230 2061 1296 2089 Om.
1321 2060 1351 2086 Z.
1383 2059 1439 2087 Gu.
1465 2062 1491 2089 1.
1510 2061 1538 2089 2.
1564 2059 1611 2087 Ar.
1643 2076 1675 2080 —
1718 2057 1765 2100 30)
1790 2059 1969 2097 conscripsit
2003 2058 2059 2086 Gu.
2083 2060 2111 2089 2.
2137 2073 2173 2076 -

1228 2103 1275 2136 31)
1299 2102 1398 2139 inquit
1422 2101 1451 2128 Z.
1476 2101 1530 2128 Gu.
1554 2105 1582 2133 2.
1607 2101 1642 2129 al.
1668 2112 1711 2131 va.
1739 2118 1780 2123 -—
1816 2100 1862 2140 32)
1879 2102 1953 2139 sug.
1980 2099 2044 2128 (leb.
2066 2109 2110 2127 va.
2133 2113 2175 2120 -—

1227 2144 1275 2182 33)
1296 2146 1434 2181 sarmit*
1464 2144 1492 2171 Z.
1526 2160 1557 2164 —-
1587 2145 1734 2181 ferventis
1767 2145 1823 2173 Gn.
1852 2147 1877 2174 1-
1904 2160 1945 2164 -
1984 2143 2031 2179 34)
2053 2142 2101 2170 Sic
2116 2141 2172 2169 Gu-

1232 2190 1256 2217 1.
1281 2203 1319 2207 ——
1344 2187 1447 2214 vinum
1469 2197 1586 2224 purum,
1609 2187 1687 2224 vulg,
1712 2203 1752 2208 —
1790 2183 1838 2225 35)
1865 2196 1902 2213 ac
1924 2186 1954 2213 Z.
1981 2201 2021 2206 —
2053 2185 2102 2221 36)
2125 2182 2173 2210 Sic

1228 2230 1256 2256 Z.
1280 2228 1336 2258 Gn.
1365 2231 1389 2258 1.
1409 2244 1449 2249 -
1481 2231 1608 2256 ηιί.ι·ίαιη
1630 2230 1712 2267 vulg.
1731 2246 1773 2250 —
1809 2228 1857 2265 37)
1876 2229 1981 2267 pueris
1999 2237 2055 2255 om.
2080 2226 2110 2253 Z.
2131 2240 2173 2246 —-—

1226 2269 1271 2308 33)
1289 2273 1438 2308 operariis
1461 2282 1518 2299 om.
1544 2272 1599 2301 Gu.
1621 2274 1646 2301 1.
1669 2288 1705 2293 —
1737 2269 1786 2311 39)
1812 2281 1968 2309 metusque
1990 2278 2034 2307 pr.
2058 2283 2097 2289 —-
2127 2267 2172 2294 40)

1226 2313 1305 2352 quid
1325 2314 1354 2342 Z.
1381 2330 1418 2334 -—
1456 2316 1503 2348 41)
1527 2313 1650 2341 meridie
1666 2315 1697 2342 Z.
1722 2314 1777 2343 Gu.
1804 2316 1829 2344 l.
1851 2316 1880 2344 2.
1903 2329 1943 2334 -
1972 2311 2019 2346 4⁹2)
2044 2310 2092 2338 Sic
2115 2309 2170 2338 Gu-

1228 2360 1254 2387 1.
1270 2358 1298 2387 2.
1322 2372 1363 2376 —
1394 2355 1493 2383 codem
1522 2357 1604 2394 vulg.
1634 2375 1670 2378 —
1713 2355 1759 2392 43)
1783 2355 1832 2383 Sic
1854 2356 1909 2382 Gu.
1936 2356 1965 2384 2.
1990 2352 2037 2380 Ar.
2060 2368 2101 2374 —-
2123 2354 2169 2379 utz'

1226 2399 1254 2426 Z.
1279 2415 1318 2419 —
1341 2409 1401 2427 non
1425 2400 1528 2437 utique
1546 2404 1580 2426 ut
1601 2399 1634 2426 ἰη
1651 2409 1700 2436 pr.
1722 2398 1811 2425 al.—
1834 2396 1919 2434 Vulg.
1941 2397 2043 2434 utique
2061 2412 2096 2416 -
2125 2394 2169 2429 44)
