2264 2830
688 92 918 130 1NST1'1',
959 91 1139 128 GRAM.
1179 90 1372 126 LIBER
1412 92 1455 127 11.

164 189 191 218 2.
216 186 334 224 Quartus
358 196 427 227 ergo
451 192 491 217 est
514 185 599 221 ordo,
627 184 670 216 ubi
699 185 816 216 secunda
848 197 965 227 persona
989 186 1045 216 lini-

98 229 169 259 tivi·
205 240 255 268 per
278 232 300 258 is
332 229 464 271 syllabam
487 229 659 264 terminatur,
691 235 716 258 ut
740 229 836 264 audio,
861 229 952 262 audis:
982 229 1045 259 bau-

99 271 159 306 rio,
182 270 289 306 bauris,
324 273 397 302 cuius
424 272 536 302 futurum
560 277 663 311 tempus
691 273 720 299 [ιο
750 278 775 301 et
805 283 847 300 am
877 272 1045 301 terminatur.

97 314 154 343 Sed
179 314 229 343 ista
253 314 409 344 dill'erentia
432 320 485 350 est,
517 314 538 343 si
562 314 648 354 prima
669 325 786 354 persona
809 314 970 344 linitix·‹›ruu1
997 313 1048 343 (¹⁰²

95 356 266 386 terminatum
290 357 401 387 verbum
424 357 545 387 invenies
569 356 644 386 buius
667 357 784 391 ordinis,
809 357 920 386 futurum
943 363 1048 397 tempus

96 409 150 438 per
170 401 200 428 bo
222 399 338 434 ell'eres,
363 406 387 429 ut
411 406 536 435 transeo,
565 399 677 434 transis,
702 398 837 432 transibo:
868 399 970 434 redeo,
995 399 1045 434 dis,

96 440 171 471 dibo.
218 442 320 472 Cetera
343 453 385 471 am
408 441 501 476 linies,
526 447 550 471 ut
575 441 678 477 bauro,
703 441 756 477 ris,
782 452 840 475 am:
864 442 970 477 numio,
994 442 1045 476 nis,

95 493 149 513 am,
196 483 361 524 lnipcrativa
390 483 475 513 facies
504 483 607 513 sublata
635 496 647 513 ε
668 483 748 514 litera
771 484 806 513 de
836 483 953 513 secunda
983 494 1045 524 per-

94 536 162 555 sona
186 526 364 561 linitivorum,
389 532 415 556 ut
439 526 535 561 audi0‚
559 526 638 560 audi,
668 527 709 556 cui
737 526 859 566 adpones
882 538 926 564 re,
957 532 983 556 et
1007 526 1045 555 sa-

94 568 154 598 cies
177 568 320 604 inlinitum,
351 574 377 598 ut
398 568 501 598 audire.
546 568 600 598 Alii
624 568 748 599 dixerunt
771 569 797 599 in
824 575 920 609 quarto
942 569 1046 599 ordinis

94 609 183 640 verbo
209 610 320 641 futurum
348 610 449 640 linitum
472 611 627 641 tantundem
657 611 727 641 inter
748 622 779 641 se
802 610 932 647 dill'erre,
963 621 1045 652 quan-

94 658 148 682 tum
172 653 198 682 in
221 652 308 682 verbo
330 653 441 683 secundi
464 653 583 689 ordinis,
609 664 669 683 nam
694 653 806 683 dicimus
828 653 926 688 adibo,
950 661 978 683 et
998 652 1046 683 uti-

95 705 158 724 nam
179 694 292 730 adeam,
323 701 348 725 et
371 706 430 725 cum
453 695 558 726 adiero.
611 695 668 725 Sed
693 696 719 725 in
739 695 792 725 hoc
815 696 929 736 amplius
951 695 1044 725 obser-

96 743 175 767 vatur
196 738 373 778 praeteritum
395 737 591 778 imperfectum,
616 738 707 768 media
729 749 742 767 e
764 738 843 768 litera
864 737 1045 768 tantummodo

94 778 233 815 detracta,
258 783 269 810 i
292 779 400 809 literam
421 781 561 820 recipere,
584 780 678 810 velut³
701 780 825 816 adibam,
849 779 1044 821 praeteribant.

94 821 165 852 Nam
190 828 215 852 ut
238 821 397 852 detrabatur
419 833 432 852 e
455 822 535 852 litera
558 830 684 864 tempore
706 822 883 863 imperfecto,
909 828 935 851 et
958 821 1045 851 l'uturo

93 864 198 894 linitivo
221 865 236 892 11
258 864 388 900 addatur,
421 865 507 905 prima
537 875 656 905 persona
684 866 743 895 eius
773 864 888 904 praebet
912 863 1044 893 observa-

92 907 210 942 tionem,
232 917 302 947 quae
326 918 376 947 per
395 918 422 936 eo
443 908 615 943 terminatur,
645 907 766 948 quamvis
788 906 906 936 set-unda
927 916 1044 947 persona

90 951 114 978 is
137 948 224 978 literis
253 949 378 979 similiter
402 949 540 989 productis
566 949 731 979 terminetur.
777 947 860 979 Cuius
887 955 975 979 autem
998 959 1042 978 or-

90 990 161 1020 dinis
184 991 217 1020 sit
238 991 365 1027 verbum,
399 991 480 1020 saeile
511 991 626 1031 intelligi
654 991 757 1031 poterit
786 1001 821 1020 ex
851 990 1043 1021 inlinitivorum

89 1032 294 1063 observatione.
339 1033 422 1064 Primi
445 1033 514 1062 enim
538 1033 641 1063 ordinis
661 1033 773 1063 verbum
792 1039 854 1062 ante
870 1034 1042 1063 novissimam

90 1074 224 1115 syllabarii
246 1087 264 1105 a
286 1076 398 1116 accipit,
430 1075 529 1104 vetut*
559 1086 669 1109 amare;
701 1075 812 1105 secundi
841 1086 853 1104 e
875 1076 1041 1116 productam,

90 1117 187 1147 velut-⁵
209 1116 329 1153 habere;
353 1117 425 1147 tertii
444 1119 461 1146 ’ὁ
477 1124 648 1158 correptam,
672 1117 769 1147 νοΙιιῑ6
789 1117 930 1153 scril›ere;
953 1118 1041 1158 quarti

89 1162 109 1196 i,
139 1159 239 1189 velut⁷
268 1160 383 1190 munire.
435 1159 527 1189 Potest
556 1166 582 1189 et
611 1160 688 1189 alias.
741 1160 772 1189 Si
803 1160 874 1189 enim
905 1160 1041 1190 secundae

88 1211 226 1242 personae
249 1201 383 1232 auferasss
405 1201 580 1231 novissimam
607 1201 715 1231 literam
740 1207 766 1231 et
798 1202 912 1231 adiicias
930 1214 972 1237 re,
1002 1203 1041 1231 l‘a-

87 1244 128 1273 cis
151 1243 297 1279 infinitiva,
321 1243 419 1273 velut⁹
447 1253 526 1279 amc,
556 1254 647 1279 amas,
676 1254 783 1278 amare;
813 1243 921 1283 babeo,
945 1244 1042 1282 babes,

86 1285 194 1316 babere
212 1286 249 1315 ¹⁰.

153 1346 182 1375 3.
207 1344 249 1374 Eo
266 1343 379 1374 verbum
395 1343 482 1384 quarti
503 1343 608 1375 ordinis
624 1351 680 1381 est,
705 1352 731 1376 et
747 1357 817 1387 quae
831 1344 845 1388 Η
862 1358 897 1378 ex
915 1357 949 1377 eo
969 1357 1041 1377 com-

88 1387 179 1428 posita
201 1392 276 1422 sunt,
301 1386 373 1416 velut
390 1388 414 1405 ¹¹
443 1397 530 1422 exeo,
559 1393 670 1418 transeo
687 1388 730 1425 ¹²,
766 1396 932 1429 praetere0‚
961 1389 1041 1425 adeo,

87 1429 177 1464 abeo,
210 1439 314 1464 veneo,
348 1429 425 1465 ineo,
460 1429 574 1470 prodeo.
624 1430 701 1461 Haec
730 1432 853 1472 quamvis
879 1431 929 1462 sint
954 1432 1042 1472 quarti

87 1471 209 1507 ordinis,
240 1477 328 1501 tamen
358 1471 520 1511 imperfecto
551 1479 675 1513 tempore
702 1485 714 1503 e
743 1483 796 1503 non
825 1474 981 1511 admittunt,
1015 1480 1042 1503 ut

87 1513 176 1550 ibam,
206 1512 327 1550 ibamus,
360 1513 485 1553 exibam,
523 1514 680 1552 exibamus,
717 1522 743 1547 et
774 1522 867 1548 cetera
881 1516 916 1547 ¹³.
974 1515 1041 1547 Item

156 1641 181 1672 1)
205 1639 297 1665 Finita
314 1639 384 1666 Edd.
399 1640 474 1672 finit.
495 1640 562 1666 cod.
588 1641 605 1668 i.
626 1650 649 1666 e.
663 1641 774 1674 finitivi.
880 1644 909 1676 2)
936 1643 978 1668 Eo
1001 1642 1039 1668 sic

85 1674 113 1700 in
132 1673 198 1700 Cod.
225 1674 366 1709 scriptum,
392 1679 421 1700 ut
444 1674 540 1700 lineola
568 1684 645 1710 supra
671 1682 805 1711 utramque
834 1676 933 1703 literam
961 1678 1040 1703 ducta

84 1713 222 1769 Z‘ipitffit'
309 1708 692 1776 53)Ufizi³iddteiji“isfi1⁰d'
773 1712 1040 1778 63³)1Jis‘Effid'v2'il}

88 1777 156 1802 eod.
193 1777 223 1802 In
242 1786 268 1802 v.
288 1779 307 1804 ἴ
326 1782 474 1811 correptam
492 1779 591 1812 signum
616 1779 779 1813 prosodicum
798 1790 812 1806 e
831 1781 898 1807 cod.
918 1781 1038 1806 accessit.

87 1813 118 1843 7)
140 1812 173 1837 Ut
193 1812 264 1837 Edd.
289 1813 363 1837 velut
385 1813 451 1838 cod.
495 1814 588 1839 Statim
611 1820 670 1840 ante
693 1815 720 1839 in
743 1815 811 1840 Edd.
835 1817 998 1848 productum
1021 1815 1038 1841 i.

87 1846 155 1873 Voc.
174 1847 337 1879 productum
356 1855 407 1872 non
431 1850 472 1872 est
496 1848 523 1873 in
542 1848 609 1873 Cod.
713 1850 743 1881 8)
764 1851 880 1882 Auferes
906 1851 987 1876 Fabr.
1008 1849 1038 1877 P.

88 1880 206 1913 accipias
224 1881 290 1906 Cod.
310 1881 363 1907 Ed.
382 1889 423 1914 pr.
493 1883 522 1914 9)
545 1883 578 1908 Ut
597 1883 666 1911 Edd.
686 1885 759 1909 velut
778 1885 845 1912 Cod.
926 1886 971 1917 10)
990 1884 1039 1909 His

87 1915 223 1941 subiunxit
246 1915 328 1941 Fabr.
356 1923 433 1948 quem
457 1916 574 1949 sequitur
596 1917 645 1942 P.:
673 1919 778 1950 πιαηῐο,
802 1919 903 1951 azanis,
926 1919 1039 1945 munire.

88 1950 122 1975 1⁷2
139 1950 217 1975 tertio
242 1950 334 1974 ordine
359 1950 454 1982 paullo
473 1951 564 1981 aliter,
589 1956 621 1977 ut
640 1953 713 1986 lego,
739 1953 820 1986 tegis,
845 1954 948 1986 lcgerc5
972 1962 1040 1987 quae

88 1984 173 2010 omnia
190 1985 341 2018 ignorantur
360 1992 375 2009 a
392 1984 457 2008 Cod.
482 1989 509 2010 et
526 1985 577 2012 Ed.
599 1995 639 2020 pr.
744 1990 788 2020 11)
811 1988 844 2013 Ut
869 1989 938 2013 Edd.
966 1989 1039 2014 velut

87 2018 155 2044 cod.
226 2019 271 2051 12)
287 2018 334 2043 His
353 2018 458 2044 subiicit
474 2018 555 2046 Fabr.
574 2028 648 2053 quem
670 2030 724 2056 seq.
743 2022 788 2047 P.:
807 2031 882 2055 coco,
899 2023 1039 2054 circumeo,

86 2054 177 2080 redeo.
249 2053 294 2085 13)
314 2053 351 2078 Et
370 2057 457 2078 cetera
476 2052 543 2078 Cod.
565 2058 590 2079 ct
608 2055 728 2082 similiter
746 2057 813 2084 Edd.
829 2058 863 2082 0.
943 2059 986 2089 14)
1004 2057 1038 2082 Ut

80 2089 185 2119 futura
209 2087 291 2112 Fabr.
311 2087 341 2114 P.
366 2091 397 2112 ut
422 2095 471 2112 om.
492 2087 557 2112 Cod.
576 2088 626 2114 Ed.
648 2099 689 2124 pr.
794 2091 837 2124 15)
859 2091 909 2117 Per
933 2092 963 2115 bo
990 2093 1037 2117 ad-

86 2120 141 2146 dita
161 2130 175 2146 e
194 2121 261 2146 Cod.
368 2121 413 2153 16)
437 2122 468 2146 In
494 2123 586 2154 quarti
610 2125 709 2150 ordinis
730 2127 820 2159 futur.
845 2127 873 2151 in
899 2134 942 2151 am
969 2126 1036 2152 Cod.

85 2155 115 2179 in
140 2157 231 2187 quarti
254 2155 354 2180 ordinis
369 2157 500 2187 futurum
523 2156 550 2181 in
578 2166 619 2182 am
644 2159 696 2185 Ed.
723 2169 764 2194 pr.
811 2161 908 2193 Quarti
936 2161 1037 2185 ordinis

81 2191 212 2228 sutorum
240 2190 268 2214 in
295 2199 337 2215 am
363 2190 445 2215 Fabr.
473 2190 505 2218 P.
551 2191 675 2218 Fortasse
700 2193 855 2228 legendum:
886 2196 915 2219 In
945 2195 1037 2226 quarti

85 2224 188 2248 ordinis
206 2226 308 2256 futuro
334 2227 401 2250 iam
426 2228 471 2249 cst.
585 2227 628 2258 17)
655 2229 706 2253 Sed
730 2238 788 2255 cum
814 2230 842 2254 in
870 2230 900 2255 bo
925 2229 994 2254 cod.
1011 2233 1036 2255 et

85 2257 156 2283 Edd.
177 2258 212 2283 Ο.
250 2259 339 2284 Abieci
358 2268 418 2284 cum
436 2259 564 2284 sententia
582 2260 727 2293 flagitante.
820 2264 863 2296 18)
882 2265 905 2288 A
924 2264 1036 2296 simplici

85 2300 115 2318 co
138 2292 219 2317 Fabr.
239 2292 269 2318 P.
298 2302 343 2319 vv.
362 2302 379 2318 α
397 2294 510 2326 simplici
527 2302 541 2318 a
555 2294 621 2320 Cod.
641 2300 668 2320 et
684 2297 736 2324 Ed.
750 2307 790 2332 pr.
811 2300 913 2324 absunt.
944 2297 1034 2323 Paullo

84 2330 145 2352 ante
164 2335 226 2351 exeo
246 2335 296 2352 una
314 2336 379 2353 voce
394 2328 517 2361 scriptum
536 2328 563 2353 in
581 2328 661 2356 Fabr.
680 2330 711 2358 Ρ.
819 2334 862 2365 19)
883 2333 932 2357 Hic
950 2333 1032 2358 inter-

83 2360 190 2396 ponitur
207 2370 221 2388 a
239 2361 320 2388 Fabr.
339 2362 371 2388 P.
396 2371 455 2388 coco
473 2361 699 2397 συνέρχομαι.
805 2367 850 2399 20)
869 2367 919 2393 His
936 2367 1034 2394 addunt

1961 95 2024 128 101

1083 184 1179 214 eadem
1204 184 1290 215 sutura
1308 185 1334 203 ¹⁴
1356 185 1518 215 linitirorum
1541 195 1592 225 per
1611 186 1642 214 bo
1659 185 1685 204 ¹⁵
1707 185 1890 222 declinantur,
1926 193 1950 216 ut
1973 187 2028 222 ibo,

1084 227 1153 263 ibis,
1185 226 1249 262 ibit,
1280 234 1305 257 et
1329 235 1422 258 cetera
1451 228 1584 257 similiter.
1627 228 1694 258 Item
1726 229 1896 270 participium
1923 230 2027 263 exiens,

1083 276 1109 299 et
1125 269 1262 307 gcnitixus
1278 271 1410 301 exeuntis.
1455 271 1551 308 Quarti
1564 270 1590 288 ω
1613 270 1716 301 ordinis
1740 272 1851 302 futurum
1875 272 1900 301 in
1917 284 1959 301 um
1975 279 2029 307 esu

1084 312 1132 341 sed
1157 312 1182 341 in
1206 314 1235 340 bu
1250 313 1276 331 ¹⁷
1297 313 1426 349 ell'crlur,
1450 313 1574 354 quotiens
1600 319 1639 343 est
1666 324 1701 344 ex
1723 325 1767 350 eo,
1789 314 1859 355 quod
1882 321 1922 344 est
1946 316 2026 349 (⁴0¹⁸,

1083 353 1259 394 πορεύομαι,
1283 361 1308 385 et
1325 366 1393 395 quae
1413 367 1446 386 ex
1471 356 1530 396 ipso
1554 355 1719 393 derivantur,
1743 368 1841 393 vene0‚
1864 356 2026 397 πιπράσκω-

1083 409 1144 436 μαι,
1168 402 1287 432 transeo,
1311 399 1541 439 ntroipzome,
1560 399 1707 435 circumeo,
1723 400 1922 440 περιέρχομαι,
1946 411 2026 431 exeo.

1082 440 1233 478 ἐξέρχομαι
1245 439 1292 477 ²⁰,
1319 448 1483 481 praetereo,
1514 442 1676 480 διαβαίνω,
1709 442 1795 478 adeo,
1822 443 2028 482 προςὲρχομαι,

1081 481 1162 516 ahco,
1186 480 1366 521 ἀπέρχομαι,
1393 485 1464 519 ineo,
1488 484 1667 522 εἶςέρχομαι,
1691 485 1812 525 prodeo,
1837 485 2027 525 προέρχομαι.

1082 525 1156 553 Finit
1178 525 1318 554 declinatio
1340 528 1411 556 verbi
1431 527 1495 556 llll
1518 528 1616 555 ordinis
1628 527 1666 558 Ἢ,

1145 567 1173 597 4.
1196 566 1282 605 Igitur
1312 578 1346 598 ex
1378 575 1491 610 quatuor
1523 569 1663 599 ordinibus
1692 569 1839 599 verborum
1867 569 2026 600 declinatio-

1080 620 1141 639 nem
1160 608 1287 639 hisariam
1307 611 1455 642 activorum
1477 618 1502 641 et
1525 612 1694 652 passivorum
1717 612 1824 652 plenam
1848 622 1899 652 per
1918 613 2029 652 species

1080 651 1260 692 digessimus,
1293 664 1327 683 ex
1350 654 1506 684 discrimine
1531 654 1597 683 eius.
1644 654 1671 683 ln
1694 655 1795 684 ceteris
1815 654 1938 684 omnibus
1966 665 2028 684 ver-

1079 693 1123 723 bis
1151 694 1261 732 [eadem
1290 697 1398 726 omnino
1428 697 1517 726 oratio
1548 696 1657 735 est²2,]
1688 708 1722 726 ne
1750 697 1781 726 sit
1811 708 1879 737 opus
1908 695 2029 736 pluribus

1080 735 1190 771 instrui,
1215 737 1285 777 quod
1308 739 1371 768 satis
1392 750 1427 769 ex
1450 739 1506 769 istis
1531 763 1536 768 .
1555 763 1560 768 .
1580 738 1628 767 .'-'³
1653 747 1848 777 coenet-*cetum
1872 739 1921 769 sed
1938 745 2028 769 tamen

1081 778 1214 818 quaedam
1245 779 1279 808 de
1313 780 1468 811 differentia
1497 780 1704 820 obser-vantome
1733 781 1911 820 collegimus,
1945 781 2028 820 ⁶:1²⁴]

1080 821 1250 860 respeximus
1272 821 1348 852 simul
1373 824 1511 863 [cuiusque
1526 823 1567 860 ²⁵]
1591 823 1695 853 ordinis
1719 823 1830 852 verbum
1842 824 1887 859 ²¹⁵,
1918 823 2026 864 quibus-

1079 873 1132 903 que
1155 863 1337 903 temporibus,
1363 872 1388 895 et
1411 866 1505 906 quales
1529 864 1701 905 [brebitates
1711 865 1740 883 ²⁷
1771 865 1918 905 recipiant,
1955 867 2028 896 iuxta

1079 912 1190 936 veteres
1213 911 1337 938 auctores
1349 908 1388 937 ²⁵.

1523 987 1585 1020 IX.

1143 1052 1171 1081 1.
1194 1050 1229 1079 Et
1251 1057 1291 1082 est
1311 1050 1390 1092 primi
1414 1050 1517 1083 ordinis
1540 1052 1669 1087 activum,
1694 1058 1818 1093 tempore
1841 1053 1944 1083 linitivo
1967 1064 2027 1094 per-

1078 1092 1158 1122 fecto.
1204 1092 1263 1122 Hoc
1286 1094 1383 1134 recipit
1407 1100 1433 1124 et
1456 1095 1578 1135 peragit,
1604 1095 1674 1135 quod
1694 1095 1852 1135 frequenter
1871 1096 1896 1125 in
1921 1106 1965 1125 usu
1989 1096 2028 1125 di-

1077 1136 1145 1165 citur
1155 1134 1201 1170 ²9,
1230 1146 1280 1176 pro
1304 1136 1433 1176 pararisti
1458 1137 1573 1176 parasti,
1598 1137 1661 1167 item
1686 1148 1786 1177 parare
1809 1148 1858 1177 pro
1882 1147 2027 1178 paravere,

1077 1184 1203 1218 pararunt
1227 1189 1277 1218 pro
1297 1184 1469 1218 paraverunt.
1515 1179 1580 1209 item
1604 1179 1868 1220 plusquamperfecto
1891 1190 2026 1220 pararam,

1079 1231 1140 1255 ras,
1165 1225 1220 1254 rat;
1244 1231 1417 1260 pararamus,
1441 1222 1521 1257 ratis,
1551 1228 1626 1256 rant;
1657 1232 1707 1261 pro
1731 1233 1911 1262 paraveram,
1936 1232 2026 1255 veras,

1079 1269 1171 1297 ver-”112
1215 1274 1425 1303 paraveramus,
1471 1264 1593 1300 veratis,
1639 1271 1741 1294 verant.
1803 1263 1869 1294 Item
1906 1265 2027 1304 optativo

1078 1304 1219 1345 perfecto,
1250 1305 1348 1335 utinam
1370 1306 1489 1345 pararini
1512 1316 1562 1347 pro
1585 1307 1739 1346 paraverim
1769 1312 1795 1337 et
1814 1313 1916 1336 cetera.
1960 1305 2028 1337 Item

1077 1346 1245 1377 subiunctivo
1277 1346 1379 1383 futuro,
1413 1360 1514 1389 parare
1543 1358 1594 1388 pro
1626 1359 1769 1389 paravero.
1823 1348 1972 1379 Praeterea
2002 1348 2028 1378 in

1078 1389 1188 1429 passivo
1211 1389 1331 1420 eiusdem
1359 1390 1463 1420 ordinis
1486 1390 1590 1420 linitivo
1621 1390 1782 1431 imperfecto
1813 1390 1949 1431 parabare
1975 1401 2026 1430 pro

1077 1431 1237 1472 par-abaris,
1272 1432 1335 1462 item
1358 1432 1446 1463 futuro
1469 1432 1607 1474 parabere
1631 1444 1682 1472 pro
1709 1433 1862 1474 paraberis.
1908 1433 1974 1463 Item
1998 1444 2025 1461 o—

1077 1474 1179 1515 ptativo
1202 1474 1340 1514 praesenti
1363 1482 1389 1505 et
1414 1476 1593 1516 imperfecto,
1624 1475 1723 1504 utinam
1746 1486 1880 1516 parat-ere
1904 1486 1955 1516 pro
1979 1486 2025 1515 pa-

1077 1516 1183 1547 rareris
1195 1516 1235 1547 ³⁰.
1281 1516 1360 1556 [Item
1382 1518 1409 1548 in
1438 1518 1542 1548 linitis-0
1565 1518 1703 1558 praesenti
1717 1518 1773 1557 ³¹‚]
1803 1526 1829 1550 et
1853 1518 2024 1558 imperatim.

1073 1643 1154 1669 Fabr.
1176 1642 1207 1670 P.
1236 1643 1314 1669 redeo
1332 1641 1542 1677 ἀνέρχομαι.
1635 1645 1681 1675 21)
1704 1644 1775 1669 Finit
1794 1643 1937 1669 declinatio
1958 1643 2025 1668 verbi

1075 1678 1132 1702 1111
1149 1678 1250 1703 ordinis
1269 1688 1282 1703 e
1302 1678 1368 1704 Cod.
1388 1683 1456 1704 suut.
1561 1680 1607 1711 22)
1625 1679 1676 1704 Pro
1696 1679 1735 1703 his
1761 1679 1866 1704 inclusis
1888 1679 1972 1703 hiatus
1990 1678 2024 1702 siff

1074 1721 1151 1745 gnum
1170 1712 1249 1738 habet
1274 1713 1326 1740 Ed.
1348 1721 1404 1746 pr.;
1432 1713 1479 1738 sed
1506 1713 1533 1738 in
1559 1713 1657 1738 Codice
1684 1713 1756 1747 plura
1786 1714 1894 1745 deesse,
1922 1712 2024 1737 notavit

1075 1747 1154 1772 Nieb.
1191 1747 1312 1773 Ceterum
1333 1747 1413 1774 Fabr.
1434 1747 1461 1772 in
1479 1748 1547 1773 notis
1566 1748 1631 1773 Mss.
1651 1748 1780 1773 correxit:
1811 1749 1899 1773 eadem
1919 1747 2024 1771 omnino

1076 1781 1144 1806 ratio
1170 1786 1224 1810 cst;
1251 1782 1277 1807 in
1304 1782 1344 1808 cd.
1371 1790 1433 1807 vero
1460 1783 1545 1808 oratio
1570 1791 1729 1816 expressum.
1834 1783 1880 1814 23)
1906 1782 1936 1807 In
1956 1782 2022 1805 Con*-

1075 1816 1117 1841 hic
1140 1816 1204 1841 duas
1230 1816 1270 1841 vel
1295 1821 1347 1842 tres
1374 1816 1462 1842 literas
1486 1817 1640 1847 evanuisse,
1670 1816 1769 1842 notavit
1794 1816 1873 1843 Nieb.
1919 1816 1948 1839 In
1969 1815 2020 1839 Ed.

1073 1859 1115 1884 pr.
1136 1850 1199 1875 nihil
1218 1851 1390 1877 desideratur.
1485 1853 1529 1884 24)
1552 1851 1593 1876 De
1612 1851 1824 1885 differentiarum
1844 1850 2023 1876 obseruatione

1073 1885 1231 1919 collegimus
1249 1890 1273 1911 et
1299 1886 1380 1911 Fabr.
1400 1885 1430 1911 P.
1458 1894 1489 1911 ex
1509 1886 1687 1912 emendatione
1710 1886 1789 1911 Fabr.
1819 1886 1851 1911 de
1870 1884 2023 1917 differentia

1074 1920 1220 1944 observatio
1238 1920 1371 1953 (sequitur
1388 1919 1486 1951 hiatus)
1507 1921 1572 1946 Cod.
1599 1920 1650 1945 Ed.
1669 1928 1710 1954 pr.
1815 1922 1860 1949 25)
1882 1920 1913 1943 V-
1933 1919 2021 1943 cuius*

1075 1963 1126 1987 que
1144 1953 1230 1979 delere
1248 1954 1320 1980 iubet
1338 1963 1352 1979 e
1371 1955 1436 1981 Cod.
1458 1955 1555 1985 Nieb.;
1585 1955 1658 1980 adest
1682 1954 1708 1978 in
1734 1955 1803 1980 Edd.
1823 1963 1862 1988 pr.
1889 1954 1968 1978 F'abr.
1989 1952 2020 1978 Ρ.

1074 1989 1120 2020 26)
1139 1989 1191 2013 Hic
1209 1989 1382 2022 interponitur
1400 1998 1414 2014 a
1434 1990 1513 2017 Fabr.
1535 1990 1563 2014 P.
1589 1990 1684 2022 quibus
1704 1989 1800 2021 modis,
1828 1997 1894 2022 quae
1918 1997 1932 2013 e
1952 1987 2019 2011 Cod.

1074 2023 1162 2048 delere
1191 2023 1264 2049 iubet
1290 2023 1368 2049 Nieb.
1421 2024 1450 2049 In
1479 2024 1529 2051 Ed.
1559 2033 1599 2058 pr.
1629 2024 1721 2048 absunt
1750 2024 1805 2049 sine
1836 2028 1895 2048 uota
1925 2022 2020 2047 hiatus.

1073 2058 1120 2089 27)
1140 2058 1220 2083 Vocis
1238 2058 1378 2083 brevitates
1396 2057 1422 2083 in
1442 2058 1507 2086 Cod.
1534 2063 1588 2084 tres
1607 2058 1707 2092 primae
1733 2058 1825 2083 literae
1851 2062 2019 2082 evanuerunt.

1073 2091 1142 2117 Tum
1168 2092 1279 2125 recipiat
1305 2101 1352 2126 pro
1379 2093 1508 2126 recipiant
1532 2094 1611 2118 Fabr.
1637 2092 1667 2117 P.
1773 2093 1819 2125 28)
1845 2092 1895 2117 Hic
1925 2097 2017 2128 novum

1073 2131 1151 2161 caput
1168 2126 1297 2160 incipiunt
1314 2127 1396 2153 Fabr.
1416 2127 1446 2152 Ρ.
1484 2128 1573 2161 Pergit
1591 2127 1641 2153 Ed.
1662 2135 1701 2160 pr.
1720 2127 1776 2152 sine
1796 2125 2018 2162 interpellationef

1073 2165 1210 2193 auctores,
1243 2166 1267 2187 et
1298 2166 1335 2187 est
1364 2162 1446 2195 primi
1477 2163 1576 2187 ordinis
1601 2166 1663 2188 cett.
1710 2161 1906 2195 Inscriptiouem
1937 2157 2018 2181 Prlrm

1072 2196 1173 2221 ordinis
1200 2204 1275 2230 seqq.
1303 2205 1382 2230 supra
1408 2197 1495 2230 posuit
1524 2197 1605 2222 Fabr.
1633 2204 1707 2229 quem
1735 2205 1789 2228 seq.
1817 2195 1847 2218 P·
1894 2192 1923 2231 It}
1949 2191 2015 2231 φοί]-

1071 2238 1164 2256 novum
1184 2237 1262 2264 caput
1284 2230 1341 2256 sine
1364 2231 1533 2265 inscriptione
1557 2231 1649 2264 incipit
1673 2231 1722 2255 sic:
1745 2231 1789 2253 Et
1807 2230 1955 2264 esf-primi
1974 2235 2016 2250 or-

1071 2264 1149 2289 dinis.
1247 2266 1292 2297 29)
1314 2265 1421 2291 Dicitur
1441 2266 1551 2292 accessit
1568 2275 1582 2291 e
1602 2265 1668 2290 cod.
1771 2262 1818 2293 30)
1840 2261 1946 2286 L'tinam
1964 2269 2015 2294 1²11·

1059 2299 1141 2323 «raris
1163 2307 1214 2332 pro
1239 2301 1380 2333 paraveris
1403 2300 1471 2326 Edd.
1491 2301 1526 2328 Ο.
1554 2301 1656 2325 utinam
1680 2304 1808 2329 perurere
1828 2304 1878 2329 pro
1902 2305 2015 2329 parare-

1070 2334 1106 2357 ris
1131 2333 1196 2358 Cod.
1300 2335 1346 2366 31)
1365 2334 1451 2360 Verba
1471 2335 1544 2360 uncis
1564 2333 1661 2358 inclusa
1679 2330 1815 2355 secundum
1837 2330 1904 2356 (sod.
1927 2330 2015 2355 delere

1068 2368 1140 2394 iubet
1158 2368 1237 2396 Nieb.
1272 2368 1325 2395 Pro
1343 2369 1375 2395 iis
1393 2368 1509 2396 lacunam
1527 2366 1652 2393 indicavit
1670 2365 1721 2391 Ed.
1740 2373 1779 2398 pr.
1806 2373 1881 2398 quam
1900 2365 2015 2398 explevit
