2264 2830
827 71 1074 109 ORIGINUM
1101 78 1247 115 LIBER
1272 83 1330 117 lv.
1986 99 2059 133 1³7

478 171 628 208 CAP.
683 174 742 206 111.
799 174 867 208 De
920 177 1307 218 inventoribus
1363 185 1685 225 Medicinae.

271 243 300 276 l.
355 246 547 282 Medicinae
574 255 683 283 autem
713 252 789 284 artis
813 257 929 286 auctor
955 266 994 288 ac
1021 264 1173 300 repertor
1203 262 1296 306 apud
1325 262 1475 297 Graecos
1503 266 1700 309 perhibetur
1729 271 1867 314 Apollo,
1921 275 2018 311 Hanc
2030 274 2054 294 ²⁵

100 292 189 326 lilius
218 295 287 328 eius
315 298 533 344 Aesculapius
561 302 660 334 laude
682 303 734 335 vel
747 300 770 319 ²⁰
801 315 905 348 opere
933 307 1193 350 aniplilicavit²⁷.

265 346 299 382 2.
350 350 418 383 Sed
447 358 623 395 postquam
652 354 797 387 fulminis

100 406 151 427 ars
178 396 273 430 simul
303 411 378 434 cum
407 408 542 437 auctore
570 405 710 443 defecit,

99 449 238 481 taxerxis
264 452 351 496 regis
377 454 562 492 Persarum.

98 499 204 533 insula
228 501 312 535 Coo.

450 600 478 634 C
506 602 536 634 A
564 603 601 635 P.
655 604 711 637 lv.

263 671 294 706 l.
348 675 393 708 Hi
418 675 563 721 itaque³¹
598 683 663 713 tres
695 681 751 713 viri
780 683 919 717 totidem
953 685 1107 721 haereses
1142 689 1344 725 invenerunt.

96 720 272 765 Apolline,
298 736 384 769 quae
412 730 558 763 remedia
585 737 729 766 sectatur
757 738 788 766 et
801 731 825 751 ³²
849 738 1002 771 carmina.

96 824 129 856 i‹l
159 831 205 859 est
233 829 401 863 rationalis
414 829 453 875 ³⁸,
482 834 612 867 inventa
638 836 680 868 ab
708 837 930 882 Hippocrate.

262 879 296 912 2.
348 882 411 916 Iste
439 885 524 917 enim
551 885 700 920 discussis
727 893 894 931 aetatum,
926 892 1119 936 regionum,
1158 897 1211 929 vel
1239 899 1487 943 aegritudinum
1499 897 1524 917 ³⁵

756 941 920 986 Empirici
945 945 1032 977 enim
1044 942 1069 961 ³⁷

95 928 335 965 rationabiliter
359 942 582 978 perscrutatus
610 944 657 971 est
669 936 703 973 ³¹⁵.

832 356 898 390 ictu
926 359 1147 404 Aesculapius
1175 364 1313 407 interiit,
1351 366 1524 400 interdicta
1560 370 1663 403 fertur
1690 372 1848 406 medendi
1876 386 1975 419 cura,
2021 385 2053 413 et

754 407 914 451 latuitque
944 421 1006 453 per
1033 423 1135 446 annos
1169 413 1293 459 pene²⁶
1333 417 1532 462 quingentos
1566 433 1670 464 usque
1703 424 1745 456 ad
1781 425 1951 471 tempus²⁹
1984 430 2051 463 Ar-

617 457 716 491 'I‘unc
744 471 817 492 eam
854 463 1023 496 revocavit
1053 463 1121 496 ἰιι30
1153 467 1263 501 lucem
1291 468 1518 513 Hippocrates
1545 473 1704 519 Asclepio
1734 482 1829 521 patre
1861 479 1992 526 genitus
2019 484 2051 515 iu

793 606 856 640 De
895 608 1044 643 tribus
1084 611 1354 648 haeresibus
1398 616 1691 653 Medicorum.

1399 693 1511 726 Prima
1539 693 1740 730 Methodica
1770 698 1901 734 inventa
1934 708 1981 735 est
2005 704 2048 737 ab

1056 740 1213 774 Secunda
1237 744 1426 788 Emphica,
1454 745 1488 777 id
1512 751 1559 778 est
1587 748 1884 794 experientissima,
1914 753 2047 788 inventa

97 779 145 805 est
168 774 209 806 ab
236 776 457 823 Aesculapio,
484 793 570 825 quae
596 794 662 816 non
689 785 887 819 indiciorum
917 790 1036 834 signifi,
1071 792 1128 824 sed
1157 794 1234 827 solis
1262 801 1389 828 constat
1417 797 1651 842 experimentis
1665 796 1699 834 ³³.

1760 802 1876 836 Tertia
1904 804 2047 850 Logica,

1560 902 1794 945 qualitatibus,
1829 906 1906 938 artis
1929 918 2043 941 curam

1096 949 1333 992 evperientiam
1361 952 1467 984 solam
1499 958 1682 987 sectantur:
1716 955 1840 1000 Logici
1868 960 2043 1002 experien-

95 980 160 1013 tiae
186 982 344 1017 rationem
373 987 574 1033 adiungunt:
600 990 793 1026 Methodici
820 1005 881 1028 nec
909 995 1150 1032 elementorum
1178 1001 1338 1036 rationem
1360 1004 1555 1046 observant,
1583 1017 1646 1040 nec
1661 1011 1834 1052 tempora,
1863 1021 1925 1044 nec
1953 1017 2042 1044 aeta·

94 1035 159 1073 tes,
187 1044 249 1068 nec
275 1035 439 1080 causas³⁸,
464 1040 523 1073 sed
550 1042 635 1074 solas
662 1044 857 1078 morborum
885 1048 1089 1082 substantias.

539 1135 567 1169 C
596 1137 625 1168 A
653 1137 690 1170 P.
745 1137 784 1171 V.

859 1139 930 1173 Dc
983 1148 1221 1187 quatuor
1274 1147 1602 1184 humoribus.

262 1204 293 1240 l.
347 1208 476 1242 Sanitas
504 1217 552 1244 est
578 1213 747 1257 integritas
775 1217 926 1259 corporis
954 1222 987 1250 et
1011 1222 1231 1263 temperantia
1255 1228 1391 1258 naturae
1422 1236 1462 1258 ex
1490 1226 1601 1259 calido
1624 1232 1657 1259 et
1684 1226 1844 1270 humido,
1880 1230 1972 1273 quod
1995 1237 2043 1264 est

93 1255 241 1298 sanguiS‚
270 1258 358 1291 unde
380 1265 412 1292 et
437 1262 555 1295 sanitas
578 1263 667 1297 dieta
695 1270 759 1305 est,
787 1268 880 1308 quasi
907 1269 1074 1313 sanguinis
1100 1276 1209 1305 status.

257 1308 291 1342 2.
344 1310 460 1343 Morbi
486 1315 636 1357 generali
663 1316 830 1349 vocabulo
867 1328 981 1351 omnes
1010 1321 1179 1364 passiones
1214 1326 1366 1368 corporis
1406 1327 1629 1370 continentur,

93 1356 246 1389 morbum
276 1362 544 1405 nominaverunt,

91 1406 181 1440 lnter
206 1411 375 1445 sanitatem
397 1420 509 1448 autem
533 1421 565 1448 et

91 1459 273 1494 sanitatem.

1672 1328 1766 1371 quod
1807 1329 1884 1363 inde
1912 1337 2041 1367 veteres

578 1371 613 1398 ut
639 1366 710 1410 ipsa
735 1368 963 1412 appellatione
990 1373 1104 1405 mortis
1132 1375 1217 1415 vim,
1252 1388 1339 1419 quae
1367 1389 1405 1409 ex
1434 1389 1474 1411 eo
1486 1375 1511 1394 ³⁹
1543 1379 1703 1420 nascitur,
1733 1380 2041 1420 demonstrarentffl.

590 1418 746 1451 morbum
767 1420 877 1452 media
904 1427 953 1454 est
973 1424 1117 1466 curatio,
1139 1437 1226 1468 quae
1253 1428 1311 1460 nisi
1338 1430 1457 1462 morbo
1482 1435 1663 1475 congruat,
1684 1441 1751 1463 non
1778 1432 1967 1476 perducit⁴¹
1997 1437 2039 1468 ad

256 1513 289 1546 3.
342 1514 456 1549 Morbi
467 1513 492 1533 ⁴²
519 1529 633 1551 omnes
661 1531 700 1552 ex
729 1526 872 1564 quatuor
898 1530 1075 1557 nascuntur
1101 1526 1299 1561 humoribus
1310 1526 1350 1569 ⁴³,
1378 1530 1411 1562 id
1440 1535 1488 1564 est
1515 1542 1554 1563 ex
1582 1533 1741 1576 sanguine
1768 1540 1799 1566 et
1831 1535 1927 1578 felle,
1968 1549 2040 1571 me-

90 1561 257 1596 lancholia
285 1569 318 1596 et
347 1566 555 1612 phlegmate.

85 1772 163 1800 tuor
189 1769 370 1816 elementa,
398 1785 484 1817 quae
510 1784 705 1811 conservant
732 1790 876 1824 corpora
902 1788 1022 1816 nostra.

86 1879 132 1911 16)
155 1877 287 1907 Caelium
304 1880 493 1912 Aurelianum
516 1884 577 1913 sere
600 1887 734 1925 sequitur
754 1888 784 1917 in
802 1888 859 1918 hoe
883 1890 968 1920 libro.
992 1908 1033 1913 ——

85 1918 132 1959 17)
154 1920 239 1958 Vulg.
258 1927 284 1949 et
300 1929 409 1962 potua,
431 1925 484 1954 sed
499 1932 525 1954 et
542 1938 598 1956 om.
616 1930 672 1960 Gu.
690 1933 715 1961 1.
738 1947 781 1952 —
808 1936 847 1967 18)
872 1934 920 1961 Sic
937 1934 994 1963 Gu.
1007 1937 1034 1966 1.

84 1961 172 2001 Vulg.
189 1963 243 1992 cib.
265 1969 290 1991 et
305 1971 416 2004 potus,
440 1974 554 2007 tegmen
575 1977 601 1998 et
625 1974 767 2011 regimen.
790 1974 840 2003 Ar.
858 1981 883 2003 et
896 1982 1033 2015 tegumen

84 2005 193 2034 omisso
209 2011 332 2044 tegmen.
354 2025 395 2029 —
417 2013 459 2048 19)
482 2011 531 2040 Sic
551 2014 606 2042 Gu.
619 2018 643 2046 1.
668 2015 756 2054 Vulg.
779 2018 918 2057 Denique
935 2019 1034 2058 defen-

84 2050 132 2086 {⁹²⁵0
146 2050 243 2076 omnis
267 2055 357 2088 atque
370 2062 452 2079 num.
475 2070 516 2075 —
538 2054 587 2096 20)
596 2068 615 2084 α
634 2058 736 2087 addidi
750 2069 764 2088 e
780 2059 837 2090 Gu.
850 2064 875 2091 1.
899 2079 939 2083 -—
962 2068 1034 2090 tcm-

78 2093 264 2130 peramentis
278 2092 314 2120 al.
328 2110 368 2115 —
392 2095 440 2132 2¹)
464 2096 511 2124 Sic
528 2098 584 2126 Gu.
600 2102 626 2130 1.
641 2101 678 2130 al.
695 2117 735 2123 -
759 2105 938 2132 aestimatur
953 2105 1032 2143 vulg.

82 2149 125 2156 —-
145 2133 193 2171 22)
216 2135 249 2162 in
271 2136 404 2163 multum
427 2138 525 2170 Gu.2.
556 2158 590 2162 —
618 2144 667 2179 23)
690 2144 738 2172 Sic
757 2145 812 2175 Gu.
830 2149 856 2178 1.
874 2149 902 2177 2.
926 2157 972 2175 va.
995 2148 1032 2177 al.

81 2191 124 2198 —
146 2175 289 2205 mediocri
306 2179 387 2217 vulg.
410 2197 449 2202 --
473 2179 520 2220 24)
543 2186 641 2212 omni-5
660 2185 696 2215 al.
715 2197 771 2217 om.
794 2204 836 2210 —
858 2189 906 2227 25)
929 2202 966 2218 ac
991 2190 1029 2220 al.

81 2234 122 2240 —-
144 2221 189 2254 26)
209 2225 235 2247 et
253 2220 291 2250 al.
314 2238 353 2243 —
377 2219 425 2263 27)
449 2223 497 2251 Sic
515 2225 570 2253 Gu.
590 2229 616 2257 1.
638 2243 679 2249 —
703 2231 865 2268 ampliat-it
882 2233 963 2271 vulg.
987 2248 1029 2255 -—·

79 2258 128 2301 28)
143 2261 180 2290 al.
195 2272 253 2290 om.
271 2262 306 2291 31.
317 2264 384 2300 fere
398 2281 438 2285 —
456 2267 548 2304 petiit
564 2278 620 2306 pro
639 2269 746 2307 defecit
761 2283 809 2303 va.
825 2290 867 2296 —
889 2276 941 2311 29)
957 2282 1028 2304 tem-

74 2312 154 2340 pora
166 2304 203 2333 al.
227 2322 265 2326 —-
289 2306 326 2336 al.
348 2317 456 2337 annos.
480 2325 521 2330 —
542 2309 592 2350 30)
614 2313 645 2339 in
668 2323 724 2352 pro
750 2315 794 2343 ad
813 2317 869 2345 Gu.
887 2320 915 2350 1,
933 2321 962 2350 2.
986 2334 1027 2340 --

78 2344 125 2384 31)
150 2347 198 2374 Hi
220 2347 323 2376 addidi
345 2359 361 2378 e
384 2350 439 2379 Gu.
458 2353 484 2382 1.
499 2354 528 2383 2.
550 2370 591 2374 —
613 2353 659 2394 32)
683 2366 720 2383 ac
743 2368 835 2386 earm.
865 2360 920 2390 Gu.
939 2364 967 2394 2.
987 2377 1023 2382 -—

119 2394 287 2427 Grumum.
307 2408 373 2429 LA‘r.
389 2400 438 2430 111.

608 1571 659 1603 Ex
674 1567 699 1588 ⁴⁴
725 1573 802 1617 ipsis
829 1574 915 1607 enim
943 1582 1106 1621 reguntur
1136 1579 1223 1621 sani,
1259 1592 1298 1614 ex
1332 1581 1409 1625 ipsis
1437 1582 1616 1616 laeduntur
1652 1584 1782 1617 infirmi.
1838 1586 1927 1620 Dum
1952 1590 2037 1623 enim

88 1613 233 1657 amplius
257 1622 347 1649 extra
383 1629 514 1653 cursum
548 1622 709 1655 creverint
744 1623 933 1667 naturae⁴⁵‚
975 1629 1201 1673 aegritudines
1241 1632 1376 1666 faciunt.

88 1664 271 1707 elementa,
296 1667 342 1703 sic
369 1675 401 1703 et
427 1677 571 1714 quatuor
597 1673 772 1717 humores,
807 1682 839 1709 et
864 1680 1086 1723 unusquisque
1113 1682 1237 1714 humor

86 1727 175 1758 rem,
202 1717 340 1752 cholera
366 1722 495 1767 ignem,
521 1725 749 1759 melancholia
775 1732 914 1771 terram,
935 1730 1100 1777 phlegma
1125 1745 1258 1777 aquam.

1442 1633 1537 1668 Sicut
1571 1632 1718 1669 autem46
1752 1642 1896 1680 quatuor
1930 1638 2039 1674 sunt⁴⁷

1262 1696 1356 1718 suum
1384 1685 1587 1718 elementum
1621 1687 1786 1721 imitatur:
1820 1692 1954 1735 sanguis
1981 1704 2037 1725 ae—

1311 1737 1356 1770 Et
1383 1742 1456 1770 sunt
1482 1743 1625 1782 quatuor
1646 1739 1824 1781 humores,
1852 1742 1935 1777 sicut
1952 1756 2037 1788 qua—

1077 1896 1122 1932 33)
1147 1905 1239 1933 emper.
1259 1903 1353 1927 const.
1371 1898 1465 1930 Gu.2.
1488 1914 1530 1919 —
1552 1897 1598 1938 34)
1622 1899 1671 1928 Sic
1695 1901 1751 1929 Gu.
1772 1905 1796 1932 1.
1811 1904 1839 1934 2.
1857 1912 1903 1933 va.
1920 1904 1971 1932 Ar.
1993 1921 2031 1926 —

1077 1934 1125 1976 35)
1153 1938 1201 1965 vel
1218 1939 1450 1977 infirmitatibus
1464 1951 1509 1980 pr.
1535 1956 1574 1963 —
1599 1943 1646 1970 rel
1666 1943 1884 1981 infirmitatum
1913 1956 1961 1976 va.
1992 1963 2033 1969 —

1077 1979 1126 2017 36)
1149 1980 1186 2008 31.
1206 1982 1441 2020 infirmitatum,
1461 1994 1515 2021 per
1533 1995 1625 2022 quam
1642 1996 1774 2024 causa-5,
1797 1990 1916 2016 ratione
1935 1988 2031 2017 adhi-

1077 2021 1143 2050 bita
1151 2031 1368 2063 perscrutetur,
1391 2037 1497 2054 clm-um
1510 2027 1737 2057 rationabiliter
1746 2037 1965 2068 perscrutata-s·
1979 2038 2030 2061 est.

1075 2062 1124 2105 37)
1147 2066 1195 2094 Sic
1220 2067 1275 2095 Gu.
1294 2072 1320 2100 1.
1337 2071 1365 2100 2.
1382 2079 1428 2108 pr.
1443 2079 1490 2099 va.
1511 2068 1560 2098 Ar.
1583 2086 1625 2092 —
1645 2083 1714 2110 ergo
1734 2073 1814 2111 vulg.
1842 2090 1878 2095 —
1908 2072 1956 2114 38)
1979 2086 2029 2103 nec

1075 2117 1188 2136 causas·
1203 2109 1239 2137 31.
1256 2121 1313 2139 om.
1332 2128 1373 2132 ——
1396 2112 1444 2150 39)
1467 2112 1515 2140 Sic
1532 2112 1587 2142 Gu.
1605 2116 1632 2143 1.
1649 2116 1676 2144 2.
1693 2125 1738 2145 va.
1759 2116 1808 2144 Ar.
1832 2135 1870 2139 -—
1895 2128 1929 2145 etz
1949 2118 2026 2155 vulg.

1073 2164 1116 2171 ——
1138 2152 1187 2189 40)
1211 2153 1259 2180 Sic
1282 2154 1338 2182 Gu.
1355 2157 1381 2186 1.
1398 2156 1428 2185 2.
1449 2164 1496 2184 va.
1527 2155 1573 2184 Ar.
1596 2172 1638 2178 —
1660 2156 1859 2186 demonstrent
1884 2160 1961 2197 vulg.
1987 2178 2023 2182 —

1073 2190 1120 2230 41)
1142 2193 1191 2223 Sic
1209 2195 1263 2223 Gu.
1280 2199 1308 2227 1.
1323 2199 1351 2227 2,
1366 2206 1411 2226 va.
1430 2197 1477 2225 Ar.
1498 2213 1540 2218 —
1556 2198 1703 2236 producit
1719 2200 1799 2239 vulg.
1811 2218 1852 2223 —
1874 2203 1922 2239 42)
1939 2202 2022 2239 Vulg-

1072 2235 1142 2264 add.
1166 2239 1260 2275 enim,
1288 2239 1368 2277 quod
1387 2249 1442 2268 om.
1458 2240 1514 2270 Gu.
1535 2243 1562 2271 1.
1576 2243 1606 2272 2.
1630 2259 1672 2263 -
1693 2242 1740 2281 43)
1763 2243 1846 2272 llum.
1867 2255 1949 2272 nasc.
1967 2244 2020 2271 Gu.

1070 2279 1099 2308 2.
1123 2296 1161 2301 —
1188 2280 1239 2319 44)
1262 2282 1309 2309 Ex
1322 2282 1397 2320 ipsis
1412 2292 1506 2321 usque
1522 2283 1559 2312 ad
1574 2285 1690 2323 infirmi
1705 2296 1762 2315 om.
1778 2286 1827 2315 Ar.
1852 2302 1891 2307 —
1914 2284 1959 2326 45)
1974 2287 2020 2313 Sic

1071 2320 1126 2348 Gu.
1145 2324 1171 2352 1.
1193 2341 1234 2344 —
1258 2330 1321 2355 nat.
1338 2335 1414 2353 crev.
1433 2325 1516 2363 vulg.
1544 2343 1579 2347 —
1613 2325 1660 2367 46)
1683 2328 1732 2356 Sic
1750 2328 1799 2356 Ar.
1819 2329 1857 2357 al.
1880 2344 1920 2350 —
1941 2329 2018 2355 enim

1069 2362 1148 2402 vulg.
1173 2382 1206 2386 —
1228 2365 1275 2407 47)
1299 2373 1369 2396 sunt
1388 2367 1490 2397 addidi
1508 2378 1523 2397 e
1539 2369 1595 2398 Gu.
1616 2373 1642 2401 1.
1657 2373 1684 2402 2.
1701 2370 1735 2400 31,
1754 2380 1800 2408 pr.
1818 2380 1862 2398 va.

1549 2421 1574 2454 S
