2203 2829
156 98 231 132 264

856 90 1034 125 lSlDORl
1061 89 1242 123 HlSPAL.
1269 89 1412 123 EPISC.

326 187 382 220 16.
435 185 506 220 Sed
539 183 702 228 originem
733 194 844 215 rerum
880 185 1015 226 atomis,
1052 184 1086 216 id
1123 189 1170 217 est
1204 184 1435 218 insecabilibus
1470 195 1510 218 ac
1543 185 1656 218 solidis
1690 186 1887 230 corporibus
1920 187 2109 232 assignavit,

158 253 302 287 quorum
334 238 477 272 fortuitis
512 234 782 270 concursionibus
816 233 948 268 omnia¹
984 242 1160 269 nascantur
1197 242 1229 269 et
1262 242 1336 268 nata
1372 236 1445 271 sint.

159 305 278 339 agere:
305 290 415 324 omnia
442 293 592 323 constare
619 287 834 330 corporibus:
862 288 1006 320 animam
1033 287 1114 320 nihil
1142 288 1234 321 aliud
1262 300 1348 329 esse,
1377 299 1477 331 quam
1504 299 1636 333 corpus.

159 357 236 388 ero,
258 337 469 390 postquam*
496 342 651 371 mortuus
666 337 788 382 fuera

325 395 381 427 17.

159 448 311 481 hibentes
349 449 476 477 tantum
513 442 713 486 genitalibus
754 442 911 486 tegmina.

158 499 238 533 nudi
265 491 517 531 exercerentur8
543 494 576 526 in
611 505 752 538 campe,
796 494 850 526 ubi
877 494 1038 538 pudenda
1066 494 1137 527 sola
1171 499 1298 527 tantum
1332 490 1388 526 se⁹
1422 495 1587 539 operiunt.

157 550 327 585 cohibent.

326 598 381 632 18.
435 597 611 642 Theologi
639 602 749 630 autem
778 597 879 630 iidem
903 602 994 637 sunt,
1035 597 1092 640 qui
1120 601 1152 630 et
1187 596 1330 641 Physici.

836 650 988 690 Quorum
1012 650 1101 681 varia
1129 655 1258 682 constat
1285 649 1417 692 opium,
1445 649 1526 692 quid
1555 650 1645 682 Dens
1668 656 1766 691 esset,
1795 651 1876 684 dnm
1900 659 2108 695 quaererent.

156 652 326 698 scripturis
354 652 419 684 suis
446 650 489 682 de
516 650 590 682 Deo
619 650 780 684 dixerunt.

1505 235 1687 270 Asserunt²
1720 235 1855 271 autem³
1889 238 1999 272 Deum
2026 241 2110 273 nihil

1692 288 1794 323 Unde
1828 295 1860 323 et
1889 290 1987 324 dixit:
2028 292 2109 325 Non

437 386 770 434 Gymnosophistaef’
797 389 877 422 nudi
906 401 968 434 per
995 401 1118 435 opacas
1146 391 1260 423 Indiae
1287 390 1481 423 solitudines
1508 390 1728 435 perhibentur
1754 392 2009 438 philosophari,
2045 395 2108 427 ad-

979 439 1221 486 Gynmasium⁶
1256 442 1341 474 enim
1379 454 1418 475 ex
1457 440 1521 475 eoT
1556 443 1681 477 (lictum
1719 449 1788 485 est,

1838 445 1931 488 quod
1973 446 2106 480 iuvenes

1654 495 1699 528 Hi
1731 502 1764 528 et
1796 508 1816 528 a
1847 497 2041 541 generando
2073 510 2108 532 se

1394 596 1481 630 Dicti
1517 603 1625 631 antem
1659 598 1853 644 Theologi‚
1885 601 2044 643 quoniam
2075 602 2108 634 in

155 706 306 748 Quidam
335 703 419 736 enim
446 712 613 745 corporeo
636 714 728 734 sensu
758 701 848 734 hunc
876 701 1035 734 mundum
1066 701 1225 733 visibilem
1243 698 1265 716 ¹⁰
1292 712 1331 733 ex
1358 707 1501 744 quatuor
1528 702 1698 734 elementis
1714 702 1823 735 Deum
1846 715 1915 736 esse
1943 705 2107 745 dixerunt,

154 763 190 790 ut
226 756 402 799 Dionysius
430 754 561 786 Stoicus
575 750 606 785 ¹¹.

154 809 315 842 Milesius.

154 912 264 944 Deum
290 910 357 942 sine
385 916 539 953 tempore
570 908 899 947 incommutabilem,
934 915 968 940 ut
998 909 1105 940 Plato.

672 754 738 786 Alii
773 764 852 785 vero
888 753 1100 797 spiritualiter
1114 749 1137 768 ¹²

369 805 516 847 Quidam
542 810 575 837 et
601 804 750 848 spiritum
779 810 811 837 et
838 811 1000 844 mentem,
1038 811 1072 837 ut
1100 804 1198 836 Maro
1213 801 1244 836 ¹³.

322 857 378 890 19.
433 856 580 898 Quidam
609 857 752 889 animum
781 857 813 888 in
841 857 993 889 omnibns
1022 852 1345 895 comnianantem¹⁴‚
1368 861 1400 888 et
1421 856 1591 895 lucidum,
1620 861 1654 888 ut
1682 856 1904 901 Pythagoras.

1981 756 2107 789 Thales

1170 753 1400 785 intellexerunt
1437 758 1581 785 mentem
1623 765 1692 786 esse
1727 754 1854 795 Deum,
1905 760 1941 788 ut

1959 858 2107 899 Quidam

1167 907 1314 948 Quidam
1349 908 1457 940 Deum
1472 904 1494 924 ¹⁵
1528 913 1672 940 mentem
1709 908 1871 947 solutam,
1912 915 1948 941 ut
1975 910 2105 945 Cicero,

154 963 329 995 Inventum
359 962 446 994 enim
475 960 687 992 solummodo
716 960 842 999 Deum,
871 971 936 992 non
964 965 999 992 ut
1026 960 1236 997 invenerunt,
1261 966 1504 1002 exposuerunt,
1535 960 1611 1003 quia
1640 967 1843 993 evanuerunt
1869 961 1900 993 in
1929 962 2107 1006 cogitatio-

403 1013 557 1045 Dicentes
585 1012 671 1044 enim
700 1008 804 1044 esselu

153 1015 249 1048 nibus
276 1014 350 1046 suis.

319 1064 379 1097 20.

154 1116 245 1150 curei
273 1117 415 1148 otiosum
445 1120 477 1147 et
504 1115 764 1147 inexercitatum.

153 1168 377 1212 corporalem.
433 1167 599 1210 Epicurus
627 1164 699 1198 ex²⁰
721 1166 848 1198 atomis.

319 1219 376 1252 21.

150 1270 317 1315 gubernat
329 1268 363 1309 Ἠ,
392 1269 475 1301 sicut
502 1268 627 1299 animus
656 1269 687 1300 in
717 1269 819 1300 nohis.

151 1333 230 1354 enm
257 1321 339 1354 ω’ἱιί
350 1319 374 1338 ²¹³
384 1348 392 1357 ,
426 1320 616 1354 emorimur
625 1317 659 1352 ²¹⁵.

151 1374 320 1407 emoritur.

318 1423 377 1455 22.

153 1481 185 1507 et
213 1475 342 1507 formae
377 1476 489 1507 nescio
525 1487 631 1518 quae,
663 1473 777 1507 inde²⁸
811 1475 903 1518 apud
940 1476 1054 1508 Arium
1086 1475 1230 1508 Trinitas
1264 1475 1421 1514 nominis,

151 1528 253 1560 furor.

318 1576 378 1610 23.

431 1424 477 1456 Hi
506 1423 792 1468 philosophorum
822 1435 949 1456 errores
977 1423 1076 1455 etiam
1104 1423 1195 1467 apud
1218 1422 1407 1456 Ecclesiam
1430 1422 1628 1455 induxerunt
1654 1421 1819 1454 haereses.

832 1012 994 1055 sapientes
1022 1011 1109 1043 stulti
1138 1011 1216 1043 facti
1244 1017 1326 1043 sunt.

433 1060 552 1096 ltem¹⁷
580 1064 741 1096 Platonici
763 1063 899 1106 quidem
929 1064 1036 1095 Deum
1067 1068 1254 1096 curatorem
1284 1068 1316 1094 et
1344 1063 1502 1094 arbitrum
1540 1066 1572 1094 et
1598 1062 1744 1096 iudicem
1773 1068 1920 1095 asserunt
1935 1060 1968 1097 ¹⁸.

820 1115 870 1147 De
899 1115 1024 1146 mimdo
1053 1120 1163 1146 autem
1190 1114 1350 1147 Platonici
1384 1115 1552 1146 aslirmant
1577 1114 1843 1157 incorporalem,
1878 1114 1938 1147 sed
1954 1112 1975 1131 ¹⁹
2002 1115 2107 1149 Stoici

905 1166 1114 1210 Pythagoras
1142 1177 1181 1197 ex
1210 1166 1361 1198 numeris.

432 1217 532 1250 LTnde
561 1224 592 1249 et
622 1218 727 1249 Varro
756 1218 869 1260 ignem
903 1217 1016 1248 mundi
1051 1217 1195 1248 animum
1226 1217 1323 1255 dicit,
1368 1217 1509 1259 proinde
1544 1217 1637 1259 quod
1665 1218 1697 1249 in
1724 1217 1850 1250 mundo
1878 1217 1963 1261 ignis
1995 1218 2107 1250 omnia

875 1268 985 1308 Quam
1004 1268 1190 1299 vanissime:
1222 1268 1292 1313 Qui
1315 1279 1392 1299 cnm
1422 1264 1514 1307 (κθ-121,
1541 1268 1656 1310 inquit,
1684 1269 1717 1300 ιίι
1745 1268 1853 1310 nobis,
1881 1269 1949 1313 ipsi
1969 1281 2107 1303 sumus:

719 1321 814 1364 Ergo
850 1316 914 1352 et²³
948 1320 1033 1364 ignis
1067 1330 1143 1352 cuni
1180 1319 1223 1351 de
1259 1318 1386 1352 mundo
1423 1330 1484 1363 per
1515 1318 1650 1364 fulgura
1683 1320 1925 1363 proficiscitur,
1965 1321 2106 1354 mundus

2021 1064 2106 1109 Epi-

1592 1162 1616 1181 'll

1415 1166 1580 1198 Eraclitus
1646 1177 1685 1198 ex
1714 1166 1792 1210 igne
1803 1164 1837 1200 ²².

1874 1421 1956 1455 lude.
1985 1423 2107 1463 αἰῶνες

1472 1480 1504 1506 et
1540 1474 1630 1518 apud
1668 1474 1878 1507 Valentinum
1917 1474 2107 1508 Platonicus

432 1577 514 1609 Inde
542 1577 723 1610 Marcionis
745 1577 835 1609 Dens
863 1577 982 1610 melior
1005 1577 1047 1610 de
1068 1576 1322 1619 tranquillitate:
1350 1572 1427 1607 ab2‘J
1454 1575 1573 1608 Stoicis
1601 1575 1687 1607 enim
1715 1582 1865 1616 venerat,
1895 1580 1927 1608 et
1945 1582 1979 1608 ut
1997 1577 2106 1609 anima

153 1629 284 1662 interire
311 1628 457 1667 dicatur,
486 1629 652 1672 Epicurus
681 1630 891 1662 observatur:
919 1634 951 1660 et
979 1626 1049 1661 ιιι30
1079 1629 1184 1661 carnis
1213 1628 1372 1660 restitutio
1384 1624 1407 1644 ³¹
1435 1632 1594 1671 negetur,
1631 1626 1674 1659 de
1700 1639 1784 1659 vana
1812 1627 1959 1659 omnium
1987 1627 2106 1671 philo-

153 1681 340 1725 sophorum
367 1679 485 1713 schola
507 1681 662 1721 sumitur,
698 1686 729 1713 et
765 1678 858 1713 ubi⁷⁵2
893 1681 1028 1713 materia
1063 1691 1139 1714 cum
1174 1680 1248 1712 Deo
1281 1683 1460 1722 aequatur,
1498 1678 1640 1710 Zenonis
1674 1678 1851 1723 disciplina
1878 1683 1943 1719 est,
1989 1685 2022 1711 et
2048 1680 2104 1713 ubi

242 1783 271 1818 1)
296 1781 343 1808 Sic
367 1782 421 1809 Gu.
450 1785 475 1812 1.
503 1798 544 1803 —
577 1781 662 1819 Vulg.
685 1784 838 1810 univer-va.
863 1798 904 1803 —
928 1783 955 1817 Q)
979 1782 1026 1809 Sic
1051 1783 1109 1810 Gn.

157 1829 183 1857 1.
205 1827 234 1856 2.
261 1824 298 1853 al.
317 1840 351 1844 —
381 1826 521 1851 sla-uruit
546 1825 625 1861 vulg.
660 1842 695 1845 ——
732 1825 762 1863 3)
788 1825 837 1852 Sic
861 1825 910 1852 Ar.
932 1835 977 1863 pr.
1001 1835 1046 1853 va.
1069 1840 1110 1846 -—

155 1874 253 1895 tamen
276 1867 357 1903 vulg.
384 1883 421 1888 —
444 1865 473 1906 4)
497 1867 544 1895 sic
569 1869 625 1897 (ἆυ,
649 1870 675 1898 1,
694 1882 731 1888 —
751 1873 954 1905 posteaquam
977 1868 1108 1904 vulg.—

154 1910 183 1949 5)
209 1910 511 1947 Gymnmojiltislicue
541 1910 596 1939 Gu.
625 1913 650 1940 l.
677 1927 718 1931 ——
771 1912 799 1947 6)
829 1910 878 1938 sic
902 1910 970 1943 Ar.‚
1000 1915 1029 1937 nt
1056 1910 1108 1938 hb.

156 1952 264 1982 XVIII.
291 1962 354 1990 cap.
381 1955 429 1983 17.
451 1969 491 1974 —
518 1953 603 1989 Vulg.
627 1955 739 1992 γυμνῶ.
763 1972 801 1975 -
832 1952 861 1991 7)
885 1953 933 1980 Sic
958 1955 1013 1981 (ἆυ.
1034 1955 1059 1982 1.
1077 1955 1108 1982 2.

155 2007 200 2035 pr.
222 2005 267 2025 va.
293 2011 331 2015 —
356 2005 387 2022 eo
410 1995 490 2032 vulg.
520 2012 554 2016 -—
583 1995 610 2033 ὅ)
633 1996 682 2024 Sic
707 1997 763 2023 Gu.
787 2001 811 2027 1.
829 2006 873 2033 pr.
896 2006 941 2024 va.
963 2011 1003 2016 --
1031 2006 1107 2022 exer-

155 2044 260 2067 centur
282 2037 417 2074 vulg.—
440 2040 468 2074 9)
490 2048 519 2064 se
542 2048 597 2065 om.
622 2049 667 2067 va.
691 2055 732 2060 —
756 2040 799 2074 10)
818 2039 866 2066 Sic
890 2039 989 2068 Gu.1.
1007 2040 1034 2068 2.
1060 2048 1106 2075 pr.

156 2092 201 2110 va,
217 2098 255 2102 —-
277 2080 363 2107 m'sib.
387 2079 491 2107 mund.
515 2080 593 2115 vulg.
616 2099 658 2103 —-
690 2080 734 2119 11)
760 2082 814 2111 Vv,
840 2087 873 2108 at
898 2083 992 2109 Dion.
1014 2082 1105 2108 Stfflc.

157 2135 214 2153 om.
240 2123 281 2152 al.
303 2139 343 2144 —
382 2125 429 2158 19.)
450 2124 631 2160 spirilultler
664 2134 708 2161 pr.
731 2139 773 2145 —
802 2124 972 2162 specialiler
995 2133 1042 2151 va.
1065 2140 1106 2144 —

158 2165 205 2207 13)
228 2166 292 2195 Hoc
315 2165 418 2193 ordine
441 2166 602 2193 sententias
626 2165 747 2194 exhibet
771 2167 828 2195 Gn.
853 2170 879 2197 1.
897 2182 939 2187 -
963 2166 1106 2202 Vulg.se-

159 2209 260 2249 quitur
282 2208 487 2246 ΙῗιίΙιιιξοΓαε,
513 2208 625 2243 Cleri-o,
648 2208 758 2236 Varro.
807 2210 906 2237 Varro
929 2214 1026 2236 autem
1052 2219 1106 2246 pro

158 2252 238 2290 vulg.
260 2252 348 2279 Maro
374 2249 516 2279 exhibent
549 2251 604 2278 Gu.
627 2253 655 2281 2.
680 2252 717 2280 al.
748 2262 794 2289 pr.
818 2262 862 2279 va.
894 2256 922 2279 et
952 2261 1013 2278 var.
1039 2251 1106 2279 lect.

158 2305 205 2333 ap.
233 2293 322 2322 Goth.
355 2292 413 2321 Sed
436 2293 615 2330 intelligitur
630 2294 714 2322 locus
738 2294 844 2329 virgil.
868 2294 940 2322 Aen.
966 2293 1014 2329 Vl,
1034 2297 1105 2325 726.

160 2348 220 2375 seq.
254 2336 291 2364 ad
319 2345 445 2374 eumque
476 2336 575 2363 locum
605 2336 712 2374 Heynii
747 2337 874 2365 Excurs.
898 2336 980 2364 Xlll.
1008 2353 1045 2358 —
1079 2342 1105 2363 et

160 2384 283 2408 mentem
320 2385 345 2407 et
369 2380 514 2416 Spiritum
536 2388 583 2408 va.
607 2395 649 2400 --
692 2378 736 2417 Η)
761 2379 808 2406 Sic
842 2378 948 2417 scripsi
980 2389 995 2407 e
1028 2389 1104 2407 con-

1154 1781 1286 1815 iectura,
1311 1790 1402 1818 quum
1417 1780 1497 1817 vulg.
1512 1780 1550 1807 sit
1566 1785 1796 1807 commanentem
1816 1798 1853 1802 —-
1874 1780 1922 1808 Ar.
1939 1790 2103 1809 commean—

1153 1830 1221 1853 tem.
1267 1823 1327 1851 Cic.
1352 1823 1388 1851 de
1410 1823 1444 1851 N.
1468 1823 1500 1850 l).
1522 1825 1548 1857 1,
1567 1825 1614 1858 11,
1630 1824 1679 1853 27.
1726 1824 1807 1850 Nam
1823 1823 2027 1860 Ifuffzagoras,
2051 1826 2104 1862 qui

1153 1867 1268 1894 emsait
1308 1867 1410 1894 Deum
1450 1866 1586 1892 animum
1628 1876 1687 1892 mse
1727 1876 1782 1903 per
1816 1871 1961 1893 naturam
2003 1877 2104 1894 rerum

1153 1920 1267 1937 omnem
1283 1910 1427 1936 intentum
1448 1913 1474 1935 et.
1498 1914 1719 1935 cummcanlem.
1745 1925 1780 1929 -
1812 1911 1855 1942 15)
1879 1909 1981 1936 Deum
2002 1908 2103 1938 addidi

1152 1962 1166 1981 e
1191 1954 1247 1981 Gn.
1272 1955 1297 1983 1.
1343 1952 1436 1979 Locus
1460 1950 1553 1978 Cicer.
1575 1955 1617 1978 est
1640 1951 1762 1978 Tuscul.
1789 1949 1871 1989 Disp.
1892 1951 1914 1988 I,
1930 1953 1980 1984 27,
1995 1953 2044 1983 66.
2059 1967 2102 1973 .-

1151 1993 1198 2033 16)
1218 1994 1304 2031 Vulg.
1328 2006 1358 2022 se
1380 2004 1456 2028 esse,
1481 1993 1533 2021 sed
1556 2004 1585 2019 se
1609 2004 1666 2021 om.
1690 1994 1744 2021 Gu.
1770 1996 1796 2024 1.
1818 2010 1849 2013 —
1885 1994 1929 2029 17)
1954 1993 2028 2021 Item
2050 1993 2101 2022 ad-

1150 2038 1211 2065 didi
1235 2047 1250 2065 e
1273 2038 1329 2065 Gu.
1353 2039 1379 2066 1.
1425 2035 1589 2074 (quidam)
1614 2046 1663 2066 va.
1686 2052 1727 2058 -
1762 2033 1807 2073 18)
1831 2033 1971 2063 dixerunt
2000 2035 2036 2066 al,
2060 2052 2101 2057 --

1151 2079 1196 2120 19)
1219 2078 1274 2107 sed
1296 2078 1397 2106 addidi
1423 2089 1438 2107 e
1463 2079 1516 2106 Gu.
1535 2081 1560 2108 1.
1585 2094 1622 2099 ——
1647 2076 1694 2118 ΞΟ)
1713 2089 1745 2105 ex
1767 2077 1869 2105 addidi
1891 2087 1906 2106 e
1928 2078 1983 2106 Gu.
2002 2081 2027 2109 1.
2053 2078 2099 2107 Ar.

1151 2141 1188 2145 —
1213 2120 1426 2161 21)Eracli1w
1455 2122 1511 2150 Gn.
1538 2123 1563 2150 1.
1596 2138 1633 2142 ——-
1673 2118 1722 2160 22)
1742 2121 1809 2159 igni
1838 2121 1893 2148 Gu.
1916 2122 1942 2150 2.
1973 2136 2015 2142 —-
2053 2120 2099 2159 23)

1149 2165 1197 2192 Sic
1221 2165 1276 2192 Gu.
1303 2167 1327 2194 1.
1350 2164 1386 2191 al.
1409 2179 1450 2185 —
1480 2163 1566 2200 Vulg.
1586 2163 1742 2201 gubernet.
1772 2181 1810 2184 —
1847 2162 1896 2199 24)
1923 2163 2101 2201 Quicunque

1152 2208 1208 2236 Gu.
1229 2211 1254 2237 1.
1278 2206 1313 2234 al.
1337 2222 1377 2227 —
1400 2204 1449 2245 25)
1465 2206 1512 2234 Sic
1536 2207 1591 2235 Gu.
1611 2209 1638 2237 1.
1654 2208 1682 2236 2.
1697 2205 1735 2234 al.
1751 2222 1786 2226 —
1809 2206 1866 2232 exn
1890 2205 1971 2243 vulg.
1993 2222 2027 2226 —-
2053 2204 2099 2244 26)

1150 2255 1175 2277 et
1201 2250 1331 2277 moritur
1348 2249 1385 2277 al.
1408 2266 1442 2270 -—
1471 2251 1514 2281 27)
1539 2250 1629 2275 elium
1653 2254 1679 2276 et
1701 2257 1746 2277 va.
1770 2264 1813 2269 —
1836 2245 1885 2285 28)
1908 2253 1934 2274 et
1959 2245 2032 2287 (orn.
2048 2249 2099 2276 in—

1149 2291 1197 2331 de)
1213 2293 1339 2319 trinitus
1354 2293 1485 2318 numinis
1501 2290 1588 2329 apud
1601 2291 1815 2319 Valentinum:
1832 2290 2014 2317 Platonicus
2026 2291 2098 2327 slte-

1149 2340 1199 2362 rat
1222 2344 1236 2362 e
1260 2334 1383 2363 Tertull.
1407 2334 1582 2373 praescript.
1607 2344 1632 2362 c.
1653 2337 1681 2365 7.
1706 2334 1775 2361 Post
1802 2331 1944 2363 Trinitas
1966 2334 2098 2360 nominis

1149 2378 1187 2406 al.
1211 2377 1279 2408 add.
1302 2376 1338 2405 cd
1359 2383 1399 2405 cst
1418 2375 1591 2415 paradi-sus
1614 2382 1639 2404 et
1664 2382 1744 2404 terra
1766 2381 1792 2403 et
1815 2376 1963 2411 infernus.
1993 2392 2023 2395 ——
2052 2377 2097 2411 2²9)
