2264 2830
793 96 1042 132 ORlGINUM
1069 99 1213 132 LIBER
1234 100 1326 134 Vlll.

1964 104 2036 138 263

85 204 126 227 ex
154 193 345 227 auctoribus
373 198 405 225 ut
428 193 606 233 Platonici,
634 192 809 236 Epicurei,
837 192 1075 237 Pythagorici:
1112 193 1168 226 alii
1196 206 1215 226 a
1241 195 1322 228 locis
1350 195 1658 228 conventiculorum
1687 199 1719 227 et
1741 196 1915 229 stationum
1929 194 1971 238 ²⁹,
2000 205 2035 231 ut

85 245 317 290 Peripatetici,
345 245 465 283 Stoici,
494 244 697 277 Academici.

252 296 286 328 7.
342 297 504 328 Platonici
539 308 557 328 a
587 296 724 328 l'latone
754 295 966 340 philosopho
1001 296 1092 329 dicti.

1146 297 1190 328 lli
1228 296 1351 330 οηίιῐιῑιη
1379 298 1562 330 animarum
1593 303 1778 331 creatorem
1813 311 1883 332 esse
1917 299 2036 343 Deum,

87 359 267 392 corporum
285 348 423 392 angelos*
441 352 596 387 asserunt,
613 344 673 379 ct³⁵¹
694 345 803 391 post²²²
823 348 943 379 multos
960 359 1120 380 annorum
1137 349 1278 381 circulo>
1293 350 1323 381 in
1345 349 1473 382 diversa
1489 361 1633 394 corpora
1648 351 1758 383 redire
1773 351 1896 383 animas
1913 351 2036 385 dicunt..

251 402 284 432 8.
338 399 442 432 Stoici
469 411 487 430 a
516 399 592 432 loco
621 399 711 431 dicti.

87 452 182 493 bant,
220 452 251 484 in
278 462 342 494 qua
370 451 459 494 picta
486 456 581 495 gesta
609 448 735 483 erant³⁵
763 448 1000 496 sapientum³⁶,
1041 456 1140 494 atque
1175 452 1321 486 virorum
1352 453 1487 485 fortium
1520 453 1685 486 historiae.

85 506 249 546 sapientes
278 502 626 546 philosophabantur,
655 514 694 535 ex
729 501 835 545 quo³³⁷
870 509 902 536 et
928 503 1033 537 Stoici
1061 504 1140 537 (licti
1168 509 1250 540 sunt.

86 558 184 590 Ilanc
213 562 335 588 sectam
367 554 492 597 primus
520 552 673 586 Zvnon³³¹¹⁵
700 555 842 589 institnit.

250 606 282 638 9.
337 606 383 638 Hi
409 612 533 649 negant
559 608 628 639 sine
655 607 773 638 virtute
801 607 889 640 ellici
916 617 1119 650 quemquam
1148 607 1294 639 beatum.

768 659 844 697 erit,
872 660 928 702 qui
952 659 1066 703 paleas
1094 659 1220 691 furatus
1245 658 1328 690 sueri

693 711 767 743 Non
796 711 882 743 enim
912 710 1034 743 animal
1061 711 1201 749 crimen,
1230 711 1288 743 sed
1314 711 1438 743 animus
1469 711 1558 744 facit.

362 761 407 793 Hi
434 762 531 794 etiam
560 763 703 794 animam
731 774 807 796 cum
835 773 980 806 corpore
1007 763 1116 806 perire
1135 762 1257 796 dicunt.
1293 763 1417 795 Amant
1443 774 1578 806 quoque
1592 762 1747 795 virtutem
1765 760 2036 797 continentiaen:

85 663 211 698 serunt,
239 658 402 690 dicentes:
430 658 475 691 sic
499 659 555 690 ille
583 655 740 692 nocens-³¹³

84 710 264 750 occiderit,
292 720 392 752 quam
419 710 476 752 qni
506 722 638 753 equum.

249 761 306 795 10.

766 399 917 432 Porticus
945 399 1031 432 enim
1061 400 1121 431 fuit
1150 400 1306 438 Athenis,
1335 399 1475 443 quam*n
1502 402 1662 448 ποικίλην
1696 400 1808 437 στοάν
1820 400 1844 418 ³⁴
1879 404 2035 447 appella-

1738 454 1775 486 ln
1811 454 1877 488 hac
1904 456 2037 498 porticu

1307 504 1439 538 Graece
1475 506 1562 537 enim
1596 506 1744 549 porticus
1779 503 1870 541 στοιὶ
1905 506 2035 541 (licitur.

1349 606 1459 639 Omne
1486 612 1664 650 peccatum
1694 608 1857 641 uniforme
1885 621 1954 641 8558
1982 621 2035 641 as-

1333 656 1397 699 t⁴⁰‚
1426 670 1526 702 quain
1555 659 1611 701 qui
1638 671 1772 701 aurum,
1798 661 1854 704 qui
1883 672 2036 707 mergum

83 813 241 848 affectant
268 813 412 857 gloriam
440 819 624 855 aeternam,
653 825 727 847 cnm
755 827 789 846 se
818 814 980 847 fateantur
1007 825 1072 846 non
1100 826 1168 847 esse
1195 820 1356 848 aeternos.

254 865 308 897 ll.
363 865 560 899 Academici
588 866 750 910 appellati
778 862 832 898 ει42
861 867 938 898 villa
966 866 1113 898 Platonis
1146 866 1319 899 academia
1330 863 1354 882 ⁴³
1390 865 1618 904 Athenarum,
1655 865 1712 897 ubi
1738 864 1828 898 idem
1853 865 1950 897 Plato
1972 865 2035 897 ‹lo-

81 917 189 950 cebat.

247 916 293 948 Hi
322 917 432 949 omnia
460 918 585 950 incerta
616 918 808 962 opinantur,
836 918 912 959 sed,
941 919 1027 951 sicut
1052 918 1223 950 fatendum
1252 923 1300 950 est
1326 918 1429 950 multa
1457 918 1583 950 incerta
1611 921 1644 948 et
1673 917 1805 950 occulta
1832 929 1921 957 esse,
1950 928 2036 960 quae

81 969 186 1001 voluit
215 968 305 1000 Deus
332 969 583 1012 intelligentiam
611 969 754 1003 hominis
781 970 944 1003 excedere
959 966 995 1002 ¹⁴:
1022 975 1133 1002 tamen
1160 966 1244 1004 εἰς45
1263 970 1409 1014 plurima
1437 981 1526 1010 8558,
1554 980 1641 1013 quae
1668 974 1808 1013 possunt
1822 965 1845 985 *ὅ
1870 975 1902 1001 et
1933 969 2035 1001 sensi-

82 1022 143 1054 bus
171 1021 264 1064 capi,
293 1025 324 1051 et
352 1021 477 1053 ratione
504 1018 794 1065 comprehendifl.

253 1071 306 1103 12.

360 1072 458 1105 Hanc
484 1078 608 1106 sectam
634 1074 822 1106 Arcesilaus
836 1070 861 1089 ⁴3
888 1072 1080 1116 Cyrinaicus
1107 1072 1334 1117 philosophus
1362 1072 1533 1117 repperit,
1575 1071 1665 1105 cuius
1692 1076 1836 1104 sectator
1871 1071 1932 1103 fuit
1964 1072 2036 1103 De-

81 1123 257 1163 mocritus,
284 1123 340 1166 qui
368 1124 450 1156 (lixit
471 1129 629 1168 tanquam
657 1126 690 1157 in
711 1131 815 1169 puteo
837 1125 923 1163 alto,
947 1125 992 1157 ita
1011 1130 1044 1157 ut
1062 1125 1182 1157 fundus
1205 1121 1350 1157 ῐιιιΙΙυ5ω
1370 1126 1427 1157 sit:
1455 1124 1498 1156 ita
1515 1124 1547 1156 in
1567 1124 1700 1156 occulto
1720 1123 1827 1156 iacere
1851 1123 2035 1156 veritatem.

249 1174 307 1209 13.
361 1175 575 1220 Peripatetici
603 1177 647 1210 (le
674 1177 900 1209 ambulatione
913 1174 938 1193 ³⁰
965 1177 1062 1216 dicti,
1092 1188 1132 1209 eo
1154 1173 1284 1220 quod⁵¹
1307 1176 1502 1209 Aristoteles
1531 1181 1648 1208 auctor
1672 1186 1788 1207 eornm
1818 1174 2036 1207 deambulans

80 1225 247 1270 disputare
275 1227 388 1259 solitus
413 1233 506 1260 esset.

82 1289 120 1310 ex
146 1283 242 1322 parte
272 1279 458 1310 mortalem.

246 1337 302 1370 Η.
356 1338 473 1381 Cynici
501 1338 544 1369 ab
566 1337 774 1370 immunditia
806 1337 1034 1380 impudentiae
1045 1333 1071 1354 ⁵²
1097 1338 1279 1382 nuncupati
1293 1334 1327 1370 ³¹³.

559 1229 605 1261 Hi
632 1229 746 1261 dicunt
773 1228 942 1271 quandam
971 1228 1170 1272 particulam
1198 1228 1327 1260 animae
1355 1239 1427 1260 esse
1456 1232 1640 1260 aeternam:
1679 1226 1722 1259 de
1749 1226 1879 1268 reliquo
1911 1237 2034 1270 magna

1383 1337 1508 1370 Contra
1536 1336 1717 1368 humanam
1756 1336 1841 1368 enim
1871 1347 2033 1369 verecun-

81 1389 169 1421 diam
198 1390 230 1421 in
254 1389 436 1433 propatulo
450 1385 474 1405 ⁵⁴
502 1389 591 1422 coire
619 1401 695 1422 cum
724 1389 924 1433 coniugibus
952 1389 996 1421 eis
1025 1400 1096 1420 mos
1127 1395 1213 1429 erat,
1250 1395 1418 1423 censentes
1444 1389 1570 1421 licitum
1599 1388 1845 1430 honestumque
1873 1399 1942 1420 esse
1969 1399 2033 1431 pa-

80 1442 146 1473 lam
175 1451 250 1473 cum
280 1441 433 1473 uxoribus
461 1441 701 1481 concumbere,
738 1442 816 1483 qnia
843 1441 1036 1484 coniugium
1064 1441 1183 1473 iustum
1217 1446 1283 1479 est,
1321 1441 1457 1483 publice
1494 1439 1528 1471 i‹l
1558 1439 1789 1483 praedicantes
1817 1436 2033 1483 agendumst

79 1497 114 1525 ut
142 1504 239 1526 canes
268 1493 299 1524 in
326 1493 420 1532 vicis,
449 1492 500 1524 vel
527 1492 657 1536 plateis,

78 1555 266 1587 nomenque
292 1549 469 1575 traxerunt.

244 1601 302 1636 15.

714 1492 814 1525 Unde
842 1497 874 1524 et
902 1504 920 1524 a
949 1492 1101 1531 canibus,
1129 1503 1273 1535 quorum
1301 1493 1401 1524 vitam
1429 1492 1658 1531 imitabantur,
1695 1491 1793 1523 etiam
1829 1490 2032 1524 vocabulum

355 1602 514 1647 Epicurei
551 1603 631 1636 dicti
663 1604 706 1636 ab
737 1603 887 1647 Epicuro
899 1598 923 1619 ⁵⁶
958 1602 1108 1646 quodam
1144 1601 1358 1646 philosopho
1386 1606 1536 1634 amatore
1564 1600 1713 1633 vanitatis
1746 1611 1812 1632 non
1839 1601 2031 1645 sapientiae,

76 1666 176 1699 quern
203 1655 300 1687 etiam
323 1654 385 1698 ipsi
412 1654 611 1699 philosophi
638 1666 778 1699 porcum
807 1654 1076 1693 nominaverunt,
1105 1654 1199 1697 quasi
1228 1654 1379 1686 volutans
1392 1651 1414 1670 ⁵²
1444 1655 1476 1686 in
1507 1664 1613 1687 coeno
1642 1653 1784 1694 carnali,
1823 1653 2030 1696 voluptatem

77 1718 256 1750 corporum
270 1703 294 1723 ⁵¹³
322 1718 486 1740 summum
515 1707 640 1740 bonum
668 1718 813 1740 asserens
826 1703 866 1739 59;
894 1707 951 1749 qui
976 1708 1075 1738 etiam
1103 1706 1184 1738 (lixit
1210 1706 1302 1738 nulla
1331 1706 1442 1738 divina
1471 1705 1680 1750 providentia
1691 1701 1716 1721 ‘³⁰
1743 1705 1937 1737 instructum
1957 1715 2030 1738 esse

77 1764 132 1791 aut
156 1759 230 1803 regi
257 1758 426 1791 mundum.

76 1868 122 1902 36)
147 1866 194 1894 Sic
219 1867 274 1895 Gn.
301 1870 329 1898 1.
345 1883 386 1888 —
401 1868 585 1904 sapientium
608 1867 688 1904 vulg.
712 1883 752 1888 —
781 1868 831 1904 37)
856 1866 905 1895 Sic
926 1867 981 1894 Gu.
1001 1869 1027 1897 l.
1072 1866 1139 1895 lect.
1164 1876 1210 1905 ap.
1233 1865 1325 1896 Goth.
1354 1882 1396 1888 -—
1425 1866 1514 1903 Vulg.
1544 1871 1569 1893 et
1592 1875 1698 1892 sensu-5
1714 1866 1923 1902 penetratione
1945 1874 2025 1892 com-

75 1925 118 1931 —
143 1919 203 1947 quo
223 1910 259 1937 nl.
282 1925 323 1930 ——
346 1920 379 1936 ea·
398 1919 461 1947 qua
482 1909 563 1947 vulg.
577 1926 619 1931 -—
640 1911 688 1946 38)
704 1911 752 1938 Sic
775 1910 830 1938 Gu.
850 1912 874 1939 1.
891 1925 930 1930 —
953 1910 1028 1937 Zeno
1066 1908 1222 1948 prehendi.
1255 1908 1377 1937 Gothici
1399 1908 1550 1938 Toletani:
1589 1914 1614 1936 et
1636 1908 1773 1936 sensibus
1791 1908 1842 1945 pie
1863 1906 2027 1935 traditione

76 1951 157 1988 vulg.
179 1967 222 1973 ——·
243 1950 289 1989 59)
313 1957 377 1978 lam
399 1963 505 1979 nocens
528 1953 586 1981 Gu.
611 1956 640 1984 2.
662 1963 710 1982 va.
734 1952 804 1981 edit.
823 1952 912 1981 (joth.
937 1953 1027 1981 Recte
1072 1963 1184 1990 compr.
1207 1967 1249 1973 ·-—
1271 1951 1318 1991 48)
1343 1952 1391 1979 Sic
1415 1952 1474 1981 Gu.
1500 1955 1525 1983 1.
1543 1955 1571 1983 2.
1595 1951 1647 1980 Ar.
1670 1967 1710 1972 —
1733 1950 1856 1978 Arche-5.
1881 1950 1960 1988 vulg.
1984 1966 2026 1971 —-

76 1994 163 2022 Arev.
189 1995 233 2022 sic
256 1994 293 2022 ml
317 1994 495 2022 adiectivuni
518 1995 628 2023 retulit.
656 2012 691 2017 ·-
717 1994 764 2035 4‹·)
779 1997 941 2032 furaverit
969 1995 1025 2025 Gu.
1071 1995 1115 2033 49)
1135 1995 1184 2023 Sic
1209 1995 1264 2023 Gu.
1290 1997 1316 2025 1.
1339 1997 1368 2025 2.
1391 2004 1438 2022 va,
1455 2011 1497 2016 —
1519 1994 1626 2022 nullas
1639 1993 1768 2030 fundas
1794 1993 1871 2030 vulg.
1902 2009 1944 2014 —-
1977 1994 2024 2029 50)

75 2039 105 2068 2.
129 2037 241 2073 gothici
265 2042 293 2065 et
317 2037 353 2066 al.
378 2053 417 2057 ——
447 2038 492 2072 41)
512 2037 559 2065 Sic
574 2037 659 2068 Arev.
682 2039 855 2066 rectissime.
873 2054 913 2059 —
938 2038 1026 2074 Vulg,
1070 2038 1119 2066 Sic
1142 2039 1198 2066 Gu.
1224 2041 1250 2068 1.
1279 2052 1316 2058 —
1346 2037 1432 2074 Vulg.
1464 2048 1483 2065 α
1511 2036 1627 2066 deamb.
1653 2053 1690 2058 —
1725 2036 1771 2074 51)
1796 2037 1871 2074 quia
1901 2035 1964 2064 siue
1993 2046 2023 2062 eo

75 2079 222 2107 Animum
260 2090 380 2118 quoque
415 2080 554 2107 virtutem
589 2083 786 2109 continentiae
814 2092 874 2109 esse
903 2086 1025 2119 negant,

75 2131 150 2160 quae
173 2122 263 2151 lectio
286 2127 349 2150 orta
374 2126 418 2150 est
441 2131 495 2160 per
517 2124 698 2160 praecedens
721 2134 788 2152 voc.
813 2127 960 2152 (mimum.
984 2139 1025 2144 —

74 2166 121 2201 42)
144 2164 180 2192 de
207 2166 284 2193 villa
307 2175 351 2192 va.
382 2179 420 2184 ——
461 2165 509 2200 ⁴43)
537 2171 563 2192 et
585 2165 743 2194 academia
767 2167 802 2195 al.
833 2183 874 2189 —-
906 2165 952 2206 44)
976 2166 1026 2194 Sic

76 2207 129 2236 Gu.
151 2211 179 2238 1.
203 2211 230 2240 2.
253 2223 295 2229 —
317 2207 403 2244 Vulg.
429 2217 505 2244 quae
529 2207 611 2235 Deus
633 2210 729 2236 voluit
751 2209 845 2238 cxced.
869 2209 947 2238 hom.
969 2210 1023 2236 int.

78 2268 114 2272 -
141 2251 191 2279 Ar.
215 2260 261 2280 va.
285 2260 362 2288 quae
384 2250 479 2277 voluit
503 2249 575 2277 deus
594 2251 688 2279 excell.
711 2253 805 2281 intell.
829 2253 907 2280 stom.
934 2251 1025 2288 (lzotn.

76 2293 128 2320 int.
151 2294 211 2330 va.)
233 2309 275 2314 —
304 2295 347 2326 45)
365 2292 414 2320 Sic
437 2292 494 2322 Gu.
513 2295 537 2323 1.
558 2308 600 2314 —-
621 2295 667 2321 sic
690 2299 789 2322 tamen
811 2296 893 2333 vulg.
914 2312 953 2316 -—-
976 2291 1025 2334 46)

76 2335 125 2363 Sic
147 2337 204 2365 Gu.
226 2339 251 2366 1.
265 2351 307 2356 —
326 2337 447 2373 possint
470 2335 550 2374 vulg.
574 2351 615 2356 —
636 2337 684 2373 4⁷)
707 2337 756 2365 Sic
778 2338 833 2366 Gu.
850 2342 875 2370 1.
900 2339 950 2367 Ar.
964 2347 1025 2365 var.

1071 2081 1126 2109 Gu.
1151 2083 1180 2112 2.
1203 2096 1245 2102 --
1275 2078 1322 2119 52)
1347 2079 1559 2118 impudicitiae
1581 2090 1626 2108 va.
1648 2095 1689 2101 —
1718 2079 1765 2118 53)
1788 2079 1941 2106 nominali
1967 2077 2022 2106 Gu.

1069 2126 1098 2154 2.
1130 2140 1163 2144 -
1194 2121 1241 2162 54)
1268 2128 1301 2149 ιιι
1326 2124 1358 2150 in
1378 2133 1463 2160 prop.
1490 2124 1544 2153 Gu.
1564 2126 1592 2155 2.
1617 2138 1658 2144 —
1685 2121 1730 2159 55)
1757 2122 1841 2158 Vulg.
1865 2132 1924 2148 esse
1947 2120 2022 2156 add„

1070 2166 1150 2204 quod
1181 2176 1238 2194 om.
1269 2165 1325 2193 Gu.
1355 2168 1380 2196 1.
1407 2166 1456 2195 Ar.
1486 2183 1527 2188 —-
1559 2164 1605 2204 56)
1638 2164 1675 2192 αί)
1698 2163 1784 2202 Epic.
1808 2163 1884 2191 dicti
1911 2163 1968 2192 Gu.
1992 2165 2018 2193 2.

1069 2225 1107 2231 --·
1135 2206 1183 2247 57)
1215 2219 1245 2236 δε
1278 2208 1337 2238 vol.
1368 2208 1416 2237 Ar.
1444 2225 1485 2230 —
1526 2209 1713 2236 volutantem
1743 2207 1778 2236 al.
1808 2211 1835 2235 et
1864 2216 1925 2234 var.
1949 2205 2015 2232 lect.

1068 2262 1115 2290 ap.
1145 2251 1234 2280 Goth.
1264 2267 1306 2273 -—
1353 2253 1399 2288 53)
1422 2251 1471 2279 Sic
1497 2251 1553 2281 Gu.
1582 2254 1606 2283 1.
1635 2268 1676 2272 —
1705 2251 1840 2289 corporis
1870 2249 1947 2283 vulg.
1976 2260 2017 2266 —-

1067 2295 1116 2364 29)
1138 2295 1271 2323 asseruit
1292 2293 1344 2323 Ar.
1378 2309 1413 2315 -·
1446 2292 1493 2334 60)
1513 2295 1560 2323 Sic
1586 2294 1641 2323 Gu.
1665 2296 1692 2324 1.
1712 2295 1740 2324 2.
1764 2309 1805 2315 -—
1829 2291 1911 2327 Vulg.
1927 2297 2014 2326 pror.

1091 2348 1130 2364 ιν.
