2264 2830
799 101 1048 138 ORlGlNUM
1086 105 1231 142 LIBER
1265 108 1307 142 11.

736 221 886 258 CAP.
942 223 982 256 X.

79 412 166 435 nunc
193 403 225 434 in
252 400 401 445 legibus,
433 412 520 435 nunc
546 402 578 434 in
604 402 760 435 moribus.

1065 225 1148 259 Do

251 298 278 330 l.
333 298 403 330 Lex
431 303 478 331 est
505 298 692 333 constitutio
720 300 855 343 populi,
882 310 983 342 quam
1010 302 1151 334 maiores
1169 308 1247 336 natu
1271 314 1348 336 cum
1366 303 1520 347 plebibus
1544 309 1727 338 sanxerunt.

80 351 153 383 Rex
184 345 275 381 vel³²¹
304 349 489 393 Imperator
515 350 615 383 edicit
631 346 674 389 ³¹,
717 351 905 383 constitutio
940 352 993 384 vel
1031 353 1178 386 edictum
1210 361 1359 389 vocatur.

821 403 911 435 Inter
936 403 1051 448 legem
1081 410 1190 438 autem
1219 412 1252 439 et
1285 418 1394 439 mores
1421 406 1489 440 hoc
1515 408 1662 451 interest,
1703 409 1795 453 quod
1822 411 1876 443 lex
1903 413 2024 457 scripta

1979 117 2028 153 75

1201 228 1371 272 lege.

1780 307 1867 340 Nam
1895 308 2025 352 qu0d³²

1424 355 1581 388 lnstitutio
1611 357 1783 400 aequitatis
1810 359 1935 404 duplex
1966 367 2024 403 est,

80 458 142 494 est,
169 464 240 485 mos
268 457 314 484 cst
342 463 420 484 vero
433 448 457 469 ³³5
483 458 641 486 vetustate
668 455 811 498 probata
838 456 1064 498 consuetudo,
1091 457 1159 490 sive
1185 458 1240 491 lex
1266 469 1332 491 non
1360 457 1493 502 scripta.
1547 460 1632 492 Nam
1659 460 1712 493 lex
1740 473 1759 493 a
1785 462 1934 508 legendo
1962 476 2022 498 vo-

79 510 169 545 cata,
197 503 272 548 quia
299 504 421 547 scripta
449 509 506 539 est.

242 554 275 587 2.
328 554 406 587 Mos
433 561 543 588 autem
572 556 675 600 longa
707 557 910 589 consuetudo
939 562 1006 599 est,
1040 558 1084 592 ‹le
1112 561 1260 593 moribus
1288 566 1393 594 tracta
1405 555 1429 577 ³⁶
1455 561 1661 594 tantundem.

1717 562 1934 598 Consuetudo
1962 578 2022 600 au-

78 612 143 641 tem
171 602 252 639 est³⁷
280 606 328 638 ius
355 606 446 650 quod
474 607 517 640 (le
530 604 555 623 ³⁸
587 608 734 640 moribus
761 608 960 651 institutum,
1006 621 1070 654 pro
1099 612 1176 656 lege
1210 613 1404 657 suscipitur,
1445 623 1521 645 cum
1549 612 1662 646 delicit
1688 614 1758 658 lex,
1806 628 1868 650 nec
1897 617 2021 659 differt,

76 659 239 703 scriptura
266 669 306 689 an
334 659 459 691 ratione
487 656 697 699 consistat&
724 660 859 702 quando
873 657 898 676 ⁴⁰
925 666 957 694 et
984 661 1097 706 legem
1125 665 1208 696 ratio
1237 663 1462 698 commendat.

240 708 272 741 3.
328 711 433 742 Porro
461 711 486 742 si
513 711 639 743 ratione
666 710 719 743 lex
747 712 920 752 consistat,
953 713 1007 745 lex
1035 715 1097 746 erit
1124 727 1242 756 omne,
1276 716 1369 759 quod
1398 716 1462 747 iam
1474 711 1495 732 ⁴¹
1531 715 1657 748 ratione
1685 717 1881 758 constiterit,
1923 718 2020 751 ‹lum-

75 765 181 800 taxat,
208 761 300 803 quod
329 762 482 806 religioni
505 767 684 807 congruat,
712 762 805 805 quod
833 764 1028 808 disciplinae
1055 768 1248 809 conveniat,
1284 768 1377 811 quod
1404 767 1500 800 saluti
1533 768 1659 800 ratione
1674 764 1697 784 ⁴²
1730 769 1895 813 proficiat.

1950 770 2020 803 Vo-

75 817 150 846 cata
177 819 286 845 autem
315 814 538 857 consuetudo,
566 814 644 857 quia
666 814 698 846 in
726 816 894 847 communi
922 821 970 848 est
997 828 1054 849 usu
1068 814 1100 850 ⁴³.

238 863 272 898 4.
328 864 444 898 Omnis
471 872 581 898 autem
609 866 662 898 lex
691 870 746 898 aut
773 867 934 910 permittit
964 868 1108 911 aliquid,
1136 866 1226 903 ut⁴¹2
1259 869 1450 915 l'irsortis
1472 873 1573 914 petat
1591 870 1813 914 praemium.-
1841 876 1895 904 aut
1923 877 2021 913 vetat,

73 919 124 948 ut:
152 915 349 949 Sta-rarum
376 917 554 962 virginum
580 917 723 962 nuptias
748 919 836 951 ualli
857 923 982 964 petere
1008 920 1131 953 liccat:
1157 927 1213 954 aut
1239 923 1351 966 punit,
1379 927 1431 955 ut:
1463 920 1534 968 Qui
1561 921 1708 956 caedem
1725 921 1876 968 fecerit,
1905 924 2022 969 capite

70 967 259 1011 plectatur.

239 1017 255 1035 r

73 1068 113 1101 sit
139 1069 222 1102 inter
250 1071 376 1114 probos
394 1068 412 1087 ¹⁷

238 1030 271 1051 o.
326 1019 450 1052 Factae
477 1026 551 1053 sunt
579 1016 727 1053 autem¹⁵
754 1020 865 1065 leges,
904 1027 940 1054 ut
967 1034 1080 1055 earum
1114 1028 1204 1056 metu
1237 1024 1384 1058 humana
1413 1029 1624 1058 coerceretur
1637 1021 1662 1042 ⁴⁸
1697 1024 1852 1066 audacia,
1885 1030 2021 1069 tutaque

439 1072 644 1113 innocentia,
673 1077 705 1104 et
731 1073 763 1104 in
790 1073 867 1117 ipsis
893 1073 1054 1118 improbis
1082 1075 1263 1108 formidato
1291 1076 1458 1121 supplicio
1487 1076 1671 1109 refrenetur
1698 1076 1841 1109 nocendi
1869 1077 2019 1111 facultas.

72 1120 174 1165 Legis
202 1122 289 1154 enim
316 1124 468 1166 praemio
493 1129 548 1156 aut
575 1135 687 1168 poena
714 1124 779 1156 vita
810 1124 1003 1158 moderatur
1030 1125 1188 1161 humana.

237 1173 270 1206 6.
323 1175 396 1206 Erit
422 1181 530 1208 autem
559 1176 613 1208 lex
640 1175 796 1217 honesta,
824 1176 923 1219 iusta,
958 1178 1141 1221 possibilis,
1176 1178 1360 1211 secundum
1392 1183 1560 1218 naturam,
1588 1178 1770 1210 secundum
1806 1179 2019 1211 consuetudi--

71 1234 146 1255 nem
174 1225 318 1267 patriae,
352 1226 428 1259 loco
457 1227 667 1271 temporique
695 1228 910 1269 conveniens,
942 1229 1142 1270 necessaria,
1170 1230 1274 1269 utilis,
1310 1230 1484 1262 manifesta
1511 1225 1699 1272 quoque'ffl,
1736 1241 1778 1261 ne
1806 1229 1930 1272 aliquid
1958 1242 2019 1274 per

71 1275 306 1309 obscuritatem
334 1277 365 1309 in
386 1279 578 1321 captionem
594 1275 616 1294 ⁴⁹
644 1278 820 1319 contineat,
848 1279 940 1311 nullo
968 1280 1098 1323 privato
1126 1281 1328 1321 commodo,
1356 1280 1414 1313 sed
1441 1291 1505 1324 pro
1534 1280 1702 1314 communi
1729 1281 1851 1314 civium
1880 1281 2018 1313 utilitate

71 1327 195 1359 conseri
200 1333 265 1370 pta.

663 1429 691 1463 C
719 1431 749 1463 A
776 1431 813 1464 P.
867 1432 924 1464 Xl.

1008 1432 1076 1464 Dc

1127 1433 1428 1464 sententia.

238 1505 268 1538 l.
323 1505 492 1537 Sententia
519 1510 566 1537 est
590 1505 717 1539 (lictum
746 1506 987 1550 impersonale,
1024 1512 1078 1540 ut:

300 1564 512 1608 Obsequizmz
539 1566 688 1606 (unicos,
716 1567 848 1599 veritas
873 1567 992 1600 odium
1026 1563 1172 1612 paritffl.

68 1619 191 1654 Huic⁵¹
224 1623 247 1655 si
289 1636 429 1668 persona
460 1622 592 1658 fuerit52
619 1622 801 1667 adiectam,
838 1626 929 1660 chria
965 1623 1077 1667 erit⁵⁴‚
1120 1627 1180 1658 ita:
1223 1624 1369 1672 offendit
1406 1625 1564 1658 Achilles
1598 1625 1901 1671 Agamemnonem
1930 1637 2014 1658 vera

68 1673 235 1707 dicendo.
261 1673 341 1709 14⁵³:
370 1676 624 1722 Metrophanes
648 1678 843 1722 promeruit
870 1680 1032 1724 gratiam

68 1791 126 1811 om.
151 1784 206 1811 Gu.
226 1787 252 1813 1.
272 1802 307 1806 —
338 1787 382 1822 QG)
406 1786 479 1813 aliis
501 1796 548 1824 pr.
574 1797 619 1814 va.
645 1806 682 1810 —
707 1788 752 1822 27)
779 1787 827 1815 Sic
848 1788 905 1816 Gu.
921 1790 949 1818 2.
973 1798 1017 1816 va.

67 1826 136 1858 (om.
159 1825 241 1864 non.)
264 1826 314 1854 Ar.
342 1843 384 1848 —
417 1829 490 1856 aliis
521 1829 601 1866 vulg.
632 1846 672 1851 —-
702 1829 747 1868 28)
778 1829 884 1858 Eidem
915 1831 971 1858 Gu.
988 1833 1015 1861 2.

67 1866 119 1895 Ar.
135 1871 163 1895 et
179 1867 239 1899 Cio.
264 1886 301 1889 -—
333 1869 413 1898 Idem
435 1872 516 1909 vulg.
547 1888 589 1892 —
619 1871 699 1900 Idem
719 1874 828 1910 putari
850 1874 906 1901 Gu.
925 1872 952 1903 4.
976 1889 1017 1894 —

68 1909 117 1945 29)
134 1919 193 1935 esse
216 1909 318 1938 addidi
342 1922 356 1940 e
380 1914 436 1944 Gu.
453 1917 479 1944 1.
495 1914 531 1942 al.
550 1930 589 1935 —
613 1913 659 1953 30)
683 1915 733 1943 Sic
747 1925 844 1943 va.—
860 1916 916 1944 Gu.
935 1917 961 1946 1.
979 1915 1016 1944 al.

66 1952 122 1980 vel.
147 1951 233 1989 Vulg.
258 1963 314 1982 orn.
339 1956 483 1993 copulam.
512 1973 546 1978 —-
579 1955 628 1996 31)
652 1957 700 1985 Sic
725 1958 782 1987 Gu.
802 1961 827 1988 1.
843 1958 872 1988 4.
895 1967 941 1987 va.
969 1958 1016 1986 Ar.

65 2010 107 2015 —
129 1994 321 2023 clauduntur
342 1998 420 2035 vulg.
443 2015 484 2020 —
507 2002 554 2036 32)
578 1999 624 2027 Sic
642 2000 698 2028 Gu.
721 2003 748 2032 1.
771 2003 801 2032 2.
825 2011 870 2039 pr.
895 2010 939 2030 va.
964 2001 1014 2031 Ar.

66 2052 106 2056 ——
130 2036 206 2075 quid
227 2039 308 2075 vulg.
338 2055 379 2061 —
409 2041 457 2077 33)
481 2041 529 2069 Sic
557 2042 613 2071 Gu.
632 2046 657 2073 1.
676 2046 705 2074 2.
729 2059 770 2064 -—-
793 2049 850 2070 aut
875 2043 952 2080 vulg.
972 2059 1015 2064 —

65 2078 111 2117 34)
136 2079 257 2108 edicunt
277 2081 314 2110 al.
328 2098 369 2103 —
385 2081 431 2122 35)
455 2084 502 2111 Sic
521 2085 575 2112 Gu.
593 2087 620 2114 1.
634 2102 675 2106 »-
698 2096 762 2112 mos
786 2096 853 2114 vero
877 2092 918 2113 est
936 2085 1013 2122 vulg.

66 2136 106 2142 --
129 2128 169 2149 est
193 2133 249 2151 om.
272 2134 319 2152 va.
348 2141 386 2145 —
410 2127 457 2161 36)
481 2132 612 2154 traclanl
637 2127 692 2155 Gu.
712 2130 740 2158 2.
759 2145 796 2149 -
821 2134 959 2156 tractans
977 2129 1013 2156 al.

66 2178 108 2184 —·
131 2170 270 2193 tractans
293 2172 411 2194 lantum
437 2168 472 2195 ul.
488 2185 528 2190 —
544 2175 683 2197 trac-lans
705 2170 785 2198 unde
809 2171 844 2199 al.
862 2187 899 2192 —
915 2170 961 2210 37)
975 2177 1017 2198 est

66 2205 168 2234 addidi
184 2217 197 2234 e
216 2209 270 2237 Gu.
287 2211 312 2239 1.
330 2212 357 2240 2.
376 2210 424 2238 Ar.
454 2226 496 2231 —
523 2210 569 2251 38)
594 2212 642 2240 Sic
659 2213 714 2241 Gu.
733 2216 757 2244 1.
776 2216 805 2244 2.
829 2214 952 2253 (omisso
968 2212 1017 2254 dc)

66 2248 115 2275 ius
124 2249 278 2287 quoddam
287 2252 422 2279 moribus
430 2254 615 2289 institutum,
627 2254 771 2293 quodpro
782 2257 844 2294 lege
852 2258 1019 2294 suscipitur

67 2291 145 2329 vulg.
163 2307 205 2313 —
228 2293 273 2331 39)
298 2294 345 2322 Sic
363 2296 419 2322 Gn.
440 2298 465 2326 1.
483 2299 509 2327 2.
527 2300 597 2327 (non
614 2308 669 2336 pro
685 2298 747 2336 nec)
771 2299 822 2327 Ar.
846 2310 893 2338 pr.
918 2310 964 2327 va.
977 2314 1019 2320 —-

65 2331 152 2371 Vulg.
171 2346 222 2362 nec
244 2338 398 2374 Scriptura
418 2344 473 2365 aut
496 2340 612 2367 rollone
635 2342 789 2370 consistat.
805 2358 848 2363 —-
870 2342 915 2380 40)
941 2353 1019 2380 quo-

67 2375 149 2403 niam
173 2378 211 2405 al.
234 2394 276 2400 —-
298 2379 343 2418 41)
368 2382 415 2408 Sic
440 2381 496 2410 Gu.
516 2384 541 2413 1.
563 2399 603 2404 —
626 2384 687 2410 ιῖαιη
712 2383 795 2421 quod
815 2384 895 2422 vulg.
909 2401 951 2406 —
973 2385 1019 2420 42)

1059 1678 1284 1711 Mithridatis
1311 1677 1539 1722 obsequendo.

1061 1790 1178 1816 ratione
1201 1787 1303 1815 addidi
1329 1797 1343 1816 e
1368 1788 1423 1815 Gu.
1445 1789 1472 1817 1.
1503 1802 1545 1807 —
1576 1785 1624 1823 43)
1647 1785 1696 1813 Sic
1722 1786 1778 1813 (αὐ.
1797 1789 1824 1816 1.
1849 1802 1891 1807 --
1914 1792 1955 1813 es!
1983 1789 2014 1814 m

1061 1832 1216 1858 communi
1232 1841 1292 1858 usa
1308 1831 1386 1868 vulg.
1409 1846 1450 1850 —
1479 1830 1525 1863 44)
1549 1828 1628 1866 vulg.
1655 1828 1722 1856 add.
1746 1834 1787 1856 est
1810 1828 1909 1865 illud,
1934 1829 2013 1867 quod

1062 1884 1119 1903 oui.
1146 1874 1201 1902 Gu.
1222 1876 1248 1905 1.
1268 1876 1295 1905 2.
1311 1873 1359 1901 Ar.
1378 1883 1424 1901 va.
1441 1888 1483 1892 -
1505 1873 1553 1908 45)
1576 1876 1679 1899 autem
1697 1881 1754 1900 om.
1779 1881 1821 1900 va.
1837 1887 1879 1893 —·
1901 1870 1949 1911 46)
1965 1873 2013 1900 Sic

1062 1917 1120 1946 Gu.
1141 1919 1167 1948 1.
1191 1931 1231 1937 —
1255 1921 1425 1943 coerceatur
1447 1914 1527 1950 vulg.
1548 1931 1587 1936 —-
1611 1915 1655 1948 47)
1681 1914 1729 1941 Sic
1747 1914 1802 1942 Gu.
1824 1916 1849 1944 1.
1866 1917 1893 1946 2.
1909 1924 1956 1943 va.
1973 1931 2011 1935 ——

1061 1958 1213 1997 improbo-9
1234 1959 1315 1996 vulg.
1337 1974 1378 1979 —
1406 1957 1453 1994 43)
1479 1957 1528 1985 Sic
1553 1957 1608 1985 Gu.
1635 1959 1663 1987 1.
1682 1958 1711 1986 2.
1740 1967 1789 1995 pr.
1819 1966 1865 1984 va.
1897 1956 1947 1985 Ar.
1972 1973 2011 1978 —

1058 2003 1284 2039 manifestaque
1314 2001 1395 2038 vulg.
1426 2014 1464 2020 ——
1494 1999 1539 2037 49)
1569 1999 1617 2027 Sic
1643 1999 1699 2027 Gu.
1724 2002 1753 2031 1.
1775 2010 1821 2038 pr.
1851 2000 1903 2028 Ar.
1932 1999 2011 2038 quod

1056 2045 1217 2082 significat:
1250 2044 1331 2082 quod
1357 2053 1418 2071 esse
1438 2042 1534 2081 possit
1555 2041 1701 2080 captioni3
1732 2041 1790 2070 hoc
1814 2052 1875 2070 nou
1898 2042 2010 2070 intelli-

1058 2092 1160 2125 gentes
1180 2087 1292 2115 scribae
1308 2090 1476 2125 posuerunt
1492 2086 1525 2112 in
1542 2086 1688 2122 capitone,
1703 2089 1736 2113 ut
1754 2085 1809 2113 Gu.
1820 2087 1850 2116 2.
1867 2095 1915 2116 va.
1931 2085 2010 2113 Pau-

1056 2130 1103 2158 lus
1126 2131 1258 2158 Sentent.
1276 2129 1310 2162 V,
1335 2131 1384 2160 33.
1410 2139 1446 2156 ne
1468 2129 1538 2166 quis
1560 2128 1590 2155 in
1614 2129 1781 2166 captionem
1807 2127 1961 2155 verborum
1979 2128 2010 2153 m

1057 2172 1189 2200 cavendo
1213 2171 1339 2200 incidat.
1357 2187 1397 2193 --
1415 2171 1496 2208 vulg.
1521 2180 1579 2199 om.
1604 2172 1646 2198 in.
1660 2187 1695 2192 ·-
1718 2170 1765 2209 50)
1781 2170 1899 2198 Terent.
1918 2169 2007 2197 Andr.

1062 2216 1090 2251 l,
1116 2219 1150 2252 1,
1173 2215 1222 2245 41.
1253 2231 1294 2236 -
1325 2216 1369 2252 51)
1401 2215 1488 2242 Huic
1509 2213 1595 2241 Arev.
1621 2223 1667 2241 va.
1695 2229 1728 2234 —-
1756 2214 1841 2241 Ηίιιε
1866 2213 1945 2249 vulg.
1968 2226 2007 2231 —-

1061 2260 1110 2294 52)
1127 2259 1226 2295 fuerit
1252 2257 1339 2288 Arev.
1363 2267 1408 2285 va.
1431 2256 1597 2293 —fuerat
1617 2256 1698 2293 vulg.
1721 2272 1762 2277 —
1784 2258 1830 2289 53)
1852 2254 1933 2292 vulg.
1956 2252 2007 2281 atl-

1063 2299 1123 2329 dit:
1149 2299 1184 2329 id
1205 2306 1247 2327 est
1271 2299 1439 2336 iudicium,
1470 2309 1546 2337 quae
1570 2308 1626 2327 om.
1652 2298 1709 2326 Gu.
1726 2301 1753 2330 1.
1770 2301 1798 2329 2.
1821 2298 1872 2327 Ar.
1897 2307 1943 2325 va.
1967 2311 2004 2315 —

1063 2341 1109 2381 54)
1132 2345 1218 2370 crian
1241 2343 1295 2370 Gu.
1316 2345 1346 2373 2,
1367 2353 1410 2381 pr.
1436 2351 1483 2370 va.
1506 2357 1547 2363 —
1571 2341 1659 2368 crisis
1676 2351 1737 2369 var.
1759 2340 1825 2368 lect„
1848 2349 1895 2377 ap.
1918 2335 2004 2365 Goth-

1062 2401 1104 2406 —
1126 2384 1176 2425 55)
1199 2391 1231 2414 ut
1251 2386 1307 2414 Gu.
1325 2387 1368 2420 1.,
1390 2395 1448 2423 pro
1473 2394 1532 2422 quo
1556 2383 1713 2420 legendum
1738 2387 1778 2409 et.

1527 2426 1558 2458 K
1580 2427 1599 2449 *
