2264 2830
769 100 1017 136 ORIGINUM

220 199 253 235 7.
309 199 479 231 Saunbuca
507 198 538 230 in
566 197 695 230 musicis
724 197 850 241 ¹species
887 202 934 230 est
967 197 1253 242 symphoniarum.

54 251 97 285 (le
108 247 133 268 ⁴²
160 251 260 285 tibiae
291 254 544 295 componuntur.

219 311 253 344 8.
307 306 526 343 ΡιιῐιιΙοτίιις*3
552 309 594 341 ab
622 309 791 341 inventore
818 313 965 342 vocatus.

1048 102 1193 137 LIBER
1222 104 1281 138 III.
1934 105 2006 138 llo

1307 198 1366 230 Est
1399 197 1483 231 enim
1520 207 1626 242 genus
1656 196 1738 241 ligni
1767 196 1910 241 fragilis,
1943 210 2003 231 un-

1020 309 1072 341 De
1099 321 1167 352 quo
1197 309 1372 354 Virgilius:

283 362 362 395 Ιάη
387 357 560 407 primm-1¹¹
589 361 749 393 calamos
771 371 855 393 vera
883 361 1098 405 ‹fmn'ungerc
1123 362 1243 405 plures

286 413 455 454 Instituit,
482 412 560 445 Pan
588 416 690 445 curat
719 423 814 453 oves,
843 412 1023 456 oviumque
1050 409 1287 457 magistros-⁴⁵.

64 473 143 506 Fuit
168 474 253 506 enim
281 473 373 518 apud
401 473 541 518 gentiles
568 472 658 506 Deus
682 472 875 517 pastoralis,
903 473 959 515 qui
981 473 1106 518 primus
1133 473 1282 517 dispares
1311 470 1458 505 calamos
1487 470 1528 502 ad
1553 476 1684 503 cantum
1714 470 1857 514 aptavit,
1886 475 1917 502 et
1939 475 2006 502 stu-

57 525 151 558 diosa
178 531 248 558 arte
275 525 473 569 composuit.

213 627 241 661 C
268 628 299 660 A
327 627 364 661 P.
420 627 508 660 XXI.

588 627 651 660 Dc
685 628 828 660 tertia
856 626 1097 669 divisione,
1133 637 1246 671 quac
1283 624 1512 669 rythmico
1550 629 1846 669 nuncupatur.

222 712 255 745 l.
311 712 427 745 Tertia
453 713 570 745 divisio
599 717 648 745 est
660 710 684 730 ⁴¹⁵
711 713 896 756 Q‘thmica,
925 712 1090 756 pertinens
1119 712 1161 744 ad
1190 723 1308 744 nervos
1321 708 1346 728 4⁷
1374 716 1407 743 et
1433 710 1563 754 pulsuS‚
1590 710 1642 742 cui
1666 709 1784 741 dantur
1804 709 1932 754 species
1959 710 2007 742 ci-

57 763 228 797 thararum
263 762 518 805 diversarumffl,
562 770 758 808 tympanum
799 770 830 797 et
866 761 1112 808 cymbalumffl,
1148 764 1295 803 sistrum,
1331 762 1508 795 acetabula
1521 758 1545 777 ³⁵⁰
1578 773 1682 794 aenea
1716 758 1801 793 vel⁵¹
1839 766 2009 805 argentea,

56 815 110 848 vel
144 816 227 855 alia,
267 827 354 859 quae
386 817 554 850 metallico
568 813 593 833 ⁵²
628 817 741 861 rigore
774 827 930 860 percussa
943 812 968 832 ⁵³
1002 816 1147 849 reddunt
1180 827 1257 849 cum
1300 815 1460 847 suavitate
1496 813 1649 846 tinnitum
1683 818 1715 844 et
1750 819 1859 845 cetera
1894 812 2009 844 huius-

57 867 192 901 cemodi
202 863 236 899 ⁵⁴.

224 918 258 951 2.
312 918 470 952 Citharae
493 930 533 953 ac
559 918 706 963 psalterii
732 922 884 962 repertor
906 914 1067 959 'rulial⁵⁵‚
1095 923 1131 951 ut
1148 918 1356 962 praedictum
1374 922 1431 957 est,
1454 916 1660 961 perhibetur.
1700 915 1792 947 quta
1819 914 2010 958 opinionem

59 976 170 1004 autern
199 970 408 1003 Graecorum
436 971 583 1004 citharae
611 982 685 1003 usus
715 976 864 1014 repertus
892 970 988 1002 fuisse
1023 970 1169 1003 creditur
1203 971 1244 1003 ab
1272 966 1476 1014 Apolliuuffffi,

1544 968 1669 999 Forma
1704 966 1851 999 citharae
1885 962 2010 998 initio⁵⁷

58 1018 206 1055 similisffi
232 1022 329 1055 fuisse
359 1022 497 1055 traditur
510 1019 534 1039 ⁵⁰
561 1022 690 1067 pectori
703 1020 728 1039 ‘⁵⁰
755 1021 923 1061 humano,
951 1022 1044 1066 quod
1072 1023 1118 1054 uti
1145 1033 1210 1054 vox
1236 1034 1255 1054 a
1275 1027 1415 1065 pectore
1429 1018 1471 1060 ⁶⁵¹,
1505 1019 1550 1052 ita
1578 1030 1619 1051 ex
1647 1019 1718 1063 ipsa
1747 1023 1860 1051 cantus
1889 1018 2009 1051 edere-

59 1078 127 1115 tur,
155 1071 463 1118 appellatamque⁰²
492 1074 611 1107 eadem
639 1074 683 1106 de
710 1084 818 1108 causa.

873 1074 959 1106 Nam
987 1079 1104 1118 pectus
1131 1074 1256 1107 Dorica
1282 1074 1399 1117 lingua
1426 1068 1565 1118 κιθάρα
1592 1066 1774 1103 νοοεὶῑυτω.

224 1133 257 1166 3.
311 1135 475 1167 Paulatim
503 1139 613 1167 autem
632 1134 746 1179 plures
775 1134 842 1167 eius
869 1131 1029 1178 species‘ss
1057 1134 1241 1174 extiterunt,
1270 1138 1305 1166 ut
1322 1132 1495 1177 psalteria,
1523 1131 1626 1174 lyrae,
1649 1125 1846 1163 barbitaeffi.
1894 1128 2011 1161 Phoe-

59 1185 147 1218 nices
175 1191 207 1218 et
231 1186 382 1229 pectides
394 1182 437 1226 ⁰⁶,
479 1190 511 1219 et
537 1197 624 1229 quae
651 1186 805 1218 (licuntur
831 1186 982 1227 Indicae,
1027 1191 1059 1218 et
1092 1186 1253 1218 feriuntur
1287 1197 1307 1217 a
1334 1184 1465 1217 duobus
1499 1183 1606 1215 simul.

60 1237 144 1269 aliae
156 1234 198 1278 ⁰⁷,
227 1241 260 1270 et
284 1237 448 1280 quadrata
471 1237 581 1270 forma
606 1237 659 1270 vel
670 1234 695 1254 ⁶⁸
719 1237 885 1281 trigonali.

1677 1182 1759 1214 Item
1795 1180 1878 1212 aliae
1910 1186 2010 1223 atque

223 1288 257 1320 4.
313 1289 501 1321 Cordarum
529 1290 628 1321 etiam
653 1300 808 1320 numerus
837 1287 1074 1330 multiplicatus
1097 1283 1197 1327 θείω,
1228 1291 1259 1318 et
1291 1280 1571 1320 commutaturum
1597 1294 1711 1328 genuS.
1750 1278 1920 1315 Veteres³¹
1949 1293 2009 1313 au-

61 1344 128 1371 tem
156 1338 317 1372 citharam
345 1340 539 1381 fidiculam,
568 1340 621 1372 vel
658 1339 792 1372 {idicem
806 1336 830 1355 ⁷²
865 1339 1136 1378 nominaverunt,
1179 1338 1257 1381 quia
1292 1342 1358 1370 tam
1394 1338 1573 1370 concinunt
1606 1336 1690 1367 inter
1718 1346 1751 1367 se
1778 1334 1902 1367 cordae
1930 1333 2008 1372 eius,

60 1401 160 1433 quum
188 1391 275 1423 bene
304 1392 478 1424 conveniat
489 1387 514 1408 ⁷³
546 1391 630 1424 inter
654 1402 738 1434 quos
766 1390 849 1424 tides
876 1391 926 1423 sit.

61 1438 127 1474 et⁷5
155 1442 312 1487 Virgilius
324 1439 364 1475 ⁷⁶:

288 1492 436 1539 Septem
463 1493 669 1526 discrimina
693 1503 825 1526 vocum.

52 1577 142 1615 phos,
166 1578 259 1604 stolia
281 1579 376 1605 missa
398 1577 571 1615 appellatur
593 1578 624 1606 Z.
649 1593 686 1599 —
712 1578 794 1605 Mem
810 1577 922 1604 Graece
933 1575 1012 1613 plzos

59 1630 122 1656 uox,
146 1620 240 1647 stolia.
261 1621 357 1648 mis-sa
370 1621 484 1648 Latine
498 1621 593 1648 missa
616 1631 684 1658 app.
704 1620 760 1648 Gu.
777 1622 806 1650 2.
830 1629 877 1647 va.
901 1620 1011 1656 (missa

56 1660 139 1700 Lat.)
165 1678 207 1684 --
237 1663 320 1691 Num
347 1664 400 1691 Gr.
411 1662 490 1701 phos
512 1673 567 1690 vox
590 1663 671 1690 stola
700 1663 805 1697 (stolia
828 1660 888 1700 pr.)
912 1662 1009 1688 missa

55 1715 124 1743 app.
148 1704 237 1735 Arev.
264 1716 310 1734 va.
348 1705 468 1734 Omittit
498 1705 577 1734 hanc
600 1705 808 1744 etymologiam
828 1705 925 1742 vulg,
957 1703 1008 1732 scd

54 1743 170 1786 rece'pi,
201 1747 281 1785 quod
310 1749 341 1776 in
365 1748 502 1776 omnibus
522 1748 605 1776 libris
628 1748 672 1776 sit.
718 1749 906 1785 Quamquam
928 1756 1005 1774 neu-

55 1794 135 1817 trum
158 1790 283 1818 verbum
307 1791 452 1819 Graecum
477 1795 529 1820 est.
577 1788 648 1826 Φώς
670 1795 715 1819 est
737 1801 751 1818 a
775 1791 855 1828 φημί
870 1794 899 1818 et
916 1787 1006 1818 στόλοι

55 1842 70 1859 a
95 1830 210 1861 στέλλω.
243 1832 348 1862 Isidori
377 1838 474 1862 autem
505 1843 566 1862 esse
595 1838 676 1862 certo
709 1833 870 1869 affirmem,
912 1841 1005 1870 quum

54 1874 213 1913 ineptiores
246 1875 332 1904 etiam
354 1876 546 1914 etymologias
574 1876 676 1905 afferat
712 1881 741 1905 et
770 1875 860 1904 verba
892 1874 1005 1902 Graeca

53 1927 69 1945 a
91 1927 122 1945 se
144 1916 280 1954 conficta,
303 1918 411 1956 quibus
433 1929 485 1947 sua
506 1918 668 1948 confirmet.
683 1936 722 1941 -—
745 1918 791 1958 42)
816 1918 901 1955 Vulg.
926 1916 1005 1945 unde

53 1964 87 1994 et,
113 1959 165 1988 sed
188 1965 215 1987 et
239 1970 288 1988 om
315 1961 370 1989 Gu.
390 1963 415 1992 1.
433 1964 461 1993 2.
475 1977 517 1983 ——
536 1960 585 2002 43)
607 1961 762 1990 Pandam
784 1962 869 1990 Arev.
891 1976 933 1982 ·-
955 1959 1002 1999 44)

49 2003 166 2040 primos·
189 2003 246 2030 Gu.
264 2005 291 2034 2.
321 2019 363 2024 -
392 2005 525 2041 primum
547 2004 584 2034 al.
617 2023 654 2027 —
684 2005 733 2042 45)
766 2005 949 2042 magistrum
971 2003 1003 2031 Z.

52 2045 147 2073 Locus
180 2044 280 2082 Virgit.
312 2049 356 2074 est
378 2045 477 2084 Eclog.
491 2046 535 2083 ΙΙ,
567 2049 617 2078 32.
647 2064 680 2068 —
708 2048 752 2082 46)
775 2047 824 2076 Sic
847 2047 903 2075 Gu.
920 2048 946 2076 1.
960 2060 1002 2066 -

56 2089 131 2116 Tert.
155 2092 197 2115 est
220 2086 282 2115 div.
306 2087 386 2125 vulg.
412 2103 448 2109 —
472 2090 517 2128 47)
539 2100 679 2118 numero-s·
702 2090 732 2119 Z.
752 2105 793 2111 —
823 2088 869 2128 43)
893 2088 1000 2116 divers.

53 2129 124 2157 citlz.
148 2140 195 2160 va.
212 2130 313 2167 —49)
339 2136 517 2168 tympanum
540 2143 658 2171 quoque
679 2132 774 2170 qimb.
798 2133 828 2160 Z.
854 2132 910 2161 Gu.
930 2133 956 2162 1.
971 2133 1000 2161 2-

50 2182 97 2212 pr.
119 2182 166 2201 va.
191 2188 228 2194 —
253 2175 297 2206 50)
325 2173 374 2201 Sic
394 2174 426 2202 Z.
452 2174 507 2203 Gu.
526 2177 551 2204 1.
569 2175 618 2204 Ar.
642 2191 684 2198 —-
705 2175 897 2204 acitabulum
920 2173 1000 2210 vulg.

50 2230 92 2237 —
119 2213 168 2255 51)
191 2214 240 2243 Sic
263 2215 294 2244 Z.
317 2216 372 2244 Gu.
388 2219 414 2247 1.
437 2232 479 2237 —
500 2219 545 2251 52)
568 2219 599 2245 in
616 2218 729 2247 metull.
753 2219 782 2246 Z.
806 2234 849 2240 —
877 2220 921 2250 53)
951 2227 999 2243 re-

46 2267 192 2295 percussa
211 2258 268 2286 Gu.
285 2260 312 2290 1.
335 2258 372 2286 al.
389 2273 431 2279 -—
459 2257 505 2295 54)
531 2259 582 2288 Sic
607 2260 662 2288 Gu.
684 2263 709 2291 1.
725 2263 755 2292 2.
772 2260 809 2290 al.
829 2277 866 2282 --
883 2259 998 2286 hams-

49 2299 132 2328 modi
153 2299 234 2337 vulg.
259 2315 301 2322 —
330 2303 374 2335 55)
399 2300 491 2329 Iubal
512 2301 561 2329 Ar.
583 2318 618 2323 -
640 2304 684 2335 56)
708 2303 755 2331 Sic
773 2304 828 2332 Gu.
848 2306 872 2334 1.
894 2317 937 2324 —-
959 2301 997 2328 ab

49 2342 151 2381 Apoll.
182 2341 317 2371 creditur
347 2343 428 2382 vulg.
458 2359 498 2365 —
531 2343 570 2372 ab
596 2344 699 2383 Apoll.
719 2347 825 2383 fzusssse
854 2343 932 2374 cred.
964 2344 995 2374 Z.

980 1386 1161 1432 Antiqua⁷⁴
1194 1394 1304 1422 autem
1334 1388 1460 1422 cithara
1487 1386 1730 1432 septemcordis
1769 1390 1847 1418 erat.

1907 1384 2009 1417 Unde

1056 1574 1127 1604 cod.
1152 1574 1259 1603 Mutin.
1279 1574 1376 1603 addit:
1405 1572 1465 1601 Sed
1485 1580 1511 1601 et
1531 1573 1694 1611 gentilium
1716 1572 1808 1599 Plato
1832 1577 1897 1608 etex,
1931 1582 2005 1610 quae

1053 1617 1113 1646 huc
1139 1618 1278 1646 translata
1304 1622 1374 1645 sunt
1393 1627 1407 1645 e
1431 1627 1493 1655 cap.
1509 1616 1598 1645 LXX.
1614 1632 1648 1637 —
1674 1617 1718 1652 57)
1743 1616 1774 1642 in
1797 1615 1885 1641 inicio
1909 1624 2004 1643 va.—

1052 1658 1098 1699 58)
1123 1661 1235 1687 simili-s·
1259 1670 1306 1688 om
1331 1661 1360 1690 Z.
1384 1675 1424 1680 —
1461 1662 1505 1695 59)
1527 1658 1660 1686 credetur
1684 1657 1713 1685 Z.
1743 1673 1777 1678 —-
1804 1658 1931 1694 refertur
1955 1667 2000 1685 va.

1053 1719 1089 1724 —
1114 1704 1159 1741 60)
1177 1708 1297 1741 pectore
1329 1704 1386 1732 Gu.
1406 1705 1432 1733 1.
1457 1720 1495 1724 —
1526 1702 1573 1739 61)
1597 1701 1646 1729 Sic
1662 1700 1718 1730 Gu.
1737 1703 1762 1730 1.
1785 1715 1827 1721 --
1850 1698 1932 1738 quod
1953 1710 2004 1727 ve-

1050 1746 1108 1774 luti
1134 1756 1191 1773 vox
1214 1745 1250 1773 cle
1273 1752 1351 1784 pect.
1374 1745 1454 1783 vulg.
1490 1761 1525 1766 --
1558 1755 1617 1782 quo
1643 1744 1691 1771 uti
1711 1753 1767 1769 vox
1792 1753 1824 1770 ex
1851 1754 1885 1780 p.
1908 1743 1938 1770 Z.
1964 1752 2000 1770 vu

1051 1789 1077 1826 (e
1094 1789 1186 1827 peel.)
1216 1805 1253 1810 —
1282 1800 1342 1827 quo
1368 1788 1465 1816 veluti
1486 1796 1535 1826 pr.
1558 1802 1600 1808 -
1623 1787 1670 1814 uti
1692 1785 1780 1814 Arev.
1813 1801 1854 1805 —
1884 1786 1928 1822 62)
1952 1785 2000 1812 Sic

1049 1832 1080 1861 Z.
1098 1832 1189 1862 Gu.1.
1203 1834 1230 1863 2.
1254 1848 1287 1853 —
1310 1831 1526 1869 appellataque
1549 1829 1630 1867 vulg.
1653 1829 1804 1866 Frequens
1828 1826 1901 1856 haec
1931 1837 2000 1855 con-

1049 1874 1222 1903 structionis
1247 1875 1380 1903 variatio.
1406 1892 1443 1896 —
1468 1874 1513 1909 63)
1538 1872 1691 1899 citharam
1713 1872 1819 1898 vocari
1842 1871 1898 1898 Gu.
1915 1873 1944 1902 2.
1958 1886 1999 1891 —

1047 1917 1095 1954 64)
1118 1919 1228 1955 species
1244 1918 1309 1944 eius
1325 1918 1357 1946 Z.
1380 1932 1421 1937 -—
1444 1913 1491 1954 65)
1515 1916 1564 1943 Sic
1579 1915 1609 1943 Z.
1628 1914 1684 1942 Gu.
1700 1916 1726 1944 1.
1749 1913 1786 1941 al.
1810 1923 1859 1943 va.
1874 1929 1918 1935 —
1933 1913 1998 1940 bal-

1046 1959 1125 1988 bilae
1149 1960 1206 1989 Gu.
1223 1962 1250 1990 2.
1273 1976 1314 1981 —
1343 1958 1456 1987 barbita·
1480 1960 1545 1994 An,
1575 1957 1628 1986 sed
1660 1955 1736 1985 nihil
1758 1960 1884 1992 mutem,
1917 1955 1998 1994 quod

1045 2002 1178 2031 Isidorus
1200 2012 1287 2041 saepe
1309 2002 1382 2030 alias
1406 2000 1619 2030 declinationes
1641 2009 1750 2028 vocum
1773 1998 1865 2036 fingit.
1886 2015 1928 2020 -
1950 1997 1996 2034 66)

1041 2047 1173 2084 pectine-s
1199 2046 1235 2073 al.
1270 2061 1308 2066 -—
1340 2048 1385 2079 67)
1408 2044 1456 2072 Sic
1479 2044 1511 2074 Z.
1540 2043 1597 2072 Gu.
1624 2046 1648 2073 1.
1673 2044 1702 2073 2.
1731 2052 1777 2080 pr.
1808 2051 1856 2070 va.
1880 2040 1932 2069 Ar.
1955 2055 1996 2061 --

1044 2088 1126 2116 aliae
1147 2094 1250 2116 autem
1272 2094 1297 2116 et
1321 2088 1402 2115 aliae
1424 2086 1503 2123 vulg.
1530 2102 1566 2107 —
1600 2086 1647 2122 65)
1671 2090 1697 2112 et
1723 2085 1772 2112 Ar.
1800 2099 1832 2104 —
1866 2081 1914 2122 69)
1937 2084 1994 2109 tri-

1040 2131 1179 2169 plicatur
1201 2131 1231 2160 Z.
1254 2146 1295 2152 —
1317 2132 1362 2167 70)
1385 2134 1428 2158 est
1451 2127 1520 2157 add.
1547 2129 1604 2157 Gu.
1619 2130 1647 2159 2.
1669 2143 1704 2149 —
1731 2126 1778 2164 71)
1802 2124 1921 2154 Veteres
1943 2135 1994 2153 us-

1043 2183 1100 2211 que
1122 2174 1159 2202 ad
1182 2173 1320 2211 decalogt‘
1344 2173 1400 2211 leg.
1424 2182 1481 2201 om.
1502 2171 1534 2200 Z.
1559 2187 1598 2192 —
1620 2169 1667 2208 72)
1681 2168 1780 2208 fidem
1801 2169 1850 2197 Ar.
1875 2184 1915 2189 —
1944 2168 1991 2202 73)

1042 2216 1091 2244 Sic
1113 2217 1171 2245 Gu.
1195 2219 1220 2246 1.
1236 2218 1265 2247 2.
1287 2226 1334 2244 va.
1357 2231 1399 2237 —
1421 2215 1558 2242 convenit
1579 2213 1616 2242 al.
1639 2228 1680 2234 —
1703 2212 1886 2240 conveniunt
1911 2209 1989 2245 vulg.

1041 2274 1082 2280 —
1103 2258 1148 2298 74)
1173 2259 1222 2287 Sic
1239 2259 1295 2286 Gu.
1316 2261 1340 2289 1.
1358 2260 1385 2289 2.
1399 2268 1445 2286 vu.
1469 2258 1519 2285 Ar.
1543 2272 1585 2279 —-
1617 2256 1738 2294 antiqui
1761 2265 1806 2293 pr.
1832 2269 1872 2276 —-
1894 2253 1989 2280 Anca·-

1041 2303 1148 2339 quz'tus
1170 2302 1249 2339 vulg⁴
1273 2317 1314 2323 —
1344 2299 1390 2340 75)
1414 2306 1441 2328 et
1462 2299 1532 2328 add.
1559 2299 1615 2328 Gu.
1639 2301 1666 2330 1.
1683 2301 1711 2330 2.
1729 2307 1774 2336 pr.
1798 2306 1842 2326 va.
1869 2311 1909 2317 -
1940 2292 1985 2328 76)

1039 2344 1112 2374 Aen.
1130 2344 1184 2381 VI,
1208 2344 1278 2377 646-
