2203 2829
192 121 242 155 88

881 107 1059 144 ISlDORI
1085 105 1266 141 HISPAL.
1293 104 1435 140 EPISC.

360 210 418 244 13.
472 205 630 241 Divinalis
657 204 795 245 dicitur,
830 205 965 248 quando
993 208 1050 236 aut
1081 201 1289 234 ineffabilem
1319 204 1468 232 naturam
1496 198 1577 239 Dei,
1614 201 1671 230 aut
1703 194 1866 240 spiritales
1902 198 2067 227 creaturas
2095 204 2135 226 ex

196 266 307 310 aliqua
332 267 446 308 parte,
473 257 728 305 profundissima
755 256 914 299 qualitate
942 255 1138 288 disserimus.

362 313 420 346 14.

474 305 692 344 Doctrinalis¹
727 307 847 341 dicitur
881 308 1031 347 scientia,
1080 317 1167 349 quae
1201 304 1399 336 abstractam
1432 300 1621 334 considerat
1664 298 1890 342 quantitatem.

1958 295 2137 328 Abstracta

200 369 286 403 enim
313 365 473 410 quantitas
500 363 636 401 dicitur,
657 371 756 403 quam
784 359 955 393 intellectu
982 371 1001 391 a
1029 356 1165 390 materia
1192 360 1395 399 separantes,
1421 353 1475 384 vel
1503 352 1545 384 ab
1573 348 1665 383 aliis²
1688 348 1925 387 accidentibus,
1952 352 1987 379 ut
2001 351 2048 379 est
2063 357 2136 390 par,

199 421 325 464 impar,
352 417 406 449 vel
433 416 473 447 ab
501 407 772 453 huiuscemodi3,
799 413 832 444 in
852 412 924 444 sola
950 409 1197 443 ratiocinatione
1224 412 1411 440 tractamus,
1455 402 1556 437 Cuius
1570 402 1695 448 species
1718 406 1790 434 sunt
1806 395 1990 444 quatuor⁴:
2018 397 2136 430 Arith-

570 461 582 480 5

200 472 336 510 metica,
364 466 559 501 Geometria
589 488 599 505 ,
626 463 774 502 Musica,
811 463 1018 496 Astronomia
1030 459 1053 496 ⁶.

366 517 424 551 15.
479 515 699 550 Arithmetica
721 511 792 547 est⁷
826 515 1001 559 disciplina
1027 510 1213 556 quantitatis
1246 507 1459 541 numerabilis
1494 504 1675 538 secundum
1710 515 1754 537 se,

643 562 655 582 ⁹
681 566 860 599 immobilis
887 573 919 599 et
945 566 1127 598 formarum
1140 559 1172 597 ¹⁰.

197 630 270 666 tur,
303 622 360 667 qui
385 621 428 654 ad
457 619 580 664 aliquid
607 623 680 652 sunt
705 614 789 651 his-¹¹
825 618 880 661 qui
907 617 1113 650 inveniuntur
1139 614 1170 646 in
1198 613 1294 646 sonis.

200 572 373 617 disciplina
399 567 634 614 magnitudinis

1816 497 2059 535 Geometrica⁸
2091 503 2139 532 est

1232 560 1363 593 Musica
1391 563 1438 590 est
1465 556 1638 600 disciplina
1664 565 1750 599 quae
1777 553 1820 586 de
1848 553 1990 586 numeris
2025 551 2138 594 loqui-

1356 608 1568 643 Astronomia
1603 612 1649 640 est
1683 605 1872 650 disciplina,
1913 616 1999 648 quae
2025 613 2140 637 cursus

199 675 393 712 coelestium
423 666 671 714 siderumque¹²
698 671 822 714 figuras
848 669 1091 714 contemplatur
1125 676 1256 705 omnes,
1300 667 1332 695 et
1358 660 1569 694 habitudines
1595 658 1764 691 stellarum
1798 657 1885 690 circa
1919 667 1954 688 se
1986 659 2019 687 et
2052 654 2139 688 circa

199 734 321 762 terram
358 724 543 770 indagabili
570 722 696 755 ratione
723 721 896 765 percurrit.

366 776 426 812 16,
480 777 585 809 Porro
619 774 755 807 actualis
789 773 926 811 dicitur,
979 781 1065 814 quae
1101 780 1152 801 res
1184 765 1373 811 propositas
1406 762 1654 808 operationibus
1689 759 1752 792 suis
1788 758 1918 803 explica

201 834 312 875 partes
338 833 410 861 sunt
436 832 518 871 tres,
555 825 707 865 moralis,
735 824 954 869 dispensativa
983 827 1014 854 et
1040 820 1153 854 civilis.

201 887 310 916 nestus
338 879 522 924 appetitur,
549 882 581 911 et
607 876 749 910 instituta
764 873 787 892 ¹5
815 876 857 908 ad
884 876 1038 907 xirtutem
1066 871 1235 905 tendentia
1260 872 1507 913 praeparantur.

1133 922 1244 956 Civilis
1271 920 1411 960 dicitur,
1439 930 1500 964 per
1527 916 1743 961 quamtotius
1770 914 1906 948 civitatis
1934 912 2051 944 utilitas
2079 910 2140 943 ad-

202 934 412 967 mesticarum
439 941 548 964 rerum
576 929 740 974 sapienter
769 927 853 960 ordo
883 925 1078 971 disponitur.

203 984 410 1018 ministratur.

577 1048 606 1082 C
634 1049 663 1082 A
690 1049 726 1081 P.
779 1046 884 1081 XXV.

1921 763 1932 789 t
1944 753 1976 791 ¹³.
2039 756 2140 789 Cuius

1207 817 1348 850 Moralis
1382 815 1522 855 dicitur,
1556 825 1618 859 per
1657 816 1856 855 quam'mos
1883 805 2048 841 vivendi*⁴
2075 807 2141 840 ho-

1562 863 1790 908 Dispensativa
1808 861 1945 899 (licitur,
1973 870 2047 893 cum
2076 859 2141 890 do-

966 1045 1037 1077 De
1090 1042 1363 1088 Isagogis
1416 1031 1770 1084 Porphyris&

371 1120 401 1151 l.
455 1118 534 1150 Post
561 1116 802 1160 Philosophiae
830 1114 1061 1153 diffinitiones,
1088 1113 1120 1144 in
1147 1111 1266 1154 quibus
1294 1108 1494 1154 generaliter
1521 1106 1632 1139 omnia
1659 1104 1887 1140 continentur,
1916 1110 2001 1132 nunc
2030 1100 2143 1144 Isago-

214 1184 274 1217 gas
301 1169 483 1214 Porphyrii
510 1169 736 1212 expediamus.
792 1168 937 1209 Isagoga
960 1166 1088 1208 quippe
1117 1164 1266 1199 Graece,
1294 1161 1412 1194 Latine
1424 1156 1447 1176 ¹⁷
1474 1156 1676 1191 introductio
1705 1154 1841 1191 dicitur,
1870 1163 1985 1184 eorum
2009 1151 2144 1189 scilicet,

204 1224 261 1266 qui
284 1220 541 1264 Philosophiam
569 1220 743 1263 incipiunt:
782 1219 949 1251 continens
977 1218 1009 1248 in
1037 1227 1070 1247 se
1102 1213 1417 1246 demonstrationem
1451 1211 1633 1254 primarum
1666 1208 1829 1240 rationum
1864 1204 1907 1235 de
1934 1203 2084 1246 qualibet
2110 1213 2144 1234 re

206 1274 286 1318 quid
314 1274 369 1311 sit,
397 1283 522 1314 suaque
550 1276 639 1304 certa
665 1282 704 1302 ac
732 1268 930 1301 diffinitione
957 1266 1161 1299 substantiali
1175 1262 1197 1281 ¹²⁴
1224 1264 1422 1296 declaratur.

372 1323 404 1355 2.
458 1323 543 1355 Nam
570 1321 679 1366 posito
694 1317 715 1336 ¹⁹
742 1321 851 1365 primo
879 1330 1020 1363 genere,
1054 1316 1176 1349 deinde
1202 1315 1328 1359 species
1356 1319 1388 1346 et
1414 1312 1495 1351 alia,
1529 1322 1614 1354 quae
1640 1310 1747 1343 vicina
1779 1319 1848 1339 esse
1875 1311 2030 1350 possunt,
2067 1304 2146 1336 sub-

208 1376 386 1420 iungimus;
421 1385 460 1407 ac
487 1374 633 1406 discretis
661 1371 892 1405 communibus
906 1368 930 1386 ²⁰
957 1380 1165 1413 separamus,

1204 1366 1330 1399 tamdiu
1363 1365 1608 1408 interponentes
1641 1360 1862 1397 differentias,
1903 1367 2076 1400 quousque
2104 1355 2146 1387 ad

207 1427 382 1472 proprium
426 1426 494 1457 eius
507 1422 530 1441 ²¹
567 1424 610 1456 ‹le
637 1434 705 1466 quo
732 1422 938 1465 quaerimus,
974 1422 1100 1464 signata
1128 1419 1195 1451 eins
1230 1417 1442 1461 expressione
1480 1413 1728 1459 perveniamus,
1763 1416 1798 1443 ut
1825 1414 1921 1454 puta:
1962 1408 2077 1441 Homo
2101 1413 2148 1439 est

209 1478 330 1511 animal
357 1476 535 1515 rationale,
562 1475 703 1507 mortale
714 1471 755 1515 ²²,
782 1479 968 1510 terrenum,
997 1472 1109 1514 bipes,
1140 1466 1258 1501 ris-115²*

376 1527 409 1560 3.
465 1527 578 1559 Genus
606 1525 727 1557 animal
755 1536 830 1557 cum
859 1524 983 1556 dictum
1010 1519 1108 1560 estu,

212 1633 381 1665 exclusum
410 1635 458 1662 est
485 1629 538 1670 id,
566 1628 658 1671 quod
687 1632 743 1660 aut
768 1627 961 1659 aethereum
973 1623 998 1641 ²⁹

1151 1521 1330 1551 substantia
1368 1514 1534 1550 hominis'·

210 1581 382 1614 hominem
410 1590 514 1623 genus
542 1577 680 1615 animal,
707 1576 764 1607 sed
790 1575 866 1618 quia
894 1575 959 1606 late
987 1573 1139 1616 patebat,
1168 1571 1298 1603 adiecta
1325 1576 1372 1602 est
1395 1568 1520 1612 species
1532 1563 1572 1607 ²⁸,
1599 1566 1634 1598 id
1661 1562 1742 1597 est²³
1777 1570 1960 1596 terrenum:
1990 1567 2021 1593 et
2048 1562 2112 1593 iam

1025 1629 1080 1658 aut
1106 1623 1280 1655 humidum
1295 1619 1329 1654 ³⁰.

212 1688 287 1727 pter
314 1682 467 1715 animalia
493 1681 600 1726 posita
628 1684 691 1720 est,
719 1690 805 1722 quae
833 1678 941 1710 multis
969 1676 1109 1720 pedibus
1136 1675 1322 1707 innituntur.

1286 1479 1402 1512 capssY.

1527 1513 1547 1532 '⁵
1896 1512 1955 1544 Est
1986 1510 2072 1542 eiiim
2106 1508 2149 1540 ad

2126 1555 2150 1576 Ε

1582 1515 1751 1547 declarata
1786 1519 1842 1546 est.

1383 1618 1579 1652 Differentia
1613 1628 1713 1655 vero,
1749 1622 1783 1646 ut
1809 1615 1922 1657 bipes,
1956 1624 2042 1655 quae
2070 1622 2150 1656 pro-

1376 1673 1460 1704 ltem
1492 1669 1670 1707 rationale,
1704 1671 1844 1712 propter
1873 1665 1950 1704 illa,
1984 1675 2070 1707 quae
2097 1674 2150 1694 ra-

213 1735 303 1767 tione
331 1730 500 1778 egeantffl:
526 1732 666 1765 mortale
693 1736 803 1763 autem
834 1734 974 1774 propter
1000 1728 1053 1768 id,
1080 1726 1172 1770 quod
1200 1738 1265 1758 non
1290 1725 1426 1769 angelus
1454 1717 1547 1755 est²⁸².

302 1835 330 1872 l)
355 1834 432 1863 Edit.
463 1832 636 1861 Gothofred.
661 1832 872 1867 Doctrinalz's,
905 1835 965 1859 tum
990 1829 1160 1863 Diviualis,

215 1878 272 1906 hoc
288 1877 408 1911 ordine,
432 1887 519 1914 quem
542 1875 630 1904 habet
656 1875 821 1903 cassiodor.
850 1891 883 1894 ——
909 1875 936 1911 2)
961 1873 1034 1911 [lusi-s·
1055 1882 1097 1900 va.
1123 1889 1160 1893 —

215 1920 246 1957 3)
271 1920 337 1948 alia
351 1918 561 1947 Ιιαίιωςεηιωιίί
577 1919 624 1946 Ar.
644 1928 658 1946 e
677 1918 843 1946 cassiodor.
864 1932 902 1936 —
926 1916 963 1942 ul)
982 1913 1162 1942 huiuamodi

217 1973 263 1991 va.
286 1979 328 1983 —
353 1963 384 1998 4)
409 1962 487 1999 vulg.
503 1961 569 1988 add.
587 1961 696 1988 scilia!
709 1982 716 1996 ‚
735 1960 815 1998 quod
834 1969 890 1987 om.
906 1959 961 1985 Gu.
980 1961 1004 1989 1.
1021 1960 1048 1987 2,
1067 1958 1112 1984 Ar.
1125 1973 1160 1976 —

219 2006 248 2041 5)
277 2006 463 2033 Gwmcm-ica
481 2005 538 2033 Gu.
554 2006 582 2033 2.
603 2019 636 2024 —-
664 2005 693 2036 6)
718 2003 802 2040 Vulg.
823 2008 846 2029 et
870 2002 1010 2036 Aaron„
1034 1999 1085 2027 sed
1111 2009 1162 2026 co-

218 2048 317 2087 pulam
338 2057 394 2075 om.
420 2048 476 2074 Gu.
496 2049 522 2077 1.
540 2049 568 2077 2.
592 2056 636 2084 pr.
657 2055 702 2073 va.
725 2046 774 2072 Ar.
800 2060 836 2065 —-
868 2046 893 2078 Τ)
917 2049 957 2070 cst
982 2053 1038 2071 om.
1060 2044 1106 2069 Gu
1140 2044 1164 2070 1.

220 2108 257 2111 -
283 2089 311 2129 8)
335 2090 383 2118 Sic
399 2090 454 2117 Gu.
471 2092 497 2120 1.
521 2103 560 2109 —
586 2090 756 2116 (ieonum-icc
771 2087 849 2123 vulg.
874 2103 907 2106 ——
930 2091 956 2120 ἐν)
982 2085 1166 2123 quantitatis

220 2134 347 2171 magnit.
371 2143 417 2160 va.
442 2149 479 2153 —-
515 2130 560 2167 ¹0)
584 2131 632 2158 Sic
652 2131 707 2158 Gu.
728 2133 752 2161 1.
775 2130 823 2160 Ar,
844 2129 972 2157 Cassiod.
998 2145 1028 2148 ——
1061 2129 1166 2154 imnw-

223 2176 389 2213 biliumque
402 2176 581 2211 jin-maram
599 2173 677 2210 vulg.
698 2189 733 2193 —
758 2172 980 2208 irnrnolnlisqnc
993 2171 1165 2206 [ἰινηιιιι-ιιηι

224 2227 269 2255 pr.
292 2228 337 2246 va.
361 2236 398 2240 —-
422 2216 586 2244 immobilis
608 2217 787 2252 sin-marum
809 2216 864 2242 Gn.
886 2216 913 2244 2.
946 2229 985 2234 -—
1021 2211 1067 2252 11)
1094 2222 1166 2249 qma

225 2259 350 2297 aliquid
362 2266 430 2287 :sunl
447 2260 490 2295 ln',
507 2259 560 2296 qut?
574 2257 741 2286 Cassiodor.
765 2273 805 2278 —
830 2267 907 2293 quae
922 2257 979 2283 inv.
1000 2265 1044 2282 va.
1059 2271 1098 2275 -
1126 2252 1169 2292 12)

225 2301 360 2330 siderum
377 2308 467 2339 alque
487 2302 524 2330 al.
547 2316 588 2322 —
623 2303 665 2333 13)
691 2299 838 2337 explicare·
857 2297 1048 2325 contenditur
1066 2297 1103 2325 al.
1132 2312 1166 2316 —-

227 2343 272 2381 14)
295 2345 343 2372 Sic
368 2344 423 2372 Gu.
441 2348 467 2375 1.
484 2346 511 2374 2.
538 2361 570 2364 —
600 2345 657 2370 viv.
683 2353 746 2369 mos
769 2342 847 2377 vulg.
880 2357 917 2362 —
950 2342 996 2377 152)
1027 2341 1169 2366 zuslimttt

228 2397 304 2423 quae
319 2388 374 2416 Gu.
396 2389 420 2417 1.
449 2386 534 2413 Haud
560 2385 648 2413 dubie
666 2390 708 2413 est
729 2384 785 2411 alia
810 2383 882 2411 haec
909 2383 997 2410 lectio
1019 2384 1171 2409 [nrt-ilum-

1206 1839 1261 1866 qne
1278 1837 1332 1864 pro
1347 1832 1371 1853 et
1388 1825 1483 1852 instit.
1501 1840 1537 1843 —-
1562 1820 1605 1859 16)
1626 1819 1705 1848 Haec
1723 1827 1840 1857 quoque
1860 1817 1957 1845 omnia
1979 1815 2066 1844 habet
2083 1814 2151 1842 Cas-

1206 1870 1315 1898 siodor.
1337 1884 1371 1889 -
1399 1866 1442 1905 17)
1460 1867 1573 1894 Latmo
1586 1864 1641 1891 Gu.
1659 1866 1685 1892 1.
1711 1878 1748 1882 —-
1776 1864 1817 1895 18)
1837 1860 1885 1887 sic
1904 1860 1959 1887 Gu.
1979 1861 2004 1889 1.
2021 1875 2062 1879 —
2085 1856 2152 1885 suh-

1209 1919 1302 1940 alant.
1321 1910 1386 1950 ‹liffss
1407 1910 1486 1946 vulg.
1514 1924 1554 1929 —
1579 1904 1811 1943 19)p1aeposito
1827 1903 1862 1930 al.
1882 1918 1922 1923 —
1950 1901 1997 1938 ΞΟ)
2018 1910 2153 1928 commu—

1207 1955 1347 1983 nionibus
1363 1954 1449 1981 Arev.
1472 1967 1504 1971 —-
1528 1949 1573 1988 21)
1597 1950 1661 1975 eius
1681 1946 1746 1975 add.
1769 1947 1825 1975 Gu.
1846 1949 1869 1975 1.
1887 1947 1915 1974 2.
1933 1943 1982 1971 Ar.
2004 1953 2050 1971 va.
2073 1943 2154 1981 (pri-

1209 2008 1289 2025 mum
1306 2006 1359 2035 pro
1373 1993 1559 2033 proprium..)
1583 2007 1624 2012 —-
1649 1994 1693 2023 ⁶22)
1718 1988 1844 2016 mortale
1860 1997 1914 2014 oni.
1930 1986 1986 2014 Gu.
2003 1988 2033 2016 2.
2049 2002 2090 2006 -
2105 1985 2151 2020 23)

1210 2042 1257 2068 Sic
1275 2040 1332 2068 Gu.
1350 2043 1375 2068 1.
1393 2041 1420 2069 2.
1439 2036 1532 2070 (risu)
1552 2044 1597 2073 pr.
1617 2044 1663 2061 ra.
1679 2033 1726 2060 Ar.
1743 2050 1778 2053 -—
1798 2032 1939 2067 risusque
1951 2028 2033 2066 vulg,
2048 2043 2090 2050 —
2106 2027 2151 2059 24)

1207 2094 1318 2123 genus,
1340 2079 1551 2119 flandriis-tum
1570 2075 1689 2104 animal
1705 2074 1741 2102 al.
1766 2089 1807 2094 -
1827 2082 1923 2110 genus
1947 2081 2015 2098 cam
2039 2069 2153 2096 dictum

1210 2132 1249 2153 ens-t
1273 2123 1391 2152 animal
1411 2122 1449 2149 al.
1476 2137 1509 2141 —
1532 2130 1628 2157 gemas
1653 2117 1772 2144 animal
1791 2115 1906 2142 ‹l1cltzm
1923 2118 1963 2140 est
1982 2112 2017 2140 al.
2049 2128 2078 2132 —
2107 2111 2150 2146 25)

1211 2168 1295 2204 Vulg.
1312 2168 1411 2204 ipatus
1429 2164 1508 2191 hom.
1521 2185 1528 2195 ,
1551 2161 1603 2189 sed
1626 2169 1787 2199 pronomen
1813 2168 1871 2185 oni.
1888 2156 1941 2183 Gn.
1961 2159 1986 2186 1.
2003 2158 2030 2186 2.
2046 2156 2092 2181 Ar.
2107 2161 2153 2180 va.

1211 2226 1251 2232 .-.
1274 2209 1318 2247 26)
1343 2209 1430 2235 lwmv
1445 2204 1526 2233 addit
1545 2205 1599 2232 (ἆυ.
1620 2207 1644 2232 1.
1663 2221 1699 2224 —-
1725 2202 1770 2240 27)
1796 2199 1830 2227 id
1849 2204 1890 2226 est
1905 2197 2006 2226 addidi
2022 2208 2036 2226 e
2055 2196 2110 2223 Gu.
2127 2197 2153 2225 1.

1212 2269 1253 2274 --
1275 2251 1322 2287 28)
1346 2250 1431 2287 Vulg.
1456 2254 1480 2275 rt
1499 2249 1569 2275 1'21771.
1596 2246 1657 2274 Iam
1676 2255 1733 2273 oui.
1751 2245 1806 2271 Gu.
1825 2245 1849 2272 l.
1864 2244 1891 2272 2.
1916 2256 1951 2261 -
1977 2241 2023 2275 29)
2037 2238 2155 2265 aerium

1213 2305 1260 2323 va,
1288 2310 1322 2314 —-
1349 2293 1393 2330 30)
1417 2289 1577 2318 humidum
1596 2295 1636 2315 cst
1655 2288 1690 2316 al.
1716 2304 1747 2308 —
1779 2285 1815 2314 al,
1837 2283 1991 2311 humidum
2012 2281 2154 2318 suspica-

1214 2338 1314 2364 lmlar.
1332 2352 1371 2356 —
1394 2332 1441 2373 31)
1465 2338 1547 2370 egent
1570 2332 1615 2359 Ar.
1637 2341 1681 2359 va.
1699 2347 1736 2351 —-
1759 2331 1803 2364 δι’)
1827 2326 1956 2363 auge-lua
1974 2334 2030 2350 non
2048 2327 2089 2350 est
2106 2322 2153 2350 Ar.

1218 2397 1251 2401 —
1278 2384 1319 2405 est
1339 2387 1397 2405 om.
1427 2377 1465 2404 al.
1488 2391 1529 2396 —
1559 2376 1603 2410 33)
1628 2372 1765 2400 discreti-s·
1794 2369 1933 2397 ‹nnuma-s·
1957 2365 2027 2394 add.
2056 2365 2091 2393 al.
2115 2379 2155 2385 —-
