2264 2830
793 108 1038 146 oanhx‘UM
1079 114 1224 151 LlBER
1260 118 1315 152 lx.

1965 125 2040 160 303

260 199 316 233 12.
370 202 471 235 Primi
498 203 627 236 ordines
654 209 841 238 senatorum
854 201 878 222 ²⁹
912 207 1067 242 dicuntur
1101 211 1257 255 illustres,
1293 214 1426 247 secundi
1460 213 1707 258 spectabiles³⁰‚
1740 218 1826 251 tertii
1859 220 2037 254 clarissimi.

93 251 163 283 lam
195 251 329 284 inferius
362 259 516 296 quartum
551 252 686 298 aliquod
722 267 828 300 genus
863 268 928 291 non
964 265 1021 295 est.

1076 263 1237 304 Quamvis
1273 270 1384 298 autem
1397 263 1419 282 ³¹
1454 269 1616 300 senatoria
1648 269 1788 313 quisque
1821 271 1949 315 origine
1987 285 2039 304 es-

93 308 158 339 set,
212 314 314 346 usque
349 305 392 337 ad
432 306 600 350 legitimos
634 316 736 340 atinos
779 320 880 352 eques
913 312 1086 346 Romanus
1128 321 1215 357 erat,
1268 318 1391 350 deinde
1426 319 1613 363 accipiebat
1654 320 1819 356 honorem
1856 324 2039 356 senatoriae

92 354 270 399 dignitatis.

258 406 314 441 13.
369 406 528 440 Censores
562 409 653 453 apud
691 409 847 444 vet<=rvs³⁴³
874 414 1044 447 Romanos

90 457 181 490 cialis
193 453 228 492 ³³.
283 457 425 491 Censere
453 460 540 492 enim
566 461 715 495 iudicare
748 469 804 498 est.

89 510 260 553 appellati.

1083 423 1184 452 erant.
1244 419 1303 451 Est
1337 420 1423 451 enim
1459 423 1602 455 censoris
1630 435 1751 459 nomen
1779 425 1924 470 dignitas
1951 426 2038 459 iudi-

861 465 942 498 ltein
978 478 1129 501 censores
1163 475 1237 502 sunt
1270 471 1547 515 patrimoniorum
1579 474 1724 518 iudices,
1774 489 1793 510 a
1826 488 1925 511 censu
1956 478 2038 511 aeris

255 559 311 591 14.
367 560 495 594 ludices
523 562 604 595 dicti
631 565 724 607 quasi
752 567 800 599 ius
828 567 976 601 dicentes
1006 571 1158 615 populo,
1185 572 1253 604 sive
1281 573 1373 616 quod
1404 574 1475 607 iure
1503 573 1696 621 disceptent.
1737 579 1812 613 Iure
1835 580 1922 612 enim
1936 576 1959 597 ³³
1985 580 2036 612 di-

89 617 224 655 sputare
253 616 300 643 est
326 611 407 644 iuste
434 613 591 647 iudicare.

646 617 723 649 Non
751 624 798 650 est
825 625 934 652 autem
959 621 1077 663 iudex,
1105 623 1129 654 si
1157 634 1222 655 non
1251 624 1282 656 in
1311 636 1351 657 eo
1379 625 1498 658 iustitia
1526 624 1617 661 est³⁵.

254 660 309 696 15.
361 663 533 697 Praesides
560 671 703 700 rectores
730 670 922 713 provinciae
950 678 1023 705 sunt
1035 670 1077 715 ³⁶,
1105 674 1184 707 dicti
1213 686 1270 716 eo,
1307 676 1399 719 quod
1423 684 1589 721 praesunt.

254 713 313 749 16.
367 715 543 749 Praetores
572 725 680 752 autem
706 722 798 763 quasi
826 728 1062 768 praeceptores
1088 725 1225 758 civitatis
1253 732 1284 759 et
1311 728 1488 773 principes.
1542 730 1638 764 Idem
1666 735 1698 764 et
1725 735 1916 774 quaestores
1942 733 2036 776 quasi

85 763 302 806 quaesitores,
332 777 372 799 eo
400 768 492 810 quod
520 772 765 812 quaestionibus
792 780 960 817 praesunt.

82 874 287 917 praecedant
298 873 333 910 ⁴⁰.

80 925 190 969 primo
203 923 228 943 ⁴²
254 929 449 972 procedant.

83 977 205 1010 minent
219 974 252 1011 ⁴⁴.

362 827 523 861 proceres
558 836 631 863 sunt
663 832 831 876 principes
866 832 1055 875 civitatis³⁸‚

386 878 487 913 Unde
516 885 548 912 et
575 882 683 927 capita
711 885 863 925 trabium,
891 898 977 929 quae
1005 887 1148 921 eminent
1176 895 1266 923 extra
1293 892 1435 936 parietes
1459 903 1618 936 proceres
1629 890 1652 911 ⁴¹
1681 894 1845 935 dicuntur,
1873 906 1914 927 eo
1942 895 2035 938 quod

501 932 591 967 Hinc
617 939 726 968 autem
755 935 797 968 ad
832 936 995 981 primores
1022 939 1111 973 facta
1139 941 1324 984 translatio,
1361 944 1453 987 quod
1482 941 1536 977 a¹³
1559 951 1690 980 caetera
1716 946 1926 980 multitudine
1952 958 2034 991 pro-

1015 776 1196 810 Consilium
1211 775 1235 794 ³³
1263 780 1349 812 enim
1376 785 1407 813 et
1434 792 1532 814 causa
1560 782 1652 827 apud
1680 792 1736 815 eos
1763 788 1821 815 est.

1109 838 1200 881 quasi
1235 836 1454 882 procedes³⁹,
1504 842 1597 885 quod
1633 848 1708 875 ante
1750 853 1865 875 omnes
1905 843 2035 876 honore

245 1028 304 1063 18.
357 1032 497 1066 Tribuni
532 1034 612 1069 dicti
639 1033 731 1078 e0⁴5,
769 1039 861 1081 quod
888 1041 980 1085 plebi
1009 1041 1062 1075 vel
1074 1039 1098 1059 ⁴⁶
1125 1044 1195 1076 iura
1222 1045 1276 1077 vel
1304 1056 1405 1090 opem
1428 1044 1617 1082 tribuuntfl.
1672 1046 1847 1082 Constituti
1874 1054 1947 1082 sunt
1974 1061 2033 1082 au-

81 1084 147 1111 tem
175 1079 308 1114 decimo
335 1089 426 1116 sexto
438 1081 461 1101 *Β
487 1097 573 1119 anno
600 1093 677 1131 post
712 1101 808 1134 reges
837 1097 978 1126 exactos.

1040 1094 1129 1127 Dum
1164 1096 1250 1128 enim
1287 1097 1383 1140 plebs
1411 1109 1430 1130 a
1465 1104 1578 1132 senatu
1614 1103 1646 1133 et
1680 1100 1871 1134 consulibus
1898 1111 2028 1144 preme—

80 1136 184 1171 retur,
219 1137 298 1166 tunc
325 1134 396 1178 ipsa
425 1136 486 1169 sibi
498 1134 522 1153 ⁴⁹
547 1139 696 1172 tribunos
731 1142 823 1184 quasi
851 1145 1007 1189 proprios
1034 1145 1160 1180 iudices
1189 1152 1221 1180 et
1250 1148 1442 1182 defensores
1475 1151 1616 1194 creavit,
1654 1152 1712 1194 qui
1745 1163 1860 1185 eorum
1896 1152 2033 1185 liberta-

79 1186 145 1215 tem
181 1187 365 1227 tuerentur,
403 1192 435 1220 et
470 1198 526 1221 eos
560 1190 717 1225 adversus
752 1193 902 1227 iniuriam
937 1197 1115 1230 nobilitatis
1148 1198 1377 1234 defenderent.

1432 1200 1533 1234 Unde
1567 1207 1599 1235 et
1626 1202 1819 1236 defensores
1846 1202 1942 1244 dicti,
1990 1213 2031 1236 eo

77 1234 168 1276 quod
196 1235 333 1280 plebem
364 1238 423 1271 sibi
451 1242 660 1274 commissam
674 1240 698 1260 ⁵⁰
725 1250 839 1277 contra
867 1247 1071 1281 insolentiam
1105 1249 1337 1293 improborum
1373 1251 1564 1285 defendant.
1618 1254 1664 1286 At
1699 1259 1814 1287 contra
1841 1265 1928 1289 nunc
1954 1255 2031 1298 qui-

77 1284 155 1318 dam
166 1282 190 1302 ³¹
221 1286 440 1329 eversores⁵²‚
468 1302 534 1323 non
561 1292 753 1327 defensores
781 1296 930 1329 existunt.

242 1338 301 1370 19.

355 1341 540 1374 Numerarii
568 1346 677 1377 vocati
705 1351 796 1385 sunt,
823 1345 937 1390 quia⁵³
964 1349 1139 1393 publicum
1167 1362 1339 1384 nummum
1364 1353 1497 1386 aerariis
1525 1354 1678 1388 inferunt.

242 1388 302 1424 20.
358 1391 477 1425 Functi
505 1394 548 1426 ab
576 1407 635 1436 eo,
677 1397 769 1439 quod
797 1398 979 1443 fungantur
1007 1401 1123 1434 officio
1153 1407 1185 1435 et
1212 1400 1376 1436 Ιιοηοῑθ54
1404 1405 1535 1448 aliqu0‚
1573 1406 1662 1440 dicti.
1722 1407 1811 1442 Hinc
1845 1412 1878 1440 et
1905 1407 2027 1441 defun-

75 1442 145 1470 ctos
172 1438 313 1474 dicimus
324 1438 348 1458 ³⁵
376 1449 538 1487 mortuos,
566 1448 623 1489 qui
652 1449 907 1492 compleverunt
932 1452 1018 1485 vitae
1040 1452 1174 1492 officia;
1216 1454 1301 1487 nihil
1329 1455 1415 1488 enim
1443 1456 1508 1489 iam
1536 1456 1670 1491 faciunt.

238 1499 296 1535 21.
350 1500 538 1548 Municipes
566 1511 640 1539 sunt
666 1508 698 1539 in
727 1509 848 1542 eodem
877 1511 1055 1556 municipio
1082 1513 1166 1555 nati,
1195 1514 1238 1546 ab
1266 1514 1382 1547 officio
1416 1525 1591 1549 munerum
1619 1516 1715 1559 dicti,
1752 1528 1793 1550 eo
1829 1517 1922 1561 quod
1951 1530 2026 1551 rnu-

73 1549 125 1580 nia
151 1548 324 1593 publica⁵⁶
350 1560 554 1599 acceperunt
567 1553 600 1590 ⁵⁷.

71 1606 192 1644 gerunt
217 1602 376 1638 officium.

72 1701 127 1729 Gu.
145 1704 172 1733 1.
195 1718 235 1725 —
261 1707 301 1737 19)
325 1704 375 1733 Sic
399 1705 494 1738 Gu.1.
509 1711 538 1741 2.
563 1719 609 1739 va.
630 1727 663 1731 —
686 1711 773 1751 Vulg.
797 1712 911 1743 (licitur
926 1713 1025 1752 λαός.

69 1758 111 1765 --
135 1746 179 1781 ΞΟ)
203 1745 251 1774 Sic
274 1748 330 1775 Gu.
344 1750 369 1778 1.
393 1749 443 1777 Ar.
460 1765 502 1772 —
525 1751 610 1789 quod
630 1753 711 1791 vulg.
730 1772 768 1777 —
784 1755 840 1797 521)
864 1757 1026 1796 dispar-titi

70 1786 106 1815 al.
131 1795 178 1816 va.
202 1805 240 1810 —-
265 1788 442 1827 dispertitae
466 1793 564 1824 Gu.2.
588 1812 626 1817 -—
659 1798 708 1833 22)
731 1799 837 1826 retinet
864 1801 920 1829 Gn.
937 1803 966 1832 2.
983 1817 1025 1824 ——

69 1827 118 1865 23)
141 1828 191 1856 Sic
210 1830 306 1862 Gu.1.
321 1849 361 1853 -—
382 1832 480 1862 dictos
503 1839 659 1876 accipiunt
685 1840 811 1878 vulg.—·
826 1844 875 1879 24)
897 1844 945 1872 Sic
967 1844 1023 1873 Gu.

72 1873 96 1901 l.
121 1887 159 1891 ——
190 1870 275 1909 Vulg.
300 1873 364 1911 Ipsi
389 1878 466 1904 enim
488 1880 601 1916 agendi
612 1883 805 1918 ficcullatem
828 1884 954 1915 dabant.
977 1903 1019 1909 ·-

67 1910 114 1951 95)
139 1913 187 1940 Sic
204 1914 336 1946 Gu.1.2.
358 1917 532 1960 (Salustius)
555 1933 601 1961 pr.
625 1935 669 1952 va.
695 1941 732 1946 —
757 1925 832 1954 dicit
852 1930 915 1957 Sal.
938 1930 1018 1968 vulg.

67 1954 164 1983 Locus
187 1957 292 1985 Salust.
312 1963 354 1986 est
371 1959 454 1989 Catil.
479 1972 503 1993 c,
520 1964 548 1994 6.
567 1981 608 1987 —
629 1967 679 2004 26)
702 1970 807 1997 curiae
831 1971 966 2002 Gu.1.2.
982 1989 1017 1994 —

66 1999 110 2031 27)
134 1998 285 2026 habehant
308 1999 359 2029 Ar.
387 2020 424 2025 --
455 2003 503 2045 28)
522 2011 674 2044 praesenti
697 2010 753 2039 Gu.
770 2015 798 2043 2,
821 2029 862 2034 -
891 2013 940 2050 29)
964 2024 1015 2042 se—

66 2045 209 2068 natorum
235 2050 292 2070 om.
320 2044 377 2071 Gu.
398 2047 424 2075 1.
449 2060 491 2068 -—
517 2048 568 2084 30)
597 2054 806 2090 exspectabiles
829 2065 873 2094 pr.
898 2064 943 2084 va.
973 2073 1014 2079 —

64 2080 114 2122 81)
136 2089 237 2111 autem
259 2094 315 2112 om.
342 2086 398 2114 Gu.
420 2090 494 2118 1.——
513 2093 590 2119 enim
610 2094 752 2126 Gu.2.—
769 2097 815 2136 32)
840 2098 889 2126 Sic
914 2097 969 2127 Gu.
986 2101 1014 2130 1.

64 2125 93 2154 2.
112 2124 162 2153 Ar.
193 2142 231 2148 -—-
260 2127 348 2156 Rom.
370 2134 425 2159 vel.
449 2132 530 2170 vulg.
562 2150 596 2155 —-
623 2136 669 2176 33)
701 2138 748 2167 Sic
778 2139 835 2172 Gu,
857 2144 884 2172 1.
907 2151 1012 2169 nomen

64 2170 195 2195 censoris
218 2167 356 2207 dignitas
379 2172 435 2200 Gu.
460 2177 487 2205 2-
510 2185 556 2213 pr.
579 2186 626 2207 va.
651 2181 699 2208 Ar.
731 2198 771 2202 —
800 2183 887 2221 Vulg.
911 2194 1014 2212 censor

64 2219 167 2239 nomen
198 2210 362 2250 dignitatis
392 2214 561 2247 iudicialis.
591 2234 633 2241 ——
661 2223 705 2259 34)
729 2226 806 2253 enlm
830 2237 887 2265 pro
910 2233 1013 2254 autem

65 2251 121 2280 Gu.
139 2256 164 2284 1.
187 2272 225 2276 —
249 2254 295 2293 35)
318 2256 367 2284 Sic
391 2257 445 2286 Gu.
464 2262 491 2290 1.
515 2277 556 2281 —
580 2261 665 2300 Vulg.
695 2267 723 2291 si
744 2275 803 2296 non
826 2275 868 2297 eat
891 2270 1013 2298 iustitia

64 2295 96 2322 in
118 2305 148 2323 eo
169 2311 211 2318 --
235 2296 291 2325 Gu.
314 2299 342 2330 2.
369 2301 396 2326 σι’
425 2311 483 2330 non
513 2309 553 2330 est
577 2305 608 2332 in
632 2316 663 2332 eo
686 2307 808 2338 iustitia
827 2327 868 2333 —
902 2312 951 2342 Ar.
984 2313 1012 2340 si

655 1557 772 1593 Munia
800 1561 886 1594 enim
921 1563 1034 1597 officia
1068 1568 1151 1598 sunt.

1206 1564 1308 1599 Unde
1341 1571 1375 1599 et
1405 1566 1567 1601 immunes
1601 1568 1774 1611 dicuntur,
1807 1569 1863 1613 qui
1896 1569 2024 1603 nullum

1069 1718 1147 1756 vulg.
1170 1734 1212 1739 —
1233 1719 1282 1756 37)
1303 1723 1330 1746 ct
1352 1720 1458 1750 consil.
1482 1722 1560 1748 enim
1584 1721 1634 1750 Ar.
1656 1738 1697 1742 —
1718 1719 1768 1762 38)
1794 1720 1843 1749 Sic
1869 1722 1924 1751 Gn.
1942 1724 1968 1753 1.
1992 1724 2020 1754 2.

1067 1769 1114 1789 va.
1138 1761 1190 1789 Ar.
1216 1777 1253 1782 —
1278 1760 1366 1799 vulg.
1389 1763 1504 1791 civium
1527 1764 1576 1792 vel
1597 1765 1743 1792 civitatis.
1765 1779 1807 1785 —
1825 1765 1873 1792 vel
1895 1775 1951 1793 om.
1973 1776 2018 1804 pr.

1067 1819 1104 1824 -—
1129 1801 1176 1842 39)
1192 1803 1388 1842 procedentes
1411 1805 1466 1834 Gu.
1484 1808 1568 1836 2.-
1589 1806 1638 1844 40)
1655 1805 1823 1844 procedant
1845 1807 1882 1837 al.
1906 1822 1945 1829 -—
1968 1808 2016 1846 41)

1066 1845 1116 1873 Sic
1139 1846 1195 1874 Gu.
1223 1850 1248 1878 1.
1268 1849 1299 1878 2.
1331 1850 1438 1887 (supra
1467 1848 1521 1878 lin.
1550 1848 1596 1886 re)
1627 1848 1678 1877 Ar.
1700 1859 1747 1878 va.
1779 1859 1840 1878 var.
1871 1850 1939 1880 lect.
1970 1861 2016 1889 ap.

1064 1887 1154 1918 Goth.
1174 1900 1281 1927 proce-r
1304 1890 1383 1927 vulg.
1406 1906 1447 1912 —
1469 1891 1518 1928 42)
1544 1893 1650 1929 prima
1672 1902 1718 1920 va.
1741 1908 1782 1913 —
1811 1891 1858 1930 43)
1885 1892 1970 1930 quod
1990 1899 2016 1921 et

1062 1936 1116 1959 cet.
1142 1932 1198 1959 Gu.
1215 1934 1241 1963 1.
1270 1948 1312 1954 —
1342 1932 1385 1960 ad
1406 1939 1531 1960 ceteram
1560 1933 1789 1963 multitudinem
1821 1935 1857 1964 al.
1891 1936 2014 1964 sortasse

1060 1973 1138 2002 idem
1161 1974 1257 2003 voluit
1280 1975 1378 2003 scriba
1409 1975 1522 2004 codicis
1546 1976 1604 2006 Gu.
1623 1978 1649 2008 1.
1678 1993 1719 1998 —
1748 1976 1799 2015 44)
1823 1979 2013 2016 praeminent

1059 2015 1094 2044 al.
1118 2032 1159 2037 —
1176 2018 1383 2055 praeeminent
1407 2018 1459 2047 Ar.
1483 2034 1526 2039 —
1553 2017 1599 2060 45)
1623 2030 1655 2047 eo
1678 2029 1735 2049 om.
1757 2029 1803 2059 pr.
1826 2037 1868 2042 —
1895 2019 1942 2060 46)
1968 2021 2015 2048 vel

1057 2057 1161 2087 addidi
1186 2070 1200 2088 e
1216 2059 1271 2088 Gu.
1291 2062 1316 2090 1.
1333 2063 1360 2092 2.
1379 2059 1418 2090 al.
1443 2076 1484 2082 —
1509 2061 1557 2089 vel
1571 2061 1656 2100 plebi
1679 2064 1749 2091 iura
1771 2063 1808 2092 al.
1824 2079 1864 2085 —-
1886 2061 1933 2103 47)
1956 2065 2011 2091 tri-

1056 2101 1151 2129 buant
1174 2102 1213 2131 al.
1239 2118 1277 2123 —
1303 2101 1351 2138 48)
1377 2102 1425 2131 Sic
1449 2103 1499 2131 Ar.
1523 2120 1564 2126 —
1594 2104 1681 2143 Vulg.
1705 2111 1795 2136 sexto.
1825 2122 1863 2127 —
1893 2107 1938 2143 49)
1961 2105 2010 2134 Sic

1057 2143 1112 2172 Gu.
1129 2147 1158 2176 2.
1173 2152 1219 2183 pr.
1239 2155 1286 2174 va.
1303 2144 1352 2175 Ar.
1376 2161 1418 2167 —
1440 2143 1527 2184 Vulg.
1546 2145 1609 2185 ipsc·
1623 2146 1691 2177 trib.
1709 2162 1752 2170 —·-
1774 2147 1821 2186 50)
1843 2148 1892 2177 Sic
1907 2148 1963 2176 Gu.
1979 2151 2005 2179 1.

1056 2202 1098 2207 —
1112 2185 1171 2215 „vibi
1179 2187 1257 2226 pleb,
1276 2193 1378 2218 comm.
1397 2188 1478 2226 vulg.
1493 2205 1534 2210 —
1549 2190 1597 2228 51)
1615 2190 1737 2229 quidem
1751 2198 1798 2219 va.
1812 2207 1854 2212 —
1869 2193 1914 2228 52)
1931 2189 2006 2217 dicti

1055 2227 1123 2259 add.
1135 2229 1226 2263 Gu.2.
1239 2246 1273 2252 —-
1289 2229 1337 2267 53)
1351 2230 1400 2258 Sic
1418 2231 1474 2259 Gu.
1486 2233 1511 2262 1.
1523 2234 1551 2263 2.
1562 2235 1667 2271 —qui
1681 2234 1760 2272 vulg.
1771 2250 1814 2256 --
1825 2232 1871 2272 54)
1888 2233 1935 2261 Sic
1945 2232 2000 2258 Gu-

1057 2274 1121 2303 1.2.
1138 2280 1185 2311 pr.
1205 2282 1252 2302 va.
1268 2286 1310 2293 —
1324 2272 1411 2312 vulg.
1427 2274 1539 2302 honore
1562 2280 1589 2302 et
1612 2273 1723 2314 officio.
1745 2293 1788 2298 —
1809 2275 1856 2311 55)
1879 2274 1925 2302 Sic
1942 2273 1999 2300 Gu-

1056 2315 1083 2344 1.
1111 2330 1146 2335 -
1171 2315 1259 2353 Vulg.
1282 2320 1418 2344 mortuos
1440 2315 1501 2345 dic.
1523 2333 1565 2338 —
1587 2317 1634 2358 56)
1659 2319 1708 2347 Sic
1726 2318 1781 2347 Gu.
1801 2321 1827 2348 1.
1848 2330 1889 2337 —
1911 2314 1997 2352 Vulg.

64 2346 121 2364 '¹⁰71
145 2338 177 2366 in
199 2350 230 2367 ἑο
253 2346 296 2368 est
318 2342 450 2371 iustitia.
470 2363 506 2367 —
532 2345 580 2385 36)
604 2347 652 2376 Sic
671 2349 727 2379 Gu.
745 2354 771 2383 1.
786 2355 814 2384 2.
838 2360 909 2382 sunt
921 2362 1008 2393 prov.
1047 2356 1175 2394 publica
1197 2359 1311 2387 munia.
1337 2374 1373 2380 —
1404 2359 1452 2398 57)
1475 2359 1524 2388 Sic
1541 2360 1597 2389 Gn.
1615 2364 1640 2392 1.
1662 2378 1703 2384 —
1727 2358 1812 2397 vulg.
1833 2358 1995 2394 accipiunt·
