2264 2830
662 147 898 183 INS'rl'r.
937 147 1124 183 GRAM.
1163 146 1358 182 LIBER
1394 148 1420 182 1.
1967 146 2016 180 23

69 239 169 271 nitivos
193 240 220 271 in
239 243 295 270 ium
318 239 465 271 habebunt.
510 238 569 270 Sed
589 238 693 280 triplex
717 249 768 280 per
791 243 845 270 ium
872 239 1027 271 declinandi

69 294 152 314 eausa
166 289 216 314 est.
262 281 354 313 Prima
372 293 433 312 cum
448 282 555 312 dativus
576 288 603 312 et
616 282 752 312 ablativos
772 281 943 322 singularesi
957 283 1026 313 litte-

0 319 52 360 29]
69 337 102 357 ra
124 326 297 361 terminantl,
317 332 343 356 ut
359 325 450 366 peltis,
473 325 580 366 puppis,
595 325 718 372 mesflsis.
748 325 921 361 Altera‚eum
935 336 1026 367 quam-

67 369 110 399 vis
127 368 262 398 ablativus
286 380 299 397 e
313 368 403 399 littera
419 366 535 402 liniatur,
551 374 641 397 tamen
665 377 726 408 quia
750 369 919 398 accusativus
939 368 1026 408 plura-

67 409 102 441 lis
118 421 171 452 per
186 413 209 439 is
222 410 346 447 effertur,
373 411 455 441 etiam
471 410 610 449 genitivus
624 413 636 440 z·
655 417 719 440 ante
733 421 777 439 um
792 410 915 446 habebit,
937 416 963 441 ut
976 410 1026 441 cri-

67 453 119 489 nis,
138 453 263 488 crinium,
280 453 362 489 acris,
381 453 493 487 acrium,
511 452 605 488 hostis,
621 452 746 483 hostium.
790 452 887 484 Tertia
905 464 964 483 cum
976 463 1028 493 per

66 498 90 525 is
105 495 252 535 productus
268 495 448 525 nominativus
466 494 582 525 inclusus
597 501 652 531 cst,
682 501 709 525 ut
725 495 872 526 masculine
894 496 966 535 glis,
986 495 1025 526 se-

65 538 193 569 minine2
209 537 259 574 lis,
272 548 427 568 communes
445 537 528 567 etiam
542 537 668 579 genitivo
680 537 778 578 plurali
795 548 847 579 per
862 541 916 567 ium
931 543 1025 577 agunt.

132 605 181 638 14.
226 606 337 637 Graeca
362 604 497 636 vocabula
521 615 537 634 a
555 605 646 646 patria
666 604 799 642 deducta,
818 611 846 636 nt
869 604 1024 641 Thessalis,

63 648 214 684 Dardanis,
240 648 320 683 llias;
338 653 383 678 aut
403 658 419 677 a
435 657 551 686 genere,
575 654 601 677 ut
615 647 748 684 Tantalis,
771 648 878 684 Aeolis,
899 648 1024 689 genitivo

64 690 185 732 plurali³
204 701 256 731 per
270 692 332 720 dum
351 696 460 725 exeunt,
481 696 508 720 et
524 690 616 720 omnia
636 690 766 720 feminina
778 696 847 721 sunt.
892 689 1027 720 Interdum

64 739 93 764 et
113 733 262 764 masculina
286 732 313 763 in
333 732 450 763 eandem
477 732 688 763 declinationem
710 733 817 768 cadunt,
840 738 867 763 ut
887 732 983 763 Darnis
1000 737 1027 763 et

63 774 157 812 Paris;
179 782 207 807 ut
223 775 329 806 dicatur
343 775 491 816 genitis-0⁴
508 775 654 806 Damidum
671 780 700 806 et
711 774 850 806 Paridum.

129 845 178 876 15.
224 844 323 874 Omnia
338 843 458 879 nomina,
479 853 551 884 quae
566 842 594 873 in
614 854 643 872 or
659 843 766 884 syllaba
780 843 967 878 terminantur,
976 852 1025 872 110-

62 885 137 917 mina
160 886 309 916 masculina
326 897 375 916 seu
397 886 528 916 feminina
543 884 680 927 siquidem
694 886 793 916 Latina
817 885 926 921 suerint,
944 885 1023 925 geni-

62 929 120 959 tivo
133 928 374 963 circumducuntur,
385 935 411 959 et
428 938 479 969 per
495 940 509 957 υ
525 928 644 959 litteram
659 928 819 968 productam
835 927 1020 969 proferuntur3

61 969 147 1002 veluti
168 977 292 1006 venator,
314 970 462 1005 venatoris,
484 970 633 1011 gladiator,
650 976 737 1005 tutor,
761 970 859 1006 sudor,
878 969 1020 1010 splendor,

61 1012 161 1048 bonor,
178 1013 270 1048 c0l0r;
293 1013 416 1054 exeeptis
431 1012 475 1043 his
492 1022 564 1053 quae
580 1023 635 1042 non
657 1012 849 1053 producuntur,
866 1012 915 1042 sed
930 1012 1018 1042 corri-

60 1055 186 1095 piuntur,
214 1062 241 1086 ut
255 1066 370 1091 memor,
389 1056 535 1091 memoris,
555 1054 649 1089 arbor,
672 1054 796 1089 arboris-3
819 1054 869 1084 sed
884 1055 907 1085 si
923 1061 1020 1084 natura

62 1097 173 1127 Graeca
191 1097 299 1133 suerint,
316 1097 511 1138 corripiuntur,
532 1096 846 1134 utllector,llectoris5‚
861 1096 1018 1127 Theomne-

60 1145 127 1175 stor,
143 1139 380 1175 Theomnestoris,
401 1145 428 1169 et
443 1139 552 1170 similia.
597 1139 669 1169 Nam
679 1139 815 1170 neutralia
834 1138 926 1179 utique
943 1139 1022 1179 geni·

59 1181 117 1212 tivo
143 1181 294 1223 corripiunt
313 1194 328 1211 o
342 1181 471 1219 litteram,
497 1188 525 1213 ut
541 1192 671 1217 marmor,
687 1181 843 1217 marmoris,
863 1180 957 1216 robor,
975 1191 1020 1212 ro-

57 1222 143 1256 horis.

123 1283 172 1314 16.
218 1282 319 1313 Omnia
339 1283 464 1318 nomina,
484 1293 555 1323 quae
573 1289 692 1312 anteum
707 1281 901 1313 nominativum
916 1281 1020 1312 liabent

59 1328 72 1354 z·
82 1324 228 1360 neutralia,
253 1325 346 1355 dativo
371 1331 399 1355 et
421 1324 542 1355 ablativo
563 1324 662 1365 plurali
685 1324 828 1355 ilitteram
851 1325 1019 1365 geminatam

59 1366 181 1402 habent,
200 1373 227 1397 ut
246 1366 409 1403 armarium,
435 1367 642 1407 compendium,
664 1367 839 1407 supplicium;
862 1373 952 1407 utputa
968 1367 1022 1398 l10c

61 1409 218 1445 armarium,
240 1408 311 1439 haee
331 1409 461 1445 armaria,
479 1409 522 1438 his
540 1410 668 1441 armariis
684 1416 710 1439 et
724 1409 759 1439 ah
777 1409 820 1439 his
841 1409 976 1445 armariis,
993 1416 1020 1439 et

61 1457 177 1482 caetera
195 1451 337 1487 similiter;
358 1452 407 1482 sed
427 1451 463 1481 de
484 1454 611 1481 insomnio
631 1453 783 1493 quaesitum
807 1458 863 1489 est,
891 1452 1020 1493 quoniam

59 1493 133 1535 apud
145 1493 295 1534 Virgilium
315 1504 370 1524 non
390 1494 574 1535 geminaturs’.

147 1562 198 1592 17.
242 1560 333 1591 Omne
349 1572 450 1592 nomen
465 1561 650 1597 masculinum,
671 1560 745 1603 qnod
759 1572 814 1602 per
830 1565 870 1590 tor
885 1560 1019 1603 syllabam

59 1603 226 1634 nominativo
240 1614 304 1634 casu
319 1604 487 1639 terminatur,
510 1604 640 1634 feminino
663 1614 715 1644 per
733 1607 788 1633 trix
809 1603 924 1640 finietur,
939 1604 1020 1633 nihil-

57 1657 112 1688 que
126 1657 162 1677 ex
177 1656 292 1676 numero
307 1645 473 1687 syllabarum
486 1646 644 1676 translatum
657 1647 771 1682 amittet,
788 1652 815 1676 ut
830 1653 936 1682 orator,
955 1657 1018 1677 ora-

57 1688 122 1724 trix,
140 1694 266 1724 venator,
276 1689 412 1724 venatrix,
426 1688 554 1725 bellator,
572 1688 711 1725 bellatrix,
727 1695 812 1724 actor,
824 1689 921 1724 actrix,
938 1699 1017 1719 aecu—

58 1737 142 1766 sator,
154 1731 317 1766 accusatrix,
327 1738 467 1772 receptor,
483 1732 623 1771 receptrix
633 1756 639 1767 ‚
654 1731 778 1766 domitor,
792 1731 928 1766 domitrix,
939 1741 1017 1761 crea·

56 1778 110 1808 tor,
127 1772 257 1808 creatrix,
271 1778 412 1809 tractator,
428 1774 578 1810 tractatrix,
594 1779 621 1804 et
634 1773 744 1809 similia,
753 1784 786 1804 ac
800 1784 852 1814 per
866 1773 920 1803 hoc
934 1773 1016 1804 nutri-

56 1881 163 1915 plurali
190 1883 259 1907 ium
277 1881 440 1914 quandoque
462 1890 517 1908 um
541 1882 662 1915 faciunt.
699 1883 729 1908 Si
757 1890 818 1908 vero
847 1881 1016 1908 accusativos

57 1919 121 1942 cett.
136 1916 219 1942 Fabr.
237 1917 268 1942 P.
290 1915 378 1941 Verba
392 1916 513 1948 faciunt.
533 1918 556 1942 si
575 1926 634 1942 uero
651 1926 751 1952 onnpr.
770 1926 819 1942 nec
835 1920 921 1942 tamen
939 1917 1015 1950 quic-

57 1959 135 1983 quam
159 1949 304 1976 substituit.
341 1950 411 1976 Vera
442 1955 560 1983 praestat
588 1952 656 1978 Cod.
760 1953 788 1985 1)
822 1951 1015 1976 Tei-minamur

57 1985 125 2010 Cod.
145 1984 198 2011 Ed.
215 1993 257 2018 pr.
363 1986 392 2016 2)
424 1985 548 2010 Focmine
574 1986 628 2013 Ed.
654 1994 696 2021 pr.
800 1987 830 2018 3)
863 1986 1014 2011 Genilivum

55 2020 193 2054 pluralem
222 2018 289 2045 cod.
318 2019 390 2045 Edd.
419 2027 461 2052 pr.
492 2019 575 2047 Fabr.
603 2021 636 2047 P.
672 2020 829 2046 Emendavit
856 2020 1014 2046 Bondamus.

58 2053 88 2085 4)
109 2054 230 2079 Genitivo
248 2053 364 2079 additum
383 2062 398 2078 e
416 2052 484 2079 Cod.
604 2055 633 2088 5)
653 2055 696 2080 Cf.
714 2056 798 2080 Varro
817 2055 857 2080 De
875 2055 908 2080 L.
920 2055 953 2081 L.
967 2055 1014 2080 lib.

55 2087 94 2113 X.
113 2097 176 2122 pag.
195 2088 254 2114 583.
275 2088 327 2113 Ed.
346 2087 471 2122 Spengel.
509 2087 572 2113 Νοπ
589 2090 665 2114 morlo
683 2094 778 2122 poetae
796 2091 841 2114 sed
857 2090 937 2115 ctiam
953 2090 1013 2122 ple-

56 2122 148 2155 rique,
176 2132 208 2148 ac
223 2123 310 2155 primo
328 2123 427 2155 omnis,
453 2121 500 2154 qui
520 2124 610 2149 soluta
625 2125 747 2150 oratione
764 2125 925 2156 loquuntur,
944 2124 1013 2148 dice—

57 2157 122 2182 bant
140 2161 172 2182 ut
190 2161 366 2190 quaestorem,
379 2162 540 2191 praetorem,
561 2158 598 2183 sic
615 2159 763 2191 Hectorem,
789 2159 928 2186 Nestorem
947 2163 1011 2184 cett.

55 2191 130 2217 Adde
147 2191 231 2216 Prisc.
251 2192 283 2217 de
295 2192 358 2218 Acc.
377 2201 401 2217 c.
416 2194 443 2219 2.
465 2200 525 2225 pag.
546 2193 604 2218 176.
623 2194 666 2219 ed.
684 2202 767 2219 meae.
794 2194 872 2219 Serv.
891 2194 924 2219 ad
933 2194 1012 2226 Virg.

57 2225 123 2251 Aen.
143 2225 178 2257 X,
197 2226 258 2252 778.
380 2227 410 2258 6)
435 2226 478 2251 En
502 2228 595 2252 iterum
611 2227 704 2253 insulsi
723 2227 896 2253 Grammatici
920 2233 1011 2262 stupo-

57 2268 123 2286 rem.
159 2259 301 2292 Nuspiam,
326 2261 395 2294 quod
414 2261 487 2292 scio,
516 2260 620 2286 dativus
638 2261 680 2287 vel
697 2263 826 2288 ablativus
844 2262 951 2296 pluralis
969 2262 1011 2287 in-

56 2294 155 2320 somnis
173 2303 220 2328 pro
239 2295 375 2319 insomniis
391 2295 461 2329 apud
479 2294 616 2328 Virgilium
634 2295 740 2329 legitur.
759 2297 859 2322 Unicus
877 2297 944 2322 enim
962 2305 1009 2322 ex-

55 2328 201 2361 statlocus,
220 2328 247 2353 in
266 2337 317 2361 quo
335 2329 492 2354 adiectivum
508 2330 634 2355 insomnis
647 2330 789 2357 invenitur.
808 2332 875 2357 Aen.
885 2331 934 2363 VI,
946 2331 1008 2357 556.

62 2363 226 2388 Vestibulum
243 2363 369 2388 insomnis
394 2368 483 2389 servat
500 2368 642 2397 noctesque
661 2365 779 2397 diesque.
813 2365 901 2391 Bonus
919 2366 1009 2398 itaque

56 2401 146 2422 noster
162 2397 301 2429 librarius,
329 2397 376 2431 qui
403 2397 469 2424 hanc
491 2398 610 2424 laciniam
634 2398 756 2425 Charisio
782 2399 859 2433 plane
874 2400 1007 2434 indignam

56 2432 155 2464 assuit,
183 2440 210 2458 v.
237 2432 366 2458 insomnis
389 2431 432 2458 hic
448 2441 507 2459 esse
529 2433 671 2460 ablativum
699 2433 824 2468 pluralem
847 2435 921 2462 vocis
937 2436 1008 2462 inso-

1062 245 1114 276 tor,
1135 239 1276 276 nutritrix,
1289 237 1439 281 quamvis-⁷
1457 238 1483 269 in
1498 236 1551 268 'usu
1563 237 1676 268 nutrixss
1693 236 1812 273 dicatum
1834 243 1953 279 excepto
1969 247 2014 268 au-

1062 289 1139 314 ctore
1154 294 1214 313 cum
1229 283 1312 312 etiam
1331 282 1401 312 hacc
1415 287 1510 312 auctor
1526 281 1580 311 dici
1599 279 1707 311 debeat.

1128 344 1176 374 18.
1220 342 1323 373 verum
1343 340 1543 372 observandum
1560 346 1608 375 est,
1625 339 1695 380 quod
1713 351 1740 368 or
1755 338 1854 370 litteris
1876 334 2015 370 in‘ultimo

1062 384 1205 414 terminata
1218 384 1377 420 masculina,
1401 385 1423 415 si
1441 395 1492 425 per
1513 382 1598 413 verba
1615 380 1628 423 Η
1642 389 1799 418 nascuntur,
1817 393 1869 411 una
1885 381 1974 412 littera
1992 382 2018 413 in
2034 383 2098 422 [30]

1063 426 1221 457 femininum
1245 426 1438 463 mlcrescent‘J,
1456 433 1481 457 ut
1499 431 1621 460 venator,
1634 425 1770 460 venatrix,
1787 424 1884 459 victor,
1906 424 2014 461 victrix,

1062 474 1164 504 tonsor,
1186 469 1300 505 tonsi-ix,
1323 480 1376 499 non
1391 469 1519 503 tonstrix3
1543 467 1645 497 duabus
1662 467 1734 496 enim
1755 466 1852 497 litteris
1876 466 1936 507 plus
1955 467 2015 498 effi-

1061 511 1114 541 ciet
1125 524 1130 545 ;
1143 511 1241 547 sessor,
1250 511 1351 542 sessrix
1361 512 1397 547 ¹⁰,
1406 522 1509 546 cursor,
1525 510 1639 541 cursrix.
1658 509 1689 539 Si
1702 519 1771 539 vero
1783 520 1830 539 sua
1844 510 2016 550 proprietate

1060 553 1250 588 censebuntur,
1274 565 1337 589 non,
1354 560 1378 584 ut
1396 554 1551 594 superiora,
1568 563 1638 593 quae
1657 551 1862 593 proficiscuntur
1881 562 1897 581 a
1911 552 2016 588 verbis,

1061 595 1219 625 necessario
1242 597 1394 626 communia
1418 602 1511 631 erunt,
1533 595 1642 636 quando
1664 594 1731 625 nihil
1755 605 1807 635 pro
1829 594 1947 624 indiviso
1966 604 2020 635 per

1063 638 1325 669 administrationem
1339 639 1499 679 acceperint
1511 637 1671 671 verborum:
1693 648 1755 666 nam
1772 636 1880 676 legere,
1903 645 2016 678 reupon-

1063 680 1147 716 ‹lere‚
1177 686 1304 721 spectare
1321 688 1374 710 tam
1395 681 1503 711 seminis
1515 706 1522 716 ,
1535 691 1613 721 quam
1632 679 1789 709 masculis-¹¹
1807 679 1966 715 xindieatur,
1991 684 2019 709 ut

1062 722 1109 753 ille
1118 723 1245 763 agitator,
1263 722 1814 763 illaagitatrix,foenerator,foeneratrix
1827 723 1862 752 ¹².
1882 720 2017 752 Viator¹³

1060 775 1129 795 vero
1156 771 1182 795 et
1203 765 1315 799 institor,
1338 772 1365 795 ot
1386 772 1466 802 tutor,
1491 776 1524 795 ac.
1542 764 1641 794 similia
1664 775 1714 805 pro
1737 763 1923 793 communibus
1945 763 2016 794 aeci-

1060 807 1172 847 pienda‚
1191 807 1258 837 nihil
1274 807 1345 838 enim
1362 809 1439 849 quasi
1453 808 1629 848 praecipuum
1647 818 1698 847 per
1715 806 1800 836 verba
1820 806 1929 837 liabent.
1962 806 2017 836 Au-

1060 855 1120 880 ctor
1134 850 1269 890 siquidem
1285 858 1436 890 propterca
1458 850 1571 885 dicitur,
1594 849 1667 889 quod
1687 859 1794 887 augere
1819 847 2017 886 ⁴generavit¹“²;

1057 893 1206 922 auctricem
1230 893 1360 927 dicemus,
1387 892 1459 932 quod
1483 892 1589 932 pariter
1610 901 1717 928 augere
1746 891 1847 930 possit,
1872 901 1930 919 cum
1949 899 2018 921 vero

1056 934 1092 965 ad
1106 935 1296 966 auctoritatem
1312 935 1464 971 reseratur,
1479 945 1531 975 pro
1548 934 1680 963 communi
1697 932 1931 973 recipiendumlf’.

1121 994 1170 1025 19.
1215 994 1315 1024 Omnia
1333 995 1450 1030 nomina,
1475 1004 1546 1034 quae
1571 1004 1622 1034 per
1636 1005 1668 1022 us
1692 992 1826 1032 syllabam
1849 991 2018 1021 nominativo

1054 1045 1119 1066 casu
1142 1037 1328 1073 terminantur,
1357 1037 1429 1067 haec
1447 1035 1570 1075 genitivo
1589 1041 1633 1065 aut
1657 1046 1709 1076 per
1729 1039 1740 1064 i
1763 1040 1877 1069 exeunt,
1905 1040 1933 1064 et
1956 1039 2015 1063 sunt

1053 1079 1165 1108 secundi
1183 1079 1302 1113 ordinis;
1326 1086 1369 1109 aut
1385 1076 1487 1120 peris,
1500 1084 1527 1109 et
1540 1084 1599 1107 sunt
1617 1078 1691 1108 tertii
1711 1077 1832 1113 ordinis;
1855 1082 1899 1106 aut
1916 1086 1970 1117 per
1984 1086 2015 1105 us

1057 1121 1174 1151 similem
1193 1121 1370 1158 nominativo,
1387 1129 1414 1152 et
1426 1127 1484 1151 sunt
1499 1121 1586 1161 quarti
1607 1119 1719 1150 ordinis.

1121 1171 1215 1201 Omnis
1238 1171 1399 1212 appellatio,
1423 1183 1493 1212 quae
1517 1182 1553 1202 ex
1577 1171 1664 1202 verbo
1689 1169 1872 1211 proficiscitur
1893 1174 1920 1198 et
1941 1167 1968 1198 in
1984 1179 2015 1197 us

1055 1213 1189 1254 syllabam
1204 1216 1371 1249 terminatur,
1391 1214 1532 1245 masculini
1549 1215 1663 1255 generis
1681 1219 1730 1247 est,
1750 1219 1775 1242 ut
1795 1211 1943 1246 descendo,
1965 1210 2013 1240 do-

1053 1256 1171 1291 scendis,
1199 1256 1425 1291 l1ictleseensus;
1446 1268 1531 1293 con,
1558 1257 1631 1291 cois,
1657 1256 1759 1290 coitus;
1785 1255 1888 1289 ambio,
1915 1251 2012 1288 ambis,

1054 1298 1182 1333 ambitus;
1205 1299 1314 1335 adticio,
1331 1299 1434 1335 adticis,
1451 1299 1582 1329 adfectus.
1613 1300 1679 1328 Sunt
1695 1298 1818 1327 autem¹⁶
1833 1295 1923 1338 quarti
1939 1295 2013 1325 ordi-

1056 1341 1098 1370 nis
1115 1347 1140 1371 et
1155 1341 1277 1381 genitivo
1298 1352 1349 1382 per
1364 1353 1394 1370 us
1413 1342 1571 1374 efferuntur,
1590 1341 1638 1370 sed
1659 1341 1682 1371 si
1700 1350 1798 1370 nomen
1819 1340 1881 1374 erit,
1902 1336 2012 1368 secundi

1056 1383 1108 1413 erit
1122 1383 1227 1413 ordinis
1245 1391 1271 1413 et
1286 1394 1337 1424 per
1356 1387 1367 1413 i
1383 1385 1507 1424 genitivo
1522 1383 1687 1424 proferetur,
1699 1390 1723 1412 ut
1740 1382 1783 1411 hie
1797 1392 1919 1421 magnus,
1933 1379 2013 1409 huius

1054 1426 1162 1465 magni3
1189 1425 1234 1455 bic
1251 1426 1376 1462 lulianus,
1404 1426 1481 1456 liuius
1497 1425 1610 1460 Iuliani:
1633 1425 1678 1455 hie
1694 1426 1842 1463 Augustus,
1865 1423 1942 1452 liuius
1957 1422 2012 1451 Au-

1053 1466 1138 1508 gusti.
1183 1468 1251 1504 Sed,
1277 1469 1300 1498 si
1316 1479 1368 1497 non
1387 1468 1475 1504 fallor,
1501 1468 1619 1498 omnium
1642 1467 1791 1498 verborum
1810 1465 2012 1510 appellationes

1054 1510 1136 1540 etiam
1156 1511 1182 1539 in
1203 1523 1216 1539 ο
1233 1511 1426 1545 terminantur,
1451 1522 1521 1551 quae
1541 1522 1600 1540 cum
1629 1511 1655 1540 in
1682 1523 1695 1539 o
1715 1509 1875 1540 terminatae
1900 1507 2007 1541 fuerint,

1053 1562 1161 1592 genere
1187 1552 1319 1583 feminino
1342 1554 1528 1588 declinantur,
1556 1552 1626 1582 baec
1652 1552 1752 1587 coitio,
1787 1551 1858 1580 haec
1885 1548 2005 1583 ambitio,

1054 1594 1125 1624 llaec
1139 1595 1261 1636 scriptio,
1278 1595 1407 1631 adfectio,
1420 1596 1496 1632 ultio,
1519 1595 1675 1630 descensio,
1688 1594 1812 1624 accersio
1822 1593 1857 1629 ¹⁷,
1870 1591 2005 1627 decessio,

1053 1637 1162 1673 evictio,
1191 1644 1217 1667 et
1230 1644 1351 1668 caetera.
1396 1639 1464 1668 Sunt
1480 1638 1563 1668 etiam
1582 1637 1656 1667 tertii
1673 1636 1777 1666 ordinis
1799 1642 1826 1666 et
1844 1646 1894 1676 per
1915 1637 1938 1663 is
1955 1643 2005 1674 ge-

1051 1679 1137 1710 nitivo
1153 1679 1335 1720 proferentur,
1358 1687 1384 1710 ut
1398 1680 1490 1715 coitio,
1507 1679 1642 1715 coitionis,
1660 1685 1686 1709 et
1705 1685 1825 1708 caetera.

1116 1732 1165 1761 20.
1186 1730 1347 1767 Masculina,
1372 1731 1419 1761 hic
1439 1731 1535 1771 Ligus,
1559 1729 1686 1771 Liguris,
1715 1729 1760 1758 hic
1782 1728 1870 1769 lepos,
1890 1726 2004 1767 leporis.

1050 1771 1097 1804 hic
1119 1783 1187 1809 muS,
1207 1774 1308 1810 muris,
1329 1779 1415 1809 vetus,
1430 1772 1549 1809 veteris,
1568 1772 1668 1802 sacit¹⁸
1687 1777 1714 1802 et
1735 1770 1805 1801 haec
1821 1776 1847 1801 et
1863 1770 1916 1799 hoc
1929 1774 2006 1798 vetus

1048 1882 1150 1908 mnium
1166 1882 1279 1916 putavit.
1317 1882 1480 1913 Quantocius
1498 1883 1587 1917 itaque
1604 1881 1680 1914 illuc,
1699 1880 1783 1914 unde,
1801 1879 1903 1913 malum,
1921 1877 2009 1903 intulit

1048 1917 1156 1951 pedem,
1181 1918 1341 1943 amandanda
1365 1922 1405 1943 est
1424 1918 1489 1943 haec
1507 1918 1601 1951 glossa.
1624 1919 1786 1942 Bormam,
1906 1915 1934 1945 7)
1954 1912 2006 1937 Pro

1049 1959 1078 1978 v.
1098 1952 1220 1984 quamvis
1245 1952 1273 1977 in
1298 1952 1365 1978 Cod.
1393 1958 1433 1977 est
1451 1952 1517 1986 sigla
1532 1962 1564 1985 g,
1589 1959 1658 1984 quae
1675 1949 1755 1975 multa
1772 1949 1911 1982 significat.
1946 1947 2006 1979 Ego

1049 1986 1221 2019 crediderim,
1250 1987 1374 2020 scriptum
1399 1986 1482 2012 fuisse
1500 1996 1561 2021 qq,
1593 1984 1663 2019 quod
1680 1984 1813 2018 significat
1831 1989 2004 2017 quamquam.

1049 2021 1094 2046 Cf.
1120 2021 1200 2046 index
1229 2021 1352 2055 siglarum
1379 2021 1406 2046 in
1422 2021 1485 2047 Gaii
1515 2021 1614 2047 Codice
1643 2028 1703 2053 pag.
1724 2019 1783 2046 131.
1904 2018 1934 2047 8)
1960 2015 2003 2041 Cf·

1046 2055 1177 2081 Priscian.
1204 2055 1258 2087 VI,
1277 2057 1308 2088 7,
1326 2056 1371 2082 40.
1391 2061 1453 2081 tom.
1473 2056 1502 2088 1,
1519 2055 1662 2089 pag„165.
1681 2054 1730 2081 Kr.
1851 2053 1881 2085 9)
1908 2051 2004 2076 Adon»

1046 2094 1126 2115 scant
1144 2089 1228 2115 Fabr.
1244 2090 1275 2115 P.
1383 2091 1428 2123 10)
1448 2091 1561 2123 Fossar,
1589 2089 1700 2114 Fossrix
1717 2088 1788 2114 Edd.
1895 2088 1938 2115 11)
1957 2087 2002 2110 Ια-

1047 2124 1156 2150 dicatur
1173 2124 1245 2151 Edd.
1267 2124 1356 2150 Paullo
1375 2130 1436 2150 ante
1453 2134 1501 2159 pro
1520 2133 1602 2158 quam
1619 2124 1745 2149 masculis
1764 2123 1790 2147 in
1809 2121 1876 2146 Cod.
1898 2120 2002 2158 videtur

1046 2167 1105 2184 esse
1123 2162 1181 2183 turn
1199 2167 1297 2189 masc.,·
1314 2160 1383 2193 quod
1399 2159 1422 2184 si
1439 2168 1545 2192 verum,
1564 2159 1701 2192 legendum
1716 2157 1781 2183 erit:
1811 2160 1877 2182 ium
1891 2156 2000 2192 semfnls

1044 2196 1113 2219 ium
1131 2202 1214 2221 masc.
1319 2197 1364 2223 12⁷)
1386 2194 1428 2220 Cf.
1447 2195 1566 2220 Servium
1583 2194 1616 2219 ad
1634 2194 1699 2219 Aen.
1719 2192 1768 2224 ΙΙΙ,
1779 2192 1823 2217 54.
1840 2187 1999 2220 Eutychmm

1043 2227 1073 2261 J,>
1088 2230 1118 2261 1,
1135 2229 1162 2254 7.
1267 2229 1312 2261 13)
1344 2229 1437 2254 Viator
1463 2229 1532 2256 Cod.
1563 2229 1653 2254 Victor
1673 2227 1743 2252 Edd.
1826 2257 1833 2263 .
1848 2224 1892 2254 14)
1921 2220 1998 2252 Qu⁰d

1043 2267 1160 2296 augeret
1185 2266 1210 2289 et
1233 2268 1380 2297 generaret
1397 2265 1480 2290 Fabr.
1498 2264 1532 2290 P.
1558 2272 1590 2289 ex
1614 2262 1706 2288 Fabrii
1724 2263 1894 2296 correctione.
1924 2255 1997 2287 quod

1043 2306 1147 2330 augere
1164 2299 1306 2331 generavit
1324 2299 1392 2325 Cod.
1412 2299 1465 2324 Ed.
1483 2307 1524 2332 pr.
1560 2298 1619 2323 Hoc
1637 2297 1730 2322 dictum
1749 2301 1806 2318 esse
1824 2290 1928 2329 videtur
1947 2298 1997 2323 pro

1042 2340 1147 2365 augere
1158 2333 1237 2366 fecit,
1253 2338 1300 2360 aut
1315 2334 1356 2360 ita
1373 2334 1528 2367 generavit,
1548 2337 1578 2357 ut
1598 2333 1755 2362 augeretur.
1792 2326 1885 2366 Staflm
1903 2328 1928 2349 et
1944 2333 1994 2349 au-

1041 2367 1147 2392 ctricem
1166 2367 1236 2395 Edd.
1328 2369 1374 2401 15)
1395 2369 1583 2402 Accipiendum
1603 2364 1672 2390 Edd.
1762 2361 1807 2394 16)
1827 2361 1898 2385 aunt
1914 2362 1994 2399 haee

1041 2402 1134 2434 quarti
1149 2402 1221 2428 Edd.
1326 2404 1372 2436 17)
1390 2403 1535 2434 Dissensio‚
1555 2398 1664 2426 accessio
1682 2394 1754 2421 Edd.
1848 2393 1894 2426 18)
1913 2393 1994 2419 Facie

1039 2440 1066 2463 et
1083 2436 1126 2462 Izic
1143 2441 1169 2463 et
1184 2437 1251 2463 haec
1268 2440 1295 2464 et
1311 2437 1361 2464 Izoc
1378 2447 1405 2465 υ.
1421 2437 1492 2464 Edd.
1511 2440 1537 2461 et
1555 2435 1596 2459 Ιιίο
1613 2440 1663 2457 om.
1683 2430 1751 2456 Cod.
