2203 2829
189 102 262 136 124

739 191 768 224 C
795 192 826 224 A
854 193 891 225 P.
943 194 1079 227 XXXV.

874 99 1053 134 ISIDORI
1086 99 1268 134 HISPAL.
1303 99 1447 135 EPISC.

1158 194 1230 228 De
1282 206 1376 228 axe
1429 195 1580 228 coeli.

349 263 440 296 Axis
461 259 529 294 est¹
554 260 817 304 septentrionalis
844 262 931 294 linea
958 268 1069 304 recta,
1104 274 1190 306 quae
1216 275 1278 308 per
1314 263 1459 296 mediam
1486 264 1591 308 pilam
1626 264 1791 309 sphaerae
1824 266 1949 308 tendit,
1985 273 2018 301 et
2045 268 2136 303 dicta

187 314 272 357 axis,
301 314 393 357 quod
421 314 452 345 in
475 310 536 345 ea²
560 312 705 356 sphaera
733 317 767 344 ut
795 318 868 346 rota
894 315 1053 357 volvitur,
1084 315 1137 347 vel
1165 316 1242 359 quia
1269 315 1313 347 ibi
1340 315 1525 359 plaustrum
1553 320 1611 350 est.

595 397 624 431 C
651 399 682 431 A
708 398 745 430 Ρ.
799 399 953 432 XXXVI.

351 467 432 500 Pali
459 471 532 498 suut
559 466 690 507 circuli,
718 467 774 509 qui
797 473 931 500 currunt
958 479 1020 512 per
1036 480 1141 501 axem.

1032 400 1105 433 Dc
1157 400 1510 434 coelestibus
1557 401 1723 446 polis.

1194 469 1328 501 Horum
1356 469 1440 501 alter
1467 466 1536 502 est³
1563 469 1854 513 Septentrionalis‚
1882 470 1939 513 qui
1966 482 2134 515 nunquam

186 518 324 559 occidit7
362 518 619 561 appellaturque
649 518 792 557 Boreus3
819 519 902 551 alter
929 520 1108 557 Australis,
1136 521 1193 563 qui
1221 532 1388 563 nunquam
1416 521 1568 561 videtur,
1599 526 1630 553 et
1655 519 1907 554 Αιιεῐῐοηοὶὶιιε4
1935 522 2073 563 dicitur,
2102 531 2135 558 et

186 569 264 603 dicti
292 570 382 612 poli,
411 570 503 611 quod
531 566 625 602 suut⁵
651 570 762 602 axium
791 569 899 613 cycli¹⁵
929 582 967 603 ex
991 583 1049 604 usu
1078 572 1320 615 plaustrorum.
1357 584 1375 604 a
1402 572 1563 615 poliendo
1592 572 1717 606 scilicet
1744 574 1919 612 nominati3
1954 574 2012 607 sed
2035 576 2134 619 polus

185 632 316 664 semper
344 617 495 653 Boreus⁷
522 621 670 660 videtur,
697 622 930 654 Ausa-onomius
954 634 1138 666 nunquam,
1172 624 1250 666 quia
1274 623 1391 656 dextra
1418 624 1505 657 coeli
1533 624 1651 656 altiora
1678 630 1768 665 sunt,
1795 636 1909 669 pressa
1935 626 2055 659 Austri.

651 715 679 748 C
706 716 735 748 A
763 716 800 748 P.
854 716 1024 749 XXXVII.

353 782 526 816 Cardines
554 784 642 816 coeli
670 789 833 816 extremae
862 789 972 828 partes
999 790 1073 818 sunt
1100 785 1176 818 axis.

184 838 237 866 tur
263 834 410 875 coelum,
437 835 490 867 vel
517 835 595 878 quia
622 835 705 868 sicut
732 832 812 868 corss
843 836 1028 868 volvuntur.

630 920 659 954 C
687 922 717 953 A
744 922 781 954 P.
834 921 1023 955 XXXVIII.

351 987 515 1021 Conrexa
542 993 651 1021 autem
680 990 767 1022 coeli
795 994 940 1022 extrema
969 990 1036 1022 eius
1063 995 1156 1029 suut,

1103 921 1173 954 De
1226 923 1481 956 convexis

1105 717 1170 750 De
1215 717 1496 750 cardinibus
1538 718 1667 751 coeli.

1232 786 1275 818 Et
1304 783 1435 820 dictaess
1463 786 1613 819 cardines
1644 797 1703 827 eo,
1736 786 1828 830 quod
1857 798 1919 832 per
1945 797 2003 819 eos
2031 787 2131 820 verti-

1535 923 1683 956 coel&

1184 1002 1202 1022 a
1231 992 1390 1023 curvitate
1418 991 1526 1032 dicta,
1554 996 1589 1023 ut
1617 989 1700 1023 ess-⁰
1728 990 1827 1022 illud:

418 1038 617 1072 convexum
645 1042 776 1084 quoties
803 1041 936 1073 claudit
964 1052 1032 1073 ηοω
1059 1042 1208 1074 humida
1243 1043 1385 1077 coelum.

184 1087 377 1122 Convexum
405 1091 491 1123 euim
519 1102 654 1125 curvum
679 1098 744 1133 est,
771 1093 863 1135 quasi
888 1103 1084 1125 conversum
1105 1105 1162 1125 seu
1189 1093 1396 1134 inclinatum,
1419 1099 1451 1126 et
1477 1093 1520 1125 ad
1548 1092 1687 1125 modum
1715 1088 1864 1126 circuli¹¹
1894 1093 2023 1127 flexum.

684 1177 712 1209 C
740 1177 770 1209 A
798 1177 834 1209 P.
888 1178 1041 1211 XXXIX.

347 1241 485 1275 Iammc
521 1245 607 1277 coeli
640 1244 726 1278 duae
760 1250 856 1286 sunt,
896 1246 1003 1278 oriens
1040 1250 1072 1278 et
1101 1256 1237 1279 occasus
1251 1244 1283 1279 ¹².

181 1304 214 1324 se
242 1293 366 1337 recipit.

607 1381 635 1413 C
664 1383 692 1414 A
719 1382 755 1414 P.
810 1383 880 1414 XL.

349 1445 470 1477 Facies
497 1447 582 1479 coeli
610 1448 661 1479 vel
689 1454 789 1492 caput
817 1450 982 1482 orientalis
1010 1450 1104 1493 regio
1133 1448 1231 1491 estu,
1260 1452 1374 1484 ultima
1402 1450 1674 1494 ¹septentrionalis.

1122 1178 1192 1211 De
1244 1180 1430 1212 ianuis
1482 1178 1632 1212 coeli.

1354 1248 1439 1280 Nam
1473 1258 1537 1278 una
1577 1252 1673 1290 porta
1689 1243 1711 1263 ¹³
1752 1247 1799 1278 sol
1838 1247 2018 1290 procedit,
2062 1247 2127 1279 alia

960 1382 1030 1414 De
1072 1384 1292 1426 gemina
1330 1383 1496 1428 facie
1537 1382 1688 1415 coeli.

1729 1450 1780 1482 De
1806 1461 1871 1493 qua
1903 1450 2071 1485 Lucanus:

410 1496 471 1529 Sic
498 1499 619 1530 mundi
643 1510 733 1542 pars
759 1501 831 1533 ima
858 1501 949 1533 iacet
958 1528 968 1543 ‚
998 1512 1104 1544 quam
1136 1499 1270 1534 Zona¹5
1298 1500 1459 1535 nimlis¹⁰

406 1548 673 1594 Perpetuaeque
695 1556 860 1595 premunt
888 1552 1026 1585 hiemes.

605 1634 633 1668 C
660 1636 690 1668 A
718 1637 753 1669 P.
808 1638 896 1670 XLI.

975 1637 1039 1671 Dc
1079 1642 1271 1683 quatuor
1310 1636 1525 1682 partibus
1568 1637 1690 1670 coeli.

346 1699 377 1733 l.
435 1700 591 1734 Climata
619 1704 723 1743 coeli.
751 1705 785 1736 id
807 1710 854 1738 est
881 1706 1024 1750 plagae.
1052 1707 1106 1739 vel
1128 1711 1240 1750 partes
1267 1711 1410 1749 quatuor
1436 1710 1525 1746 sunt,
1559 1716 1598 1738 ex
1626 1704 1745 1747 quibus
1773 1705 1880 1748 prima
1907 1716 1983 1748 pars
2011 1705 2121 1738 orien-

178 1750 251 1782 talis
279 1756 346 1791 est,
375 1752 463 1785 unde
491 1754 622 1797 aliquae
649 1756 765 1789 stellae.
792 1758 950 1790 oriuntur.

177 1859 257 1896 vulg.
283 1878 319 1882 —
353 1859 378 1897 1)
410 1867 451 1888 est
473 1872 529 1890 om.
554 1864 585 1891 Z.
617 1879 654 1885 —
685 1868 715 1901 9)
739 1877 769 1893 eo
794 1866 842 1894 Ar.
864 1882 905 1887 —
934 1864 964 1904 3)
988 1872 1028 1893 est
1052 1868 1128 1895 alter

175 1911 222 1931 va,
249 1920 286 1924 -
311 1904 341 1939 4)
364 1902 412 1930 Sic
433 1904 488 1932 Gu.
507 1908 532 1935 1.
558 1906 607 1934 Ar.
630 1911 658 1934 et
681 1918 760 1937 mox.
782 1925 823 1929 —
845 1910 874 1944 5)
898 1908 947 1936 Sic
965 1910 1020 1939 Gu.
1038 1912 1064 1939 1.
1085 1926 1126 1931 —

174 1945 237 1971 sint
261 1945 337 1982 vulg.
362 1962 401 1966 —
433 1945 461 1987 6)
485 1948 594 1975 circuli
618 1949 673 1977 Gu.
690 1953 717 1981 2.
742 1967 783 1972 —
806 1951 881 1978 coda·
897 1951 933 1979 al.
959 1969 992 1972 —
1027 1950 1054 1990 7)
1078 1952 1125 1980 sic

174 1986 229 2014 Gu.
250 1989 275 2017 1.
293 2003 334 2008 --
353 1989 471 2016 Boreas
485 2001 596 2029 semper
613 1992 690 2029 vulg.
713 2009 755 2014 —
777 1994 806 2028 8)
830 1994 877 2021 sic
891 1994 946 2023 Gu.
962 1996 986 2025 l.
1012 2011 1046 2015 —
1074 1994 1124 2021 ‹lf-

174 2031 215 2056 cti
238 2029 317 2067 vulg.
340 2046 381 2052 ——
416 2033 445 2068 9)
470 2034 563 2060 cardo
581 2034 618 2062 al.
642 2050 682 2055 —
714 2036 759 2072 10)
784 2035 863 2064 uncle
883 2042 925 2064 c-st
950 2037 999 2064 Ar.
1018 2037 1125 2065 Poetae

173 2081 276 2100 versus
298 2073 377 2101 uude
401 2073 455 2108 sit,
486 2077 598 2113 ignoro.
625 2093 662 2097 ——
694 2076 740 2116 11)
770 2080 844 2105 cim·
864 2089 909 2107 va.
934 2095 973 2100 -—
1007 2079 1050 2118 12)
1074 2080 1121 2107 Sic

173 2114 228 2142 Gu.
247 2117 271 2146 1.
289 2117 317 2145 2.
333 2126 380 2154 pr.
397 2125 443 2144 va.
460 2117 508 2147 Ar,
537 2135 570 2139 —
601 2118 738 2146 occidens
754 2121 832 2158 vulg,
858 2138 891 2142 -
928 2124 972 2159 lc)
993 2121 1041 2148 Sic
1065 2123 1120 2150 Gu.

173 2159 200 2187 1.
216 2159 243 2188 2.
267 2167 311 2185 va.
330 2160 379 2186 Ar.
399 2174 439 2178 —
464 2163 510 2191 14)
532 2166 573 2187 est
589 2161 693 2189 addidi
712 2171 726 2190 e
751 2164 806 2192 Gu.
828 2166 855 2194 1.
879 2180 919 2185 —-
946 2162 988 2203 15)
1013 2164 1075 2193 sole
1091 2166 1119 2192 Z.

174 2214 208 2219 -
231 2200 297 2227 ,ςοίιι
313 2200 368 2228 Gu.
386 2203 411 2231 1.
434 2218 475 2222 —-
497 2213 559 2230 una
575 2213 630 2241 pro
651 2205 714 2231 ima
732 2205 825 2235 Gu.1.
850 2221 889 2226 —
913 2206 995 2233 Solae
1019 2208 1075 2235 (ἆυ.
1091 2209 1119 2238 3.

170 2257 210 2261 —
235 2241 277 2278 16)
295 2243 410 2270 nivales
428 2244 457 2271 Z.
475 2245 529 2273 Gu.
546 2248 610 2276 1.3.
629 2255 674 2284 pr.
692 2247 786 2275 Locus
801 2248 910 2276 Lucan.
928 2248 1030 2283 estIV‚
1050 2252 1117 2280 106.

169 2299 210 2304 ——-
235 2282 280 2324 17)
303 2285 351 2313 Sic
369 2286 398 2313 Ζ.
426 2287 482 2317 Gu.
500 2291 525 2318 1.
547 2298 592 2326 pr.
609 2297 655 2316 va.
679 2304 720 2309 —
737 2297 873 2327 pervent!
897 2291 952 2317 sol.
974 2291 1054 2328 vulg.
1079 2309 1117 2312 —-

171 2328 215 2361 18)
239 2327 287 2354 Sic
300 2327 355 2355 Gu.
377 2331 402 2358 1.
419 2332 445 2360 2.
470 2347 507 2350 -
531 2336 632 2357 exortu
650 2331 728 2368 vulg.
753 2347 792 2353 -—
817 2332 860 2370 11»)
887 2339 988 2360 autem
1003 2334 1068 2361 add.
1088 2335 1117 2362 Z.

169 2383 205 2388 —-
231 2368 276 2407 υ20)
300 2370 348 2397 Sic
366 2370 420 2399 Gu.
442 2375 466 2401 l.
484 2374 512 2402 2.
535 2389 575 2395 —
594 2374 698 2409 faciat
715 2374 795 2412 vulg.
822 2393 857 2396 —
883 2375 930 2412 91)
954 2376 1002 2403 Sic
1023 2377 1076 2404 Gu.
1091 2380 1116 2408 1.

1004 1758 1159 1792 Secunda
1187 1758 1418 1797 occidentalis,
1446 1758 1502 1790 ubi
1530 1757 1623 1789 nobis
1651 1756 1781 1799 aliquae
1810 1756 1924 1790 stellae
1952 1756 2120 1791 occidunt.

1171 1870 1199 1898 2.
1223 1884 1260 1889 -
1285 1873 1311 1895 et
1329 1867 1409 1905 vulg.
1431 1882 1472 1887 —-
1496 1864 1543 1904 ΕΞ)
1565 1876 1678 1903 semper
1693 1864 1809 1893 inducit
1825 1875 1870 1893 va.
1895 1880 1933 1886 ·-
1961 1863 2010 1905 23)
2034 1875 2118 1893 νοσα-

1170 1916 1219 1937 tur
1240 1910 1287 1938 Ar.
1319 1928 1356 1932 -
1388 1909 1436 1946 ⁴24)
1458 1908 1506 1936 Sic
1530 1908 1584 1937 Gu.
1609 1911 1635 1939 1.
1663 1924 1699 1928 —
1724 1913 1749 1935 et
1770 1913 1868 1935 vertex
1892 1906 1950 1938 dic.
1974 1907 2055 1945 vulg.
2078 1925 2117 1929 ——

1168 1956 1216 1987 25)
1239 1953 1286 1980 Sic
1309 1952 1365 1980 Gu.
1382 1954 1407 1983 1.
1431 1967 1473 1972 —
1495 1956 1623 1977 vocatur
1644 1950 1722 1987 vulg.
1748 1969 1785 1972 —
1815 1952 1862 1988 26)
1886 1950 1934 1978 Sic
1954 1950 1985 1980 Z.
2007 1950 2064 1980 Gu.
2089 1954 2116 1982 2.

1169 1995 1205 2023 al.
1222 2005 1266 2023 va.
1291 2013 1327 2017 —
1351 1993 1398 2031 27)
1421 1994 1562 2030 usquein.
1578 1994 1607 2020 Ζ.
1630 2009 1671 2014 --
1694 1993 1741 2028 25)
1764 1993 1812 2021 Sic
1828 1993 1885 2021 Gu.
1905 1996 1930 2023 1.
1947 2007 1988 2014 —·
2009 1998 2117 2020 vocata

1168 2037 1245 2074 vulg.
1270 2055 1306 2058 —
1331 2035 1376 2074 Q)
1396 2037 1531 2074 primus,
1555 2036 1702 2064 secundus
1726 2040 1781 2064 ele.
1809 2035 1972 2063 masculine
1992 2036 2079 2064 Arev.
2101 2046 2116 2063 e

1166 2079 1296 2107 Cassiod.
1313 2079 1349 2107 de
1365 2078 1533 2107 Asu-onom.
1555 2088 1582 2116 p.
1598 2080 1667 2109 579.
1693 2095 1730 2098 -—
1754 2076 1801 2115 30)
1820 2078 1948 2105 Meron..-
1965 2078 2021 2106 Gu.
2039 2080 2113 2108 1.—

1164 2123 1262 2149 Meroe
1285 2121 1337 2152 Ar.
1361 2131 1375 2149 e
1400 2122 1479 2149 Cass.
1505 2136 1547 2141 —
1574 2120 1622 2158 31)
1648 2122 1751 2149 Soanas
1775 2121 1805 2150 Z.
1835 2135 1875 2140 —
1905 2120 1988 2147 Sinis
2011 2120 2067 2148 Gu.
2084 2122 2113 2151 2.

1163 2165 1249 2202 Vulg.
1275 2163 1358 2191 addit
1386 2164 1432 2190 vel
1452 2164 1568 2198 Simu-s,
1598 2163 1678 2200 quod
1704 2173 1760 2191 om.
1777 2163 1808 2190 Z.
1830 2162 1885 2190 Gu.
1907 2165 1934 2193 1.
1952 2165 1982 2193 2.
2001 2166 2048 2190 Ar.
2073 2178 2114 2184 -—-

1164 2210 1269 2237 Slrene
1286 2206 1364 2234 Cass.
1388 2222 1425 2227 —-
1450 2208 1541 2242 Syene
1563 2205 1649 2234 Arev.
1671 2221 1713 2226 —
1735 2205 1781 2243 32)
1805 2204 1854 2232 Sic
1875 2204 1961 2233 Arev.
1987 2222 2024 2227 —
2058 2215 2112 2232 ca-

1162 2242 1289 2287 tugoras
1312 2249 1367 2277 Gn.
1382 2251 1411 2279 2.
1429 2258 1474 2285 pr.
1500 2264 1533 2268 —
1569 2248 1750 2275 callum-aras
1773 2247 1872 2278 Gu.1.
1896 2263 1935 2268 -—
1962 2246 2110 2275 Cttloclzo-

1161 2302 1213 2319 ras
1229 2293 1306 2320 Cass.
1331 2306 1371 2311 —-
1398 2290 1570 2327 &lingosus
1592 2292 1638 2318 vel
1651 2290 1827 2327 catugorias
1844 2299 1889 2316 va.
1915 2306 1951 2310 —-
1980 2290 2111 2318 Catapo-

1160 2336 1227 2361 ra'us
1250 2334 1328 2370 vulg.
1353 2348 1395 2354 —
1417 2332 1462 2371 33)
1487 2333 1532 2360 vel
1552 2339 1592 2360 est
1619 2335 1676 2362 (ju.
1698 2337 1723 2364 1.
1753 2347 1795 2352 —-
1825 2333 1873 2368 34)
1904 2333 2110 2371 Mesopontam

1162 2378 1192 2406 Z.
1212 2376 1268 2405 Gu.
1286 2379 1311 2407 1.
1336 2385 1380 2403 va.
1410 2390 1452 2396 —·
1481 2374 1528 2413 55)
1552 2377 1599 2403 Sic.
1619 2375 1725 2414 scripsi
1748 2384 1762 2402 e
1784 2374 1839 2402 Gu.
1860 2376 1903 2409 1.‚
1927 2375 1957 2403 in
1987 2385 2045 2414 quo
2067 2379 2109 2402 est
