2264 2830
792 80 1039 115 ORlGlNUM
1075 84 1219 118 LIBER
1248 86 1339 121 Vlll.
1964 91 2035 125 261

248 174 306 209 5³.

83 228 260 273 opinantur
270 226 305 263 ²¹⁹.

247 280 307 313 52).
361 280 493 313 Arabici
521 280 720 323 nuncupati,
762 292 802 311 eo
830 280 922 323 quotl
952 281 983 312 in
1014 281 1137 315 Arabia
1166 285 1270 316 exorti
1300 290 1388 325 sunt,
1421 285 1585 325 (licentes,
1621 285 1764 317 animam
1793 295 1869 318 cum
1895 297 2037 331 corpore

84 331 185 372 mori,
214 337 314 375 atque
343 332 373 364 in
402 331 612 363 novissimum
629 328 650 347 ⁸⁰
678 337 853 375 utrumque
881 343 1054 376 resurgere
1068 330 1100 368 ⁴¹,

245 383 304 416 60.
359 383 628 416 Tertullianistae
655 383 735 415 dicti
761 396 779 416 a
807 384 1015 416 'l'ertulliano
1043 387 1238 429 presbytero
1268 387 1445 419 Africanae
1473 387 1684 431 provinciae,
1727 388 1865 421 civitatis
1892 388 2037 422 Cartha-

83 433 237 478 ginensis,
265 436 405 467 animam
435 446 499 466 non
528 435 749 467 immortalem
762 433 786 451 ⁴²
813 447 891 475 esse,
919 436 976 468 sed
1006 448 1205 481 corpoream
1230 439 1471 482 praedicanuffi,
1500 445 1531 471 et
1558 440 1681 472 animas
1710 439 1884 473 hominum
1911 453 2037 486 pecca—

82 490 190 519 torum
222 492 297 531 post
321 492 460 519 mortem
487 487 518 518 in
547 487 726 519 daemones
754 489 835 519 vorti
865 492 1029 531 putantur.

246 538 306 572 61.
358 536 825 571 'l'essaresdec;=e‹1«›catit:2‹›,⁴³
853 536 988 577 ‹licti”,
1029 536 1142 583 quia⁴³
1169 540 1267 572 Xllll
1306 541 1382 572 luna
1418 541 1546 584 pascha
1582 553 1658 574 cum
1688 542 1820 575 ludaeis
1855 544 2036 577 observan-

83 586 200 623 ‹lun1⁴‘⁵
223 589 436 624 contendunt.
491 591 577 622 Nam
605 591 772 636 τέσσαρες
799 597 941 633 quatuor
968 592 1152 635 significat,
1189 598 1222 624 et
1249 593 1331 627 δέκα
1360 589 1522 625 (Ιοουιηη.

244 641 304 673 62,
357 642 526 686 Nyctages
553 654 571 674 a
599 653 715 673 sonmo
745 643 936 686 nuncupati,
964 643 1055 685 quod
1076 643 1201 687 vigilias
1230 645 1334 675 noctis
1357 641 1560 689 respuuntffl,
1588 645 1855 688 superstitionem
1883 658 1953 679 esse
1982 647 2035 679 ‹li-

81 697 208 736 centes,
236 693 306 726 iura
334 695 487 726 temerari
498 691 521 709 ⁴⁹
543 694 669 733 divina,
692 695 749 736 qui
774 700 904 726 noctem
934 695 976 726 atl
1005 696 1151 737 requiem
1180 695 1300 728 tribuit.

244 744 304 778 63.
357 745 528 789 pelagiani
556 758 573 777 a
604 746 743 789 Pelagio
769 746 936 779 monacho
966 747 1078 779 exorti.
1135 747 1180 778 Hi
1209 747 1350 779 liberum
1377 747 1547 780 arbitrium
1585 746 1715 779 (livinae
1742 748 1868 792 gratiae
1897 754 2035 794 antepo-

79 801 176 839 nunt,
205 796 372 837 dicentes,
400 798 553 829 sufficere
583 798 781 829 voluntatem
811 798 853 829 a‹l
883 798 1056 842 implenda
1084 798 1168 830 iussa
1202 798 1320 831 divina.

243 847 302 880 6⁴.
356 849 540 881 Nestoriani
567 861 585 881 a
613 849 767 881 Nestorio
796 849 1163 894 Constantinopolitano
1191 850 1367 895 Episcopo
1395 851 1595 894 nuncupati,
1630 850 1685 893 qui
1713 850 1845 883 beatam
1875 852 2035 896 virginem

77 899 220 931 Mariam
250 912 314 932 non
343 900 422 942 Dei,
450 901 509 932 sed
538 900 680 933 hominis
707 902 940 933 tantummodo
969 903 1104 934 asseruit
1131 902 1345 946 genitricem,
1380 908 1414 934 ut
1444 903 1543 934 aliam
1572 914 1748 946 personam
1777 903 1900 943 carnis,
1935 904 2035 935 aliam

78 951 204 984 faceret
233 952 385 985 Deitans:
414 949 507 985 necf'⁰
534 964 634 985 unum
655 952 820 985 Christum
849 953 880 985 in
908 954 1010 986 verbo
1038 953 1101 985 Dei
1129 958 1161 985 et
1189 965 1287 986 carne
1315 954 1467 995 credidit,
1496 954 1554 987 setl
1583 959 1771 999 separatum
1800 960 1899 998 atque
1926 955 2035 988 seiun—

78 1003 156 1036 ctim
169 1000 192 1020 5¹
222 1004 361 1036 alterum
387 1004 491 1036 filium
522 1004 599 1043 Dei,
629 1004 768 1037 alterum
782 1001 806 1021 ⁵²
833 1005 978 1037 hominis
1007 1005 1221 1049 praedicavit.

240 1054 301 1090 65.
357 1055 555 1099 Eutychiani
583 1055 662 1088 ‹licti
691 1056 733 1088 ab
761 1057 917 1100 Eutyche
945 1057 1315 1101 Constantinopolitano
1342 1057 1483 1097 abbate,
1518 1057 1575 1100 qui
1602 1056 1772 1090 Christum
1808 1063 1885 1102 post
1912 1057 2034 1090 hnma-

76 1118 151 1139 nam
188 1108 447 1152 assumptionem
480 1104 650 1152 negavit⁵³
678 1107 814 1141 existere
850 1109 893 1142 ‹le
928 1109 1058 1141 duabus
1091 1109 1228 1150 naturis,
1263 1108 1322 1141 sed
1358 1109 1463 1141 solam
1495 1109 1526 1141 in
1555 1120 1595 1142 eo
1623 1109 1766 1142 divinam
1796 1110 1932 1143 asseruit
1966 1121 2035 1142 esse

77 1164 225 1191 naturam
237 1156 270 1191 ⁵⁴.
344 1159 346 1161 ’

240 1210 299 1245 66.
354 1210 523 1255 Acepliali
549 1210 648 1251 dicti,
680 1211 715 1243 id
739 1215 787 1244 est
818 1211 886 1244 sine
913 1209 1064 1256 capite⁵⁵.
1120 1212 1238 1245 Nullus
1267 1213 1353 1244 enim
1382 1223 1497 1244 eorum
1518 1209 1716 1256 reperitur⁵⁰
1743 1217 1877 1251 auctor,
1911 1223 1930 1244 a
1963 1222 2030 1254 quo

77 1262 181 1294 exorti
207 1259 324 1295 sunt⁵⁷.
378 1263 424 1294 Hi
458 1263 553 1294 trium
590 1262 917 1295 Chalcedonensium
953 1263 1176 1306 capitulorum
1204 1264 1455 1307 impugnatores
1484 1263 1626 1295 duarum
1654 1264 1685 1295 in
1714 1263 1847 1296 Christo
1878 1264 2029 1296 substan-

76 1313 194 1346 tiarum
222 1314 462 1358 proprietatem
492 1319 633 1357 negant,
661 1319 692 1345 ct
724 1325 822 1345 unam
852 1314 883 1345 in
911 1314 978 1346 eius
1003 1311 1180 1357 personam
1205 1320 1354 1346 naturam
1383 1314 1587 1358 praedicant.

242 1365 301 1397 67.
355 1364 587 1397 Theodosiani
614 1370 646 1396 et
674 1365 849 1397 Gaianitae
877 1365 1040 1410 appellati
1069 1377 1088 1397 a
1116 1365 1315 1397 Theodosio
1344 1372 1376 1398 et
1404 1363 1589 1405 Gaianow,
1618 1365 1672 1407 qui
1700 1366 1906 1410 temporibus
1935 1366 2032 1398 lusti-

76 1415 162 1447 niani
191 1416 347 1460 principis
375 1417 408 1448 in
435 1416 638 1448 Alexandria
667 1417 784 1460 populi
813 1418 957 1459 perversi
986 1417 1148 1449 electione
1177 1428 1242 1449 uno
1271 1417 1325 1450 (lie
1348 1423 1421 1448 sunt
1448 1417 1589 1449 ordinati
1611 1417 1784 1461 Episcopi.
1828 1418 1873 1448 Hi
1903 1428 2031 1449 errores

75 1467 227 1499 Eutichis
244 1465 268 1483 ¹⁵⁰
301 1473 333 1500 et
359 1467 511 1501 Dioscori
535 1473 723 1510 sequentes,
759 1467 1036 1500 Chalcedonense
1064 1468 1240 1501 concilium
1277 1474 1450 1511 respuunt:
1481 1480 1520 1501 ex
1549 1468 1676 1500 duabus
1704 1480 1803 1500 unam
1831 1468 1862 1500 in
1898 1467 2032 1501 Christo

362 177 545 210 Paterniani
573 188 591 209 a
619 177 761 208 Paterno
784 176 930 219 quodam
961 178 1085 218 exorti,
1121 180 1176 222 qui
1204 180 1377 214 inferiores<
1406 182 1556 226 corporis
1583 186 1694 226 partes
1722 194 1739 214 a
1767 182 1905 216 diabolo
1933 186 2036 220 factas

76 1524 225 1551 naturam
253 1524 400 1551 asserunt
412 1516 435 1535 ⁶¹
444 1545 452 1555 ,

481 1530 580 1562 quam
609 1519 842 1551 Tlleodosiani
870 1526 1081 1564 corruptam,
1112 1520 1287 1552 Gaianitae
1314 1521 1540 1563 incorruptam
1569 1519 1783 1552 contendunt.

239 1569 299 1604 68.
352 1570 521 1614 Agnoitae
531 1567 556 1586 ⁰²
583 1575 615 1602 et
650 1570 839 1604 Tritlleitae
866 1583 885 1603 a
913 1571 1163 1604 Theodosianis
1190 1571 1295 1603 exorti
1325 1577 1416 1613 sunt,
1452 1583 1491 1604 ex
1519 1571 1639 1614 quibus
1668 1571 1836 1615 Agnoitae
1858 1571 1900 1603 ab
1928 1571 2029 1615 igno-

74 1621 178 1653 rantia
188 1617 213 1637 ⁶³
229 1621 308 1655 dicti
326 1619 441 1661 sunt¹⁵⁴,
458 1622 536 1664 quia
553 1619 796 1665 perversitatiffi,
813 1635 831 1654 a
848 1634 913 1665 qua
931 1624 1035 1656 exorti
1051 1628 1135 1662 sunt,
1154 1622 1186 1654 id
1205 1620 1401 1664 a‹liiciu11t‘³⁰‚
1416 1623 1507 1666 quod
1521 1622 1643 1656 Christi
1660 1622 1809 1655 divinitas
1826 1623 1956 1666 ignoret
1976 1623 2029 1655 su-

72 1677 157 1713 tura,
178 1684 265 1716 quae
280 1678 353 1706 sunt
367 1674 489 1717 scripta
505 1673 548 1706 (le
568 1673 621 1706 die
636 1679 668 1706 et
686 1673 770 1706 hora
785 1675 971 1716 novissima,
992 1686 1058 1707 non
1080 1674 1295 1708 recordantes
1315 1674 1438 1708 Christi
1460 1686 1637 1719 personam
1652 1674 1685 1706 in
1702 1675 1799 1707 Esaia
1817 1671 2028 1707 dicentem‘fl:

74 1773 123 1801 Sic
145 1774 200 1801 Gu.
222 1778 248 1804 1.
264 1777 292 1806 2.
314 1784 362 1813 pr.
385 1785 432 1805 va.
457 1777 638 1814 nuptiarum
661 1776 741 1813 vulg.
765 1780 794 1804 et
822 1777 908 1805 Arev.
926 1778 1027 1817 -35)

1072 1776 1120 1812 51)
1143 1777 1311 1815 separatim
1337 1782 1428 1814 atque
1451 1777 1610 1803 seiunctim
1633 1776 1688 1804 Gu.
1711 1778 1738 1806 2.
1760 1786 1806 1815 pr.
1829 1776 1877 1805 Ar.
1906 1791 1947 1797 —-
1980 1777 2026 1811 5²2)

74 1826 134 1843 esse
157 1816 193 1843 al.
213 1826 269 1844 om.
289 1833 326 1838 —
351 1820 396 1852 36)
424 1818 477 1848 Vv.
497 1818 631 1857 quodam
656 1819 803 1846 monacho
823 1819 924 1847 addidi
940 1829 954 1847 e
970 1820 1026 1847 (αὐ.
1072 1818 1159 1857 Vulg.
1184 1826 1209 1847 el
1235 1820 1383 1855 (dicrum,
1407 1819 1458 1847 sed
1481 1825 1507 1846 et
1532 1829 1589 1847 0111.
1611 1818 1667 1846 Gu.
1689 1821 1714 1848 1.
1729 1821 1756 1849 2.
1781 1829 1825 1847 va.
1852 1818 1899 1847 Ar.
1922 1835 1956 1840 -
1979 1818 2026 1857 53)

77 1860 103 1888 1.
128 1874 170 1879 -—
202 1860 250 1896 37)
274 1859 323 1887 Sic
347 1860 402 1888 Gu.
420 1863 445 1891 1.
478 1878 515 1881 ——
552 1862 638 1900 Vulg.
661 1868 771 1890 natum
797 1862 960 1890 Christum.
985 1879 1027 1883 —
1071 1862 1202 1900 negabat
1220 1862 1258 1891 al.
1290 1878 1327 1883 —
1359 1862 1408 1900 54)
1435 1862 1482 1889 Sic
1507 1862 1563 1889 Gu.
1586 1864 1611 1891 1.
1633 1864 1661 1892 2.
1682 1862 1729 1890 Ar.
1757 1877 1800 1882 —
1828 1861 1915 1899 Vulg.
1945 1871 2026 1888 asse-

73 1900 121 1937 38)
138 1901 228 1938 filios
252 1912 308 1929 om.
330 1902 366 1930 al.
396 1919 437 1924 —
467 1905 512 1941 30)
542 1904 735 1932 arbitrantur
764 1905 800 1933 al.
833 1923 871 1927 —-
905 1904 953 1940 40)
978 1905 1025 1932 Sic
1070 1907 1133 1932 raiz
1151 1904 1213 1935 div.
1228 1910 1294 1934 nat.
1310 1915 1380 1932 esse.
1404 1920 1444 1926 —
1480 1906 1526 1940 55)
1551 1903 1637 1941 Vulg.
1663 1903 1729 1932 add.
1752 1914 1839 1942 quem
1860 1909 2025 1943 sequuntur

74 1942 130 1971 Gu.
150 1946 175 1974 1.
200 1944 238 1973 al.
265 1946 297 1972 in
316 1946 479 1973 novissimo
503 1956 560 1975 om.
582 1947 637 1976 Gn.
652 1950 682 1978 2.
706 1957 752 1986 pr.
768 1958 813 1976 va.
837 1963 879 1968 —
911 1948 943 1974 in
967 1958 1025 1975 no-
1070 1946 1228 1981 (secuntur
1244 1948 1301 1976 Gu.
1324 1950 1350 1978 1.
1374 1947 1427 1982 al.)
1453 1946 1604 1974 hecfrenati.
1629 1946 1708 1974 Haec
1730 1947 1813 1975 omisi
1836 1957 1904 1975 cum
1925 1947 2024 1982 Arev„

72 1987 197 2013 ,tissima
221 1985 269 2014 die
292 1987 370 2024 vulg.
401 2004 438 2008 —
470 1988 516 2027 41)
543 1992 662 2029 resurgi
691 1991 749 2019 Gu.
770 1993 798 2021 2.
828 2005 868 2011 ——
899 1990 944 2028 42)
976 1989 1024 2018 Sic
1070 1990 1140 2029 quia
1163 1991 1279 2019 nullum
1306 2000 1425 2018 sensum
1457 1988 1514 2017 hoc
1542 1990 1608 2018 loco
1633 1989 1788 2028 praebent.
1809 2006 1850 2011 —-
1873 1989 1920 2024 56)
1942 1991 2024 2017 inve-

73 2028 264 2058 seribendum
289 2040 351 2058 esse
375 2040 479 2058 censeo
495 2041 510 2059 e
528 2032 584 2061 Gu.
606 2037 640 2067 1.‚
664 2033 694 2061 iu
719 2043 777 2071 quo
802 2037 846 2061 est
869 2043 928 2060 non
947 2043 1027 2060 mor-
1069 2034 1156 2061 nitur
1172 2034 1260 2062 al.—-
1283 2035 1330 2069 57)
1354 2032 1402 2060 Sic
1424 2032 1479 2061 Gu.
1501 2036 1524 2063 1.
1542 2036 1570 2064 2.
1586 2049 1625 2053 —
1643 2032 1730 2069 Vulg.
1745 2034 1865 2062 sint.—
1890 2035 1938 2068 58)
1949 2043 2023 2071 per-

73 2072 172 2100 talem.
189 2088 230 2093 -—-
252 2073 300 2110 43)
323 2072 372 2099 Sic
397 2073 444 2101 Ar.
458 2089 498 2094 —
516 2073 602 2112 Vulg.
620 2076 732 2104 Graece
751 2079 992 2115 Τεσσαρεςκα
1002 2087 1025 2105 ι-
1069 2087 1175 2104 sonam
1195 2076 1251 2104 Gu.
1267 2078 1293 2106 1.
1307 2085 1401 2103 unam
1416 2081 1562 2103 naturam
1578 2077 1609 2103 in
1625 2076 1690 2103 eius
1702 2086 1831 2113 persona
1840 2075 1948 2114 praed.
1964 2076 2021 2103 Gu-

74 2114 286 2144 δεκαδίται.
316 2116 370 2143 Gn.
396 2118 422 2146 1.
447 2118 474 2146 2.
508 2126 553 2155 pr.
581 2117 878 2146 Taeaseresdecaditcce.
902 2134 943 2139 —-
977 2118 1025 2155 44)
1070 2121 1098 2149 2.
1122 2136 1158 2140 —
1185 2122 1230 2152 59)
1255 2118 1303 2146 Sic
1324 2118 1379 2146 Gu.
1399 2122 1423 2148 1.
1444 2128 1490 2156 pr.
1510 2129 1557 2148 va.
1576 2118 1623 2146 Ar.
1646 2135 1687 2140 —
1713 2118 1798 2155 vulg.
1824 2129 1843 2146 (ι
1874 2116 1978 2146 leeod.
1994 2122 2019 2144 et

73 2155 150 2184 dicti
171 2157 208 2185 al.
233 2168 291 2185 om.
322 2176 360 2180 —-
390 2160 438 2191 45)
462 2158 510 2185 sic
532 2160 587 2187 Gu.
608 2163 633 2190 1.
660 2160 743 2199 quod
763 2162 841 2199 vulg.
867 2161 924 2190 Gn.
942 2164 970 2192 2.
989 2161 1025 2189 al.
1073 2162 1196 2190 Gaiano
1218 2172 1286 2199 app.
1314 2161 1502 2199 Gagicmc'tae
1523 2183 1528 2188 .
1547 2184 1553 2190 .
1573 2183 1581 2191 .
1609 2162 1753 2199 Gagicmo
1772 2161 1828 2189 Gu.
1845 2164 1872 2192 2.
1904 2177 1945 2182 -
1973 2162 2016 2189 60)

73 2203 233 2238 utrumque
252 2210 308 2228 om.
333 2217 372 2221 —-
398 2200 445 2237 46)
466 2201 676 2230 celebrandum
691 2204 730 2234 al.
754 2220 795 2225 —
822 2202 870 2243 47)
898 2204 946 2231 Sic
966 2204 1024 2233 Gu.
1069 2203 1117 2232 Sic
1134 2206 1190 2233 Gu.
1209 2207 1235 2235 1.
1250 2204 1424 2231 Eaticlzms
1441 2204 1566 2241 vulg.—
1587 2206 1633 2241 61)
1657 2204 1764 2231 ‹liz-unt
1780 2209 1843 2233 nat.
1861 2203 1897 2231 al.
1915 2218 1955 2224 —-
1971 2200 2015 2237 62)

75 2243 102 2270 1.
126 2258 164 2263 -—
197 2242 284 2280 vulg.
309 2242 494 2281 τέσσαρες
519 2250 665 2282 quatuor,
694 2245 781 2275 δέκα
803 2245 901 2274 decem
923 2248 1023 2285 Signi-
1068 2246 1116 2274 Sic
1132 2250 1181 2278 Ar.
1201 2248 1331 2275 Gnoitae
1344 2247 1422 2284 vulg.
1446 2263 1486 2268 —
1510 2247 1557 2283 63)
1576 2246 1611 2274 ob
1632 2247 1841 2284 tgnoranliam
1858 2256 1904 2273 va.
1918 2260 1953 2264 —
1967 2241 2015 2280 64)

65 2284 152 2321 ficut.
176 2291 202 2313 et
225 2284 328 2314 addidi
347 2295 362 2313 e
379 2285 434 2313 Gu.
456 2288 480 2316 1.
499 2302 540 2307 —
563 2288 611 2324 48)
634 2287 681 2315 Sic
699 2288 754 2316 Gu.
766 2291 791 2319 1.
809 2306 848 2311 —
868 2289 954 2326 Vulg.
971 2300 1022 2316 re-
1067 2295 1139 2317 sunt
1157 2290 1258 2318 addidi
1274 2300 1287 2317 e
1302 2290 1358 2320 Gu.
1379 2293 1407 2320 1.
1420 2306 1457 2310 —
1475 2292 1518 2323 65)
1537 2289 1585 2317 Sic
1604 2290 1652 2318 Ar.
1664 2299 1711 2319 va.
1721 2290 1919 2327 perversitate
1934 2284 2013 2321 vulg.

73 2333 194 2364 spuunt.
227 2346 265 2351 -
301 2328 348 2363 49)
371 2327 420 2356 Sic
438 2328 493 2355 Gu.
517 2331 542 2360 1.
566 2329 615 2358 Ar.
637 2335 778 2358 temerare
799 2332 881 2370 vulg.
911 2338 1023 2370 tempe·
1068 2349 1105 2353 —
1130 2332 1176 2372 66)
1200 2332 1342 2360 adiciunt
1366 2332 1422 2360 Gu.
1445 2334 1473 2363 2.
1496 2342 1540 2370 pr.
1567 2348 1609 2355 —-
1645 2331 1690 2371 67)
1714 2332 1760 2360 Sic
1784 2331 1840 2358 Gu.
1858 2332 1884 2360 1.
1909 2343 1946 2350 —
1969 2327 2013 2354 lo·

75 2379 142 2398 rare
159 2370 215 2401 Gu.
235 2372 267 2401 2.
290 2386 333 2392 -
356 2370 401 2409 50)
423 2371 470 2399 Sic
487 2371 543 2399 Gu.
558 2375 584 2403 1.
600 2374 628 2403 2.
649 2382 693 2411 pr.
710 2383 757 2402 va.
774 2384 868 2412 neque
885 2375 965 2413 vulg.
983 2391 1022 2395 —

1067 2377 1186 2413 quentis
1200 2375 1280 2414 vulg.
1310 2375 1406 2404 Locus
1424 2380 1466 2403 est
1482 2385 1544 2413 cap.
1562 2377 1611 2411 63,
1627 2375 1655 2404 4.
