2255 2819
224 112 300 146 590
925 101 1101 135 ISIDORI
1127 101 1307 136 HISPAL.
1335 101 1478 136 EPISC.

699 217 851 251 CAP.
904 218 995 250 Vlll.
1073 219 1138 252 De
1179 218 1396 264 fabricis
1442 221 1685 265 parietum.

393 302 425 334 1.
483 300 519 331 ln
555 295 689 328 fabricis
724 294 885 337 parietum
923 300 1021 337 atque
1056 300 1220 329 tectorum
1255 295 1377 328 Graeci
1412 297 1615 331 inventorem
1651 298 1840 332 Daedalum
1881 305 2038 335 asserunt.
2105 300 2169 334 Iste

228 358 314 392 enim
342 354 466 399 primus
492 347 645 380 didicisse
674 346 834 378 fabricam
862 358 880 377 a
911 345 1064 380 Minerva
1091 347 1219 380 dicitur.
1274 347 1402 379 Fabros
1430 354 1554 390 autem,
1588 351 1654 383 sive
1680 351 1823 384 artifices
1852 351 1974 385 Graeci
2002 352 2170 391 τέκτονας

227 412 363 445 vocant,
404 403 438 435 id
470 405 517 432 est
546 400 754 431 instructores
767 393 785 431 ¹.
854 397 1040 431 Architecti
1066 404 1176 431 autem
1213 399 1424 431 caemeniarii
1454 406 1545 440 sunt,
1586 402 1642 444 qui
1678 402 1857 446 disponunt
1878 403 1911 435 in
1938 403 2169 437 fundamentis.

226 459 326 494 Unde
351 461 382 489 et
409 451 589 497 Apostolus
617 450 659 482 de
686 449 881 493 semetipso,
914 447 1035 493 ιμιιιεί2
1061 447 1225 495 sc1pieus³
1261 451 1474 484 architectus
1502 452 1779 497 fundamentum
1800 455 1916 499 posui.

390 513 423 546 2.
477 506 697 544 Machiones³
725 509 805 542 dicti
829 521 848 541 a
875 509 1054 551 machinis,
1085 506 1227 554 quibus³
1254 510 1402 543 insistunt
1428 517 1570 555 propter
1596 513 1802 547 altitudinem
1829 514 2004 559 parietum.

766 594 917 628 CAP.
970 596 1027 630 lx.
1107 595 1178 629 De
1239 597 1628 641 dispositione.

392 665 634 701 Aedifieiorum
662 668 772 709 partes
800 669 873 695 sunt
900 662 1004 704 tres-¹¹,
1033 664 1223 708 dispositio,
1251 665 1472 707 constructio,
1501 671 1659 699 venustas.

329 714 531 764 Dispositio⁷
559 728 674 756 areae,
701 715 754 748 vel
781 716 854 747 solii
882 721 914 748 et
941 715 1232 749 fundamentorum
1261 717 1450 761 descriptio.

760 800 900 834 CAP.
955 802 995 834 X.
1074 801 1147 834 De
1199 803 1629 837 constructione.

392 872 424 905 l.
478 869 688 904 Constructio
716 874 764 902 est
793 869 932 902 laterum
960 875 991 902 et
1014 870 1193 903 altitudinis
1220 871 1417 904 aedificatio.
1487 871 1698 905 Constructio
1726 875 1854 911 autem,
1895 871 1949 903 vel
1981 866 2171 903 instructio⁸

227 930 345 961 vocata
373 934 433 963 eo,
468 922 561 965 quod
589 922 781 965 instringat,
821 926 852 953 et
879 918 1087 954 cohaerere⁰
1115 922 1230 962 faciat,
1278 927 1313 954 ut
1338 923 1467 966 lapides
1495 923 1585 962 luto,
1633 928 1665 956 et
1691 923 1783 967 ligna
1811 928 1843 955 et
1870 922 1998 966 lapides
2030 922 2171 954 invicem

226 980 295 1014 sibi.
349 976 435 1010 Nam
463 980 495 1006 et
520 973 668 1006 intinctio
696 973 774 1004 ferri
803 971 833 1004 in
862 984 981 1015 aquam
998 970 1021 990 ¹⁰
1056 970 1284 1006 instruetur-an
1321 980 1378 1007 est.
1440 974 1507 1006 Nisi
1544 974 1630 1007 enim
1665 974 1810 1008 candens
1843 974 2007 1018 tingatur,
2057 973 2172 1017 stringi

228 1038 259 1065 et
287 1028 469 1063 cohaerere
482 1022 504 1041 ¹²
531 1036 596 1057 non
625 1029 735 1068 potest
762 1024 895 1059 ferrum.
971 1025 1052 1057 ltem
1091 1025 1292 1058 constructio
1327 1037 1346 1057 a
1373 1025 1584 1058 multitudine
1618 1026 1770 1069 lapidum
1807 1031 1839 1058 et
1874 1025 2044 1070 lignorum
2071 1024 2170 1066 dicta,

227 1082 316 1117 unde
344 1083 376 1112 et
402 1082 514 1110 strues.
568 1075 671 1108 Aliud
700 1080 747 1107 est
768 1075 852 1107 enim
885 1075 1092 1116 aedificatio,
1126 1076 1214 1108 aliud
1242 1077 1442 1109 instauratio.
1509 1078 1596 1109 Nam
1624 1077 1813 1110 aedificatio
1847 1087 1933 1109 nova
1969 1076 2171 1110 constructio

227 1139 289 1173 est,
318 1129 508 1163 instauratio
533 1138 629 1166 vero,
657 1126 749 1169 quod
777 1132 948 1170 reparatur
961 1124 982 1143 ¹³
1009 1127 1052 1159 ad
1080 1128 1179 1159 instar
1205 1128 1335 1171 prioris.
1397 1128 1482 1161 Nam
1509 1128 1608 1161 instar
1631 1133 1759 1161 veteres
1773 1125 1795 1145 ¹⁴
1821 1139 1885 1172 pro
1912 1123 2171 1167 similitudineff',

227 1180 350 1220 unde1ss
378 1185 410 1213 et.
435 1180 614 1212 instaurare
641 1178 807 1211 dicebant.

391 1232 425 1264 2.
480 1230 619 1263 Constat
644 1235 753 1261 autem
781 1229 981 1262 constructio
998 1225 1019 1244 '⁷
1047 1229 1282 1269 fundamento,
1310 1229 1479 1273 lapidibus
1509 1235 1541 1262 et
1568 1231 1680 1270 calce,
1717 1241 1816 1262 arena
1851 1235 1884 1262 et
1910 1225 2060 1274 lignisffi.

330 1283 598 1318 Fundamentum
626 1281 772 1319 dictum,
805 1280 896 1323 quod
937 1280 975 1311 sit
1003 1280 1125 1314 fundus
1142 1277 1164 1297 ¹⁰
1195 1281 1351 1315 aedilicii.
1430 1280 1526 1313 Idem
1561 1286 1594 1314 et
1626 1287 1834 1315 caementum
1864 1292 1884 1313 a
1916 1280 2091 1315 caedendo
2119 1280 2172 1312 di·

227 1346 335 1378 ctum,
370 1334 462 1378 quod
490 1344 587 1366 caeso
602 1330 627 1349 ²⁰
650 1343 759 1365 crasso
787 1331 900 1376 lapide
928 1337 1052 1376 surgat.

391 1386 424 1420 3.
478 1385 626 1429 Lapides
652 1384 684 1416 in
710 1384 876 1417 structuris
904 1384 990 1427 apti,
1019 1384 1132 1423 albus,
1160 1379 1379 1416 Tiburtinus²

229 1444 306 1474 brus
330 1444 361 1471 et
388 1437 516 1480 reliqui.

392 1488 426 1521 4.
478 1488 584 1520 Albus
611 1486 712 1529 lapis,
759 1486 840 1518 alius
868 1485 986 1526 durus,
1028 1486 1109 1518 alius
1136 1486 1254 1519 mollis.
1325 1484 1440 1518 Mollis
1470 1485 1605 1518 dentata
1630 1498 1719 1519 serra
1746 1490 1891 1526 secatur,
1936 1484 2115 1518 tractabilis
2140 1484 2172 1516 in

229 1554 333 1588 opere
361 1547 426 1581 est,
453 1540 497 1571 ita
524 1545 557 1570 ut
584 1539 615 1570 in
640 1549 698 1578 eo,
732 1538 824 1580 quasi
852 1538 884 1569 in
912 1537 1009 1581 lignis
1023 1534 1047 1553 Ἠ
1082 1538 1197 1569 literae
1223 1534 1451 1570 scribantur-²³.

392 1590 427 1624 5.
479 1589 671 1622 Tiburtinus
689 1601 707 1621 a
727 1590 804 1622 loco
833 1589 948 1621 ltaliae
972 1588 1098 1629 dictus,
1125 1589 1181 1631 qui
1206 1589 1285 1621 dum
1308 1589 1347 1620 sit
1371 1588 1413 1621 ad
1440 1588 1602 1621 fabricam
1627 1588 1737 1629 fortis,
1769 1598 1895 1631 vapore
1910 1591 2020 1619 tamen
2047 1586 2172 1619 dissilit.

393 1642 428 1675 6.
482 1640 625 1685 Tophus
652 1641 771 1672 inutilis
799 1645 845 1673 est
872 1637 1085 1681 aediliciis²⁶,
1127 1640 1349 1673 fundamentis
1383 1645 1497 1684 aptus,
1538 1640 1739 1673 mortalitate
1753 1635 1776 1655 ²⁷
1812 1643 1844 1672 et
1870 1634 2054 1671 mollitiam.
2120 1637 2172 1670 Ex

231 1701 320 1728 aestu
348 1694 434 1727 enim
463 1698 495 1725 et
521 1692 628 1724 halitu
656 1692 753 1724 maris
781 1692 915 1724 fricatur
926 1688 950 1707 ²⁰
978 1697 1008 1724 et
1037 1692 1229 1725 verberatur
1254 1692 1424 1726 imbribus.

393 1744 427 1779 Ἰ.
480 1744 653 1777 Arenatius
665 1740 689 1759 ³⁰
715 1743 800 1787 lapis
827 1748 1000 1776 concretus
1028 1744 1125 1776 maris·
1151 1744 1274 1783 arenis,
1303 1743 1360 1776 hic
1387 1748 1420 1776 et
1446 1741 1579 1775 bibulus
1607 1740 1736 1775 dicitur.
1788 1740 1907 1774 Servat
1934 1739 2021 1774 euim
2047 1737 2171 1772 humo-

233 1808 302 1829 rem
331 1801 514 1840 acceptum.
568 1795 662 1827 ldem
691 1800 722 1827 et
749 1795 780 1826 in
808 1795 953 1828 Baetica.

335 1847 519 1880 Gaditanus
545 1847 588 1878 ab
615 1846 718 1878 insula
743 1846 889 1886 Oceani,
917 1845 973 1878 ubi
1000 1846 1160 1890 plurimus
1187 1845 1358 1879 exciditur.

1383 1380 1410 1423 ¹,
1438 1383 1665 1425 columbinus,
1692 1383 1831 1417 fluvialis
1843 1379 1878 1425 ²²,
1901 1382 2043 1427 spongia
2055 1378 2091 1423 ²³,
2117 1393 2172 1415 ru-

320 1953 350 1994 1)
374 1960 534 1981 structores
558 1954 605 1982 Ar.
631 1973 668 1977 --
692 1952 724 1994 Ξ)
748 1954 795 1982 Sic
818 1955 874 1985 Gu.
902 1958 927 1985 1.
950 1957 978 1986 2.
1000 1965 1047 1984 va.
1073 1955 1121 1983 Ar.
1144 1973 1179 1977 -
1225 1965 1272 1983 va.
1294 1955 1345 1981 Ar.
1377 1969 1413 1974 -—-
1449 1952 1639 1980 constructio
1669 1957 1769 1979 autem
1799 1956 1918 1979 constat
1949 1950 2029 1988 vulg.
2054 1967 2090 1972 —
2125 1949 2171 1989 18)

235 2005 268 2026 ut
291 1997 369 2034 vulg.
396 2013 437 2017 —
466 1995 496 2036 3)
521 1998 621 2034 inquit
643 1997 711 2025 add.
735 1998 816 2034 vulg.
848 2013 889 2018 —
913 1998 977 2027 0111.
1003 2000 1058 2025 (iu.
1080 2001 1104 2028 1,
1130 1998 1183 2025 Lo·
1226 1998 1273 2025 Sic
1304 1997 1360 2024 Gu.
1386 1997 1411 2026 1.
1433 1997 1462 2026 2.
1486 2010 1528 2016 —
1558 1995 1655 2030 calce,
1687 2004 1780 2022 arena
1809 2000 1835 2022 et
1867 1994 1961 2032 lignis
1989 1994 2038 2022 Ar.
2060 2003 2108 2022 va.
2129 2007 2172 2014 -—

235 2051 288 2068 cus
311 2044 354 2067 est
382 2043 407 2069 1.
425 2039 491 2066 Cor.
515 2041 543 2072 3,
562 2041 610 2069 10.
634 2056 673 2061 -ο
697 2044 724 2071 4)
749 2041 903 2067 ,silan-ionis
928 2042 983 2068 Gu.
1011 2043 1034 2069 1.
1056 2056 1089 2061 —
1117 2050 1183 2067 ma-
1230 2038 1275 2079 m)
1299 2039 1345 2066 Sic
1369 2038 1422 2066 Gu.
1444 2040 1470 2068 l.
1494 2040 1523 2068 2.
1546 2053 1587 2059 —
1610 2036 1740 2073 similas
1769 2038 1809 2064 sit
1838 2036 1917 2074 vulg.
1946 2051 1988 2058 -—
2017 2034 2064 2074 20)
2086 2045 2171 2062 caeso

236 2086 330 2110 tione-v
354 2081 390 2109 al.
416 2091 464 2108 va.
489 2090 536 2118 pr.
561 2097 599 2100 -—
628 2082 658 2115 5)
681 2083 712 2109 in
735 2083 847 2120 quibus
870 2082 971 2119 vulg„
995 2082 1046 2110 sed
1070 2084 1101 2109 m
1126 2093 1183 2112 om.
1227 2081 1329 2109 addidi
1356 2090 1392 2109 ex
1422 2079 1511 2108 Arev.
1537 2096 1572 2100 ——-
1597 2090 1682 2107 caeso
1711 2089 1765 2118 pro
1794 2089 1896 2106 crasso
1927 2088 1972 2108 va.
2002 2093 2043 2098 -
2076 2078 2123 2114 21)
2146 2082 2173 2104 et

237 2127 329 2156 Gu.1.
356 2140 391 2145 —
416 2126 442 2153 6)
464 2128 522 2149 tres
544 2128 614 2148 sunt
631 2132 678 2151 va.
704 2141 742 2145 —
768 2124 797 2163 7)
808 2130 848 2152 est
872 2125 940 2153 add.
964 2125 1044 2162 vulg.
1060 2140 1097 2146 -—
1117 2125 1182 2153 Onl.
1234 2124 1345 2152 Tiburt-
1371 2123 1428 2149 Gu.
1451 2125 1476 2152 1.
1503 2138 1536 2143 -—
1572 2122 1806 2161 22)flu1viatilis
1827 2131 1874 2152 va.
1898 2120 1949 2149 Ar.
1983 2135 2018 2142 —
2054 2118 2101 2159 23)
2124 2120 2171 2148 Sic

237 2169 294 2197 Gu.
316 2170 343 2196 1,
368 2168 396 2196 2.
419 2182 460 2186 —
483 2168 509 2198 ὃ)
534 2166 659 2191 structi.)
683 2165 736 2194 Ar.
761 2182 802 2187 —
824 2165 854 2206 9)
878 2178 1005 2194 Got'rct'rt'
1028 2169 1083 2195 (ju.
1104 2170 1129 2198 1.
1153 2171 1182 2198 2.
1227 2168 1278 2195 Ar.
1308 2181 1349 2186 —-
1375 2165 1505 2202 sfungia
1535 2164 1614 2201 vulg.
1659 2165 1768 2193 Eadem
1798 2169 1844 2192 est
1872 2163 1998 2192 varietas
2022 2162 2109 2191 infra.
2132 2177 2170 2182 —

237 2226 277 2231 ——
303 2213 346 2245 10)
367 2207 415 2236 sic
431 2207 487 2235 Gu.
509 2210 532 2237 1.
550 2208 580 2236 2.
601 2206 638 2233 al.
653 2222 694 2227 —-
716 2209 746 2234 in
771 2219 855 2246 aqua
878 2210 956 2247 vulg.
980 2225 1019 2230 --
1049 2209 1092 2246 11)
1108 2211 1182 2237 stri-
1226 2212 1272 2245 524)
1295 2207 1341 2235 Sic
1363 2207 1419 2236 Gu.
1448 2210 1474 2237 1.
1497 2223 1537 2228 —
1560 2207 1644 2245 ligno
1668 2210 1717 2236 Ar.
1740 2217 1785 2245 pr.
1806 2216 1852 2236 va.
1875 2222 1916 2228 —-
1939 2206 2023 2243 tigno
2042 2204 2171 2240 vulg·—

238 2259 325 2280 clura.
349 2251 397 2278 Ar.
420 2265 460 2272 ——
488 2249 534 2284 12)
558 2249 684 2275 coerceri
707 2249 763 2277 Gu.
789 2255 814 2281 1.
836 2254 864 2281 2.
890 2267 931 2273 --
963 2253 1006 2287 13)
1030 2258 1184 2289 reparetur
1225 2249 1271 2290 25)
1295 2249 1504 2277 scribebantur
1526 2249 1622 2280 Gu.1.
1636 2265 1679 2270 —
1700 2251 1749 2286 26)
1772 2249 1820 2277 Sic
1835 2249 1890 2278 Gu.
1905 2251 1930 2280 1·
1953 2265 1991 2268 —
2014 2245 2078 2274 aed·
2092 2247 2170 2273 inat.

240 2295 296 2322 Gu.
319 2296 349 2324 2.
376 2309 413 2313 --
446 2289 490 2331 14)
515 2290 563 2318 Sic
587 2290 642 2318 Gu.
662 2292 686 2319 1.
704 2293 733 2320 2.
750 2300 794 2319 va.
818 2293 865 2320 Ar.
893 2310 927 2315 —
956 2300 1062 2321 l't'ltl't'S
1085 2296 1184 2322 instar
1227 2299 1268 2320 cat
1291 2292 1370 2329 vulg.
1394 2308 1435 2313 —
1469 2294 1517 2328 27)
1540 2291 1740 2320 mordacitate
1762 2291 1800 2320 al.
1829 2306 1871 2313 —
1903 2287 1951 2329 28)
1974 2289 2099 2316 mollitie
2122 2288 2169 2316 Ar.

238 2336 317 2373 vulg.
340 2350 381 2356 -—
412 2331 459 2372 15)
487 2332 636 2370 ponebant
660 2331 726 2361 add.
750 2333 829 2370 vulg.
852 2350 891 2355 -—
922 2336 986 2362 0111.
1012 2338 1068 2364 (ἆυ.
1094 2340 1119 2367 1.
1144 2353 1182 2358 -
1229 2352 1264 2357 --
1289 2334 1468 2371 29)]ὲἰ·ιίιιν
1490 2345 1537 2362 va.
1563 2335 1613 2362 Ar.
1637 2350 1679 2356 ·-
1709 2337 1754 2370 30)
1777 2333 1975 2361 Arenaticius
1998 2331 2053 2360 Gu.
2080 2332 2105 2361 1.
2129 2345 2170 2352 ——

243 2378 286 2418 16)
311 2378 359 2405 Sic
374 2378 430 2404 Gu.
446 2379 472 2406 1.
491 2377 519 2405 2.
544 2390 584 2396 —
607 2373 678 2403 Inde
700 2374 781 2411 vulg.
814 2390 854 2395 —
890 2379 936 2409 17)
959 2377 1007 2404 Sic
1032 2378 1086 2406 Gu.
1110 2382 1133 2409 1.
1155 2382 1183 2410 2.
1223 2376 1270 2415 31)
1297 2377 1485 2405 Coclucticus
1508 2377 1564 2404 Gu.
1581 2379 1608 2406 1.
1628 2392 1669 2397 -—
1688 2376 1895 2404 Conclffltlcas
1918 2374 2014 2404 Gu.2.
2030 2388 2071 2394 —
2091 2372 2168 2401 Con-
