<?xml version="1.0" encoding="UTF-8"?>
<!DOCTYPE html PUBLIC "-//W3C//DTD XHTML 1.0 Transitional//EN"
    "http://www.w3.org/TR/xhtml1/DTD/xhtml1-transitional.dtd">
<html xmlns="http://www.w3.org/1999/xhtml" xml:lang="en" lang="en">
 <head>
  <title>
</title>
<meta http-equiv="Content-Type" content="text/html;charset=utf-8" />
  <meta name='ocr-system' content='tesseract 3.04.00' />
  <meta name='ocr-capabilities' content='ocr_page ocr_carea ocr_par ocr_line ocrx_word'/>
</head>
<body>
  <div class='ocr_page' id='page_1' title='image "./corpusgrammatico03linduoft_0461.png"; bbox 0 0 2264 2830; ppageno 0'>
   <div class='ocr_carea' id='block_1_1' title="bbox 799 106 2054 147">
    <p class='ocr_par' dir='ltr' id='par_1_1' title="bbox 799 106 2054 147">
     <span class='ocr_line' id='line_1_1' title="bbox 799 106 2054 147; baseline 0.004 -5"><span class='ocrx_word' id='word_1_1' title='bbox 799 106 1044 142; x_wconf 84' lang='lat' dir='ltr'><strong>ORlGlNUM</strong></span> <span class='ocrx_word' id='word_1_2' title='bbox 1079 109 1223 143; x_wconf 77' lang='lat' dir='ltr'><strong>LlBl⁴2R</strong></span> <span class='ocrx_word' id='word_1_3' title='bbox 1250 110 1340 144; x_wconf 85' lang='lat' dir='ltr'><strong>xlv.</strong></span> <span class='ocrx_word' id='word_1_4' title='bbox 1980 112 2054 147; x_wconf 71' lang='lat'><strong>443</strong></span> 
     </span>
    </p>
   </div>
   <div class='ocr_carea' id='block_1_2' title="bbox 106 201 2055 1484">
    <p class='ocr_par' dir='ltr' id='par_1_2' title="bbox 108 201 2054 455">
     <span class='ocr_line' id='line_1_2' title="bbox 108 201 2053 248; baseline -0.003 -9"><span class='ocrx_word' id='word_1_5' title='bbox 108 207 285 242; x_wconf 85' lang='lat' dir='ltr'><strong>coniuncta</strong></span> <span class='ocrx_word' id='word_1_6' title='bbox 311 209 376 247; x_wconf 83' lang='lat' dir='ltr'><strong>est,</strong></span> <span class='ocrx_word' id='word_1_7' title='bbox 404 205 494 238; x_wconf 78' lang='lat' dir='ltr'><strong>cuius</strong></span> <span class='ocrx_word' id='word_1_8' title='bbox 527 216 545 237; x_wconf 88' lang='lat' dir='ltr'><strong>a</strong></span> <span class='ocrx_word' id='word_1_9' title='bbox 572 208 668 248; x_wconf 84' lang='lat' dir='ltr'><strong>tergo</strong></span> <span class='ocrx_word' id='word_1_10' title='bbox 697 201 806 235; x_wconf 86' lang='lat' dir='ltr'><strong>Pieria</strong></span> <span class='ocrx_word' id='word_1_11' title='bbox 832 207 887 235; x_wconf 84' lang='lat' dir='ltr'><strong>est.</strong></span> <span class='ocrx_word' id='word_1_12' title='bbox 942 202 1052 235; x_wconf 82' lang='lat' dir='ltr'><strong>Multa</strong></span> <span class='ocrx_word' id='word_1_13' title='bbox 1079 203 1110 235; x_wconf 90' lang='lat' dir='ltr'><strong>in</strong></span> <span class='ocrx_word' id='word_1_14' title='bbox 1138 203 1314 237; x_wconf 75' lang='lat' dir='ltr'>Thessalia</span> <span class='ocrx_word' id='word_1_15' title='bbox 1340 202 1476 236; x_wconf 89' lang='lat' dir='ltr'><strong>ssumina</strong></span> <span class='ocrx_word' id='word_1_16' title='bbox 1499 206 1532 235; x_wconf 89' lang='lat' dir='ltr'><strong>et</strong></span> <span class='ocrx_word' id='word_1_17' title='bbox 1561 202 1707 235; x_wconf 84' lang='lat' dir='ltr'><strong>civitates</strong></span> <span class='ocrx_word' id='word_1_18' title='bbox 1734 207 1767 236; x_wconf 86' lang='lat' dir='ltr'><strong>et</strong></span> <span class='ocrx_word' id='word_1_19' title='bbox 1793 202 1974 248; x_wconf 81' lang='lat' dir='ltr'><strong>oppida⁴⁰‚</strong></span> <span class='ocrx_word' id='word_1_20' title='bbox 2003 208 2053 240; x_wconf 78' lang='grc' dir='ltr'><strong>ῑῃ-</strong></span> 
     </span>
     <span class='ocr_line' id='line_1_3' title="bbox 108 251 2053 301; baseline -0.002 -11"><span class='ocrx_word' id='word_1_21' title='bbox 108 264 157 292; x_wconf 87' lang='lat' dir='ltr'><strong>ter</strong></span> <span class='ocrx_word' id='word_1_22' title='bbox 184 254 302 301; x_wconf 77' lang='lat' dir='ltr'><strong>quae⁴¹</strong></span> <span class='ocrx_word' id='word_1_23' title='bbox 331 258 513 301; x_wconf 79' lang='lat' dir='ltr'><strong>praecipue</strong></span> <span class='ocrx_word' id='word_1_24' title='bbox 540 255 780 288; x_wconf 71' lang='lat' dir='ltr'>Thessalonica</span> <span class='ocrx_word' id='word_1_25' title='bbox 806 251 897 287; x_wconf 75' lang='lat' dir='ltr'><strong>est⁴².</strong></span> <span class='ocrx_word' id='word_1_26' title='bbox 952 255 1001 287; x_wconf 87' lang='lat' dir='ltr'><strong>lbi</strong></span> <span class='ocrx_word' id='word_1_27' title='bbox 1013 251 1037 270; x_wconf 66' lang='lat'><strong>&#39;¹³</strong></span> <span class='ocrx_word' id='word_1_28' title='bbox 1067 261 1116 287; x_wconf 86' lang='lat' dir='ltr'><strong>est</strong></span> <span class='ocrx_word' id='word_1_29' title='bbox 1150 262 1182 288; x_wconf 87' lang='lat' dir='ltr'><strong>et</strong></span> <span class='ocrx_word' id='word_1_30' title='bbox 1209 268 1302 288; x_wconf 69' lang='lat' dir='ltr'><strong>mons</strong></span> <span class='ocrx_word' id='word_1_31' title='bbox 1334 257 1509 288; x_wconf 75' lang='lat' dir='ltr'>Parnassus</span> <span class='ocrx_word' id='word_1_32' title='bbox 1543 254 1713 297; x_wconf 88' lang='lat' dir='ltr'><strong>quondam</strong></span> <span class='ocrx_word' id='word_1_33' title='bbox 1750 256 1903 300; x_wconf 92' lang='lat' dir='ltr'><strong>Apollini</strong></span> <span class='ocrx_word' id='word_1_34' title='bbox 1937 268 2053 292; x_wconf 68' lang='lat' dir='ltr'><strong>conse-</strong></span> 
     </span>
     <span class='ocr_line' id='line_1_4' title="bbox 109 305 2054 353; baseline -0.001 -10"><span class='ocrx_word' id='word_1_35' title='bbox 109 315 226 343; x_wconf 75' lang='lat' dir='ltr'><strong>cratus.</strong></span> <span class='ocrx_word' id='word_1_36' title='bbox 282 309 455 342; x_wconf 83' lang='lat' dir='ltr'><strong>Thessalia</strong></span> <span class='ocrx_word' id='word_1_37' title='bbox 483 307 588 352; x_wconf 89' lang='lat' dir='ltr'><strong>patria</strong></span> <span class='ocrx_word' id='word_1_38' title='bbox 615 306 774 347; x_wconf 77' lang='lat' dir='ltr'><strong>Achillis,</strong></span> <span class='ocrx_word' id='word_1_39' title='bbox 802 312 835 338; x_wconf 86' lang='lat' dir='ltr'><strong>et</strong></span> <span class='ocrx_word' id='word_1_40' title='bbox 860 306 958 350; x_wconf 82' lang='lat' dir='ltr'><strong>origo</strong></span> <span class='ocrx_word' id='word_1_41' title='bbox 985 306 1206 350; x_wconf 74' lang='lat' dir='ltr'><strong>Lapitharum</strong></span> <span class='ocrx_word' id='word_1_42' title='bbox 1231 309 1308 347; x_wconf 86' lang='lat' dir='ltr'><strong>fuit,</strong></span> <span class='ocrx_word' id='word_1_43' title='bbox 1336 307 1380 339; x_wconf 86' lang='lat' dir='ltr'><strong>de</strong></span> <span class='ocrx_word' id='word_1_44' title='bbox 1405 308 1523 350; x_wconf 75' lang='lat' dir='ltr'><strong>quihus</strong></span> <span class='ocrx_word' id='word_1_45' title='bbox 1541 306 1663 347; x_wconf 85' lang='lat' dir='ltr'><strong>fertur,</strong></span> <span class='ocrx_word' id='word_1_46' title='bbox 1690 307 1783 350; x_wconf 89' lang='lat' dir='ltr'><strong>quod</strong></span> <span class='ocrx_word' id='word_1_47' title='bbox 1812 307 1846 340; x_wconf 91' lang='lat' dir='ltr'><strong>hi</strong></span> <span class='ocrx_word' id='word_1_48' title='bbox 1861 305 1881 324; x_wconf 76' lang='lat'><strong>¹⁴</strong></span> <span class='ocrx_word' id='word_1_49' title='bbox 1908 307 2054 353; x_wconf 59' lang='lat' dir='ltr'><strong>primo*5</strong></span> 
     </span>
     <span class='ocr_line' id='line_1_5' title="bbox 111 355 2053 405; baseline -0.001 -11"><span class='ocrx_word' id='word_1_50' title='bbox 111 373 215 405; x_wconf 79' lang='lat' dir='ltr'><strong>equos</strong></span> <span class='ocrx_word' id='word_1_51' title='bbox 241 361 339 393; x_wconf 70' lang='lat' dir='ltr'><strong>srenis-</strong></span> <span class='ocrx_word' id='word_1_52' title='bbox 367 361 566 392; x_wconf 84' lang='lat' dir='ltr'><strong>domuerunt</strong></span> <span class='ocrx_word' id='word_1_53' title='bbox 578 355 619 400; x_wconf 70' lang='lat'><strong>⁴⁶,</strong></span> <span class='ocrx_word' id='word_1_54' title='bbox 648 355 770 391; x_wconf 72' lang='lat' dir='ltr'><strong>unden</strong></span> <span class='ocrx_word' id='word_1_55' title='bbox 799 363 843 390; x_wconf 84' lang='lat' dir='ltr'><strong>et·</strong></span> <span class='ocrx_word' id='word_1_56' title='bbox 859 358 1017 391; x_wconf 87' lang='lat' dir='ltr'><strong>Centauri</strong></span> <span class='ocrx_word' id='word_1_57' title='bbox 1045 358 1123 392; x_wconf 88' lang='lat' dir='ltr'><strong>‹licti</strong></span> <span class='ocrx_word' id='word_1_58' title='bbox 1148 365 1233 394; x_wconf 82' lang='lat' dir='ltr'><strong>sunt.</strong></span> <span class='ocrx_word' id='word_1_59' title='bbox 1289 360 1324 391; x_wconf 96' lang='lat' dir='ltr'><strong>ln</strong></span> <span class='ocrx_word' id='word_1_60' title='bbox 1360 359 1533 392; x_wconf 77' lang='lat' dir='ltr'><strong>Thessalia</strong></span> <span class='ocrx_word' id='word_1_61' title='bbox 1561 359 1706 403; x_wconf 82' lang='lat' dir='ltr'><strong>primurn</strong></span> <span class='ocrx_word' id='word_1_62' title='bbox 1733 359 1830 392; x_wconf 84' lang='lat' dir='ltr'><strong>solidi</strong></span> <span class='ocrx_word' id='word_1_63' title='bbox 1858 361 1948 393; x_wconf 85' lang='lat' dir='ltr'><strong>aurei</strong></span> <span class='ocrx_word' id='word_1_64' title='bbox 1976 362 2053 396; x_wconf 77' lang='lat' dir='ltr'><strong>sacti</strong></span> 
     </span>
     <span class='ocr_line' id='line_1_6' title="bbox 110 410 1361 455; baseline -0.003 -9"><span class='ocrx_word' id='word_1_65' title='bbox 110 418 202 453; x_wconf 83' lang='lat' dir='ltr'><strong>sunt,</strong></span> <span class='ocrx_word' id='word_1_66' title='bbox 230 412 475 444; x_wconf 87' lang='lat' dir='ltr'><strong>domandorum</strong></span> <span class='ocrx_word' id='word_1_67' title='bbox 503 421 638 454; x_wconf 90' lang='lat' dir='ltr'><strong>quoque</strong></span> <span class='ocrx_word' id='word_1_68' title='bbox 666 420 828 453; x_wconf 84' lang='lat' dir='ltr'><strong>equorum</strong></span> <span class='ocrx_word' id='word_1_69' title='bbox 856 421 931 442; x_wconf 85' lang='lat' dir='ltr'><strong>usus</strong></span> <span class='ocrx_word' id='word_1_70' title='bbox 958 410 1100 453; x_wconf 87' lang='lat' dir='ltr'><strong>primum</strong></span> <span class='ocrx_word' id='word_1_71' title='bbox 1128 416 1278 455; x_wconf 80' lang='lat' dir='ltr'><strong>repertus</strong></span> <span class='ocrx_word' id='word_1_72' title='bbox 1305 415 1361 443; x_wconf 70' lang='lat' dir='ltr'><strong>est.</strong></span> 
     </span>
    </p>

    <p class='ocr_par' dir='ltr' id='par_1_3' title="bbox 110 457 2053 760">
     <span class='ocr_line' id='line_1_7' title="bbox 277 457 2053 506; baseline 0 -10"><span class='ocrx_word' id='word_1_73' title='bbox 277 463 331 496; x_wconf 77' lang='lat'><strong>13.</strong></span> <span class='ocrx_word' id='word_1_74' title='bbox 385 462 605 496; x_wconf 76' lang='lat' dir='ltr'><strong>Macedoniae</strong></span> <span class='ocrx_word' id='word_1_75' title='bbox 632 463 665 494; x_wconf 92' lang='lat' dir='ltr'><strong>in</strong></span> <span class='ocrx_word' id='word_1_76' title='bbox 692 462 831 493; x_wconf 79' lang='lat' dir='ltr'><strong>exordio</strong></span> <span class='ocrx_word' id='word_1_77' title='bbox 844 459 867 478; x_wconf 61' lang='lat'><strong>⁴⁴³</strong></span> <span class='ocrx_word' id='word_1_78' title='bbox 895 462 937 493; x_wconf 90' lang='lat' dir='ltr'><strong>ab</strong></span> <span class='ocrx_word' id='word_1_79' title='bbox 965 462 1124 494; x_wconf 86' lang='lat' dir='ltr'><strong>Emathio</strong></span> <span class='ocrx_word' id='word_1_80' title='bbox 1152 474 1235 506; x_wconf 75' lang='lat' dir='ltr'><strong>rege</strong></span> <span class='ocrx_word' id='word_1_81' title='bbox 1264 461 1443 494; x_wconf 80' lang='lat' dir='ltr'><strong>Emathiae</strong></span> <span class='ocrx_word' id='word_1_82' title='bbox 1454 457 1478 477; x_wconf 74' lang='lat'><strong>⁴⁹</strong></span> <span class='ocrx_word' id='word_1_83' title='bbox 1504 472 1625 493; x_wconf 89' lang='lat' dir='ltr'><strong>nornen</strong></span> <span class='ocrx_word' id='word_1_84' title='bbox 1654 457 1776 501; x_wconf 82' lang='lat' dir='ltr'><strong>erat⁵⁰‚</strong></span> <span class='ocrx_word' id='word_1_85' title='bbox 1817 461 1875 494; x_wconf 86' lang='lat' dir='ltr'><strong>sed</strong></span> <span class='ocrx_word' id='word_1_86' title='bbox 1904 462 2053 498; x_wconf 85' lang='lat' dir='ltr'><strong>Macedo</strong></span> 
     </span>
     <span class='ocr_line' id='line_1_8' title="bbox 110 512 2053 559; baseline -0.001 -10"><span class='ocrx_word' id='word_1_87' title='bbox 110 515 322 549; x_wconf 79' lang='lat' dir='ltr'><strong>Deucalionis</strong></span> <span class='ocrx_word' id='word_1_88' title='bbox 348 520 512 548; x_wconf 79' lang='lat' dir='ltr'><strong>maternus</strong></span> <span class='ocrx_word' id='word_1_89' title='bbox 539 525 645 558; x_wconf 82' lang='lat' dir='ltr'><strong>nepos</strong></span> <span class='ocrx_word' id='word_1_90' title='bbox 673 518 849 557; x_wconf 78' lang='lat' dir='ltr'><strong>postquam</strong></span> <span class='ocrx_word' id='word_1_91' title='bbox 877 514 922 545; x_wconf 93' lang='lat' dir='ltr'><strong>ibi</strong></span> <span class='ocrx_word' id='word_1_92' title='bbox 950 515 1080 558; x_wconf 82' lang='lat' dir='ltr'><strong>accepit</strong></span> <span class='ocrx_word' id='word_1_93' title='bbox 1102 515 1341 559; x_wconf 74' lang='lat' dir='ltr'><strong>principatum,</strong></span> <span class='ocrx_word' id='word_1_94' title='bbox 1376 513 1515 545; x_wconf 86' lang='lat' dir='ltr'><strong>mutavit</strong></span> <span class='ocrx_word' id='word_1_95' title='bbox 1541 513 1760 553; x_wconf 77' lang='lat' dir='ltr'><strong>vocabulum,</strong></span> <span class='ocrx_word' id='word_1_96' title='bbox 1795 512 2053 547; x_wconf 87' lang='lat' dir='ltr'><strong>Macedoniam-</strong></span> 
     </span>
     <span class='ocr_line' id='line_1_9' title="bbox 110 563 2053 611; baseline 0 -12"><span class='ocrx_word' id='word_1_97' title='bbox 110 579 177 611; x_wconf 90' lang='lat' dir='ltr'><strong>que</strong></span> <span class='ocrx_word' id='word_1_98' title='bbox 204 579 223 600; x_wconf 84' lang='lat' dir='ltr'><strong>a</strong></span> <span class='ocrx_word' id='word_1_99' title='bbox 251 577 310 599; x_wconf 78' lang='lat' dir='ltr'><strong>suo</strong></span> <span class='ocrx_word' id='word_1_100' title='bbox 337 567 469 599; x_wconf 88' lang='lat' dir='ltr'><strong>nomine</strong></span> <span class='ocrx_word' id='word_1_101' title='bbox 497 565 586 598; x_wconf 79' lang='lat' dir='ltr'><strong>dixit.</strong></span> <span class='ocrx_word' id='word_1_102' title='bbox 642 567 701 598; x_wconf 75' lang='lat' dir='ltr'><strong>Est</strong></span> <span class='ocrx_word' id='word_1_103' title='bbox 723 570 833 598; x_wconf 87' lang='lat' dir='ltr'><strong>autem</strong></span> <span class='ocrx_word' id='word_1_104' title='bbox 862 566 1000 599; x_wconf 73' lang='lat' dir='ltr'><strong>confinis</strong></span> <span class='ocrx_word' id='word_1_105' title='bbox 1027 568 1068 598; x_wconf 86' lang='lat' dir='ltr'><strong>ah</strong></span> <span class='ocrx_word' id='word_1_106' title='bbox 1097 566 1221 598; x_wconf 89' lang='lat' dir='ltr'><strong>oriente</strong></span> <span class='ocrx_word' id='word_1_107' title='bbox 1249 567 1388 607; x_wconf 72' lang='lat' dir='ltr'><strong>Aegaeo</strong></span> <span class='ocrx_word' id='word_1_108' title='bbox 1417 564 1510 604; x_wconf 80' lang='lat' dir='ltr'><strong>mari,</strong></span> <span class='ocrx_word' id='word_1_109' title='bbox 1534 576 1552 596; x_wconf 89' lang='lat' dir='ltr'><strong>a</strong></span> <span class='ocrx_word' id='word_1_110' title='bbox 1577 564 1714 597; x_wconf 85' lang='lat' dir='ltr'><strong>meridie</strong></span> <span class='ocrx_word' id='word_1_111' title='bbox 1734 563 1894 606; x_wconf 76' lang='lat' dir='ltr'><strong>Achaiae,</strong></span> <span class='ocrx_word' id='word_1_112' title='bbox 1922 567 1965 599; x_wconf 82' lang='lat' dir='ltr'><strong>ab</strong></span> <span class='ocrx_word' id='word_1_113' title='bbox 1993 576 2053 599; x_wconf 92' lang='lat' dir='ltr'><strong>oc-</strong></span> 
     </span>
     <span class='ocr_line' id='line_1_10' title="bbox 111 613 2053 662; baseline -0.001 -11"><span class='ocrx_word' id='word_1_114' title='bbox 111 630 187 652; x_wconf 85' lang='lat' dir='ltr'><strong>casu</strong></span> <span class='ocrx_word' id='word_1_115' title='bbox 212 618 415 662; x_wconf 74' lang='lat' dir='ltr'><strong>Dalmatiae,</strong></span> <span class='ocrx_word' id='word_1_116' title='bbox 443 629 462 650; x_wconf 84' lang='lat' dir='ltr'><strong>a</strong></span> <span class='ocrx_word' id='word_1_117' title='bbox 489 617 711 661; x_wconf 72' lang='lat' dir='ltr'><strong>septentrione</strong></span> <span class='ocrx_word' id='word_1_118' title='bbox 735 613 938 656; x_wconf 61' lang='lat' dir='ltr'><strong>&#39;Moesi-aem,</strong></span> <span class='ocrx_word' id='word_1_119' title='bbox 966 617 1072 661; x_wconf 87' lang='lat' dir='ltr'><strong>patria</strong></span> <span class='ocrx_word' id='word_1_120' title='bbox 1097 617 1277 650; x_wconf 77' lang='lat' dir='ltr'><strong>Alexandri</strong></span> <span class='ocrx_word' id='word_1_121' title='bbox 1302 616 1439 659; x_wconf 72' lang='lat' dir='ltr'><strong>Magni,</strong></span> <span class='ocrx_word' id='word_1_122' title='bbox 1476 621 1508 648; x_wconf 78' lang='lat' dir='ltr'><strong>et</strong></span> <span class='ocrx_word' id='word_1_123' title='bbox 1535 616 1629 660; x_wconf 79' lang='lat' dir='ltr'><strong>regio</strong></span> <span class='ocrx_word' id='word_1_124' title='bbox 1657 616 1763 648; x_wconf 66' lang='lat' dir='ltr'><strong>aureis</strong></span> <span class='ocrx_word' id='word_1_125' title='bbox 1790 617 1878 648; x_wconf 76' lang='lat' dir='ltr'><strong>venis</strong></span> <span class='ocrx_word' id='word_1_126' title='bbox 1905 618 2053 662; x_wconf 83' lang='lat' dir='ltr'><strong>argenti-</strong></span> 
     </span>
     <span class='ocr_line' id='line_1_11' title="bbox 110 666 2051 714; baseline -0.001 -12"><span class='ocrx_word' id='word_1_127' title='bbox 110 682 175 714; x_wconf 86' lang='lat' dir='ltr'><strong>que</strong></span> <span class='ocrx_word' id='word_1_128' title='bbox 203 670 314 713; x_wconf 87' lang='lat' dir='ltr'><strong>opima</strong></span> <span class='ocrx_word' id='word_1_129' title='bbox 327 667 361 704; x_wconf 80' lang='lat'><strong>⁵².</strong></span> <span class='ocrx_word' id='word_1_130' title='bbox 417 669 600 713; x_wconf 79' lang='lat' dir='ltr'><strong>Lapidem,</strong></span> <span class='ocrx_word' id='word_1_131' title='bbox 629 680 729 712; x_wconf 77' lang='lat' dir='ltr'><strong>quem</strong></span> <span class='ocrx_word' id='word_1_132' title='bbox 757 669 966 712; x_wconf 71' lang='lat' dir='ltr'><strong>paeantidem</strong></span> <span class='ocrx_word' id='word_1_133' title='bbox 981 666 1005 684; x_wconf 64' lang='lat'><strong>⁵³</strong></span> <span class='ocrx_word' id='word_1_134' title='bbox 1033 674 1172 709; x_wconf 79' lang='lat' dir='ltr'><strong>vocant,</strong></span> <span class='ocrx_word' id='word_1_135' title='bbox 1201 669 1259 700; x_wconf 81' lang='lat' dir='ltr'><strong>ista</strong></span> <span class='ocrx_word' id='word_1_136' title='bbox 1286 668 1403 712; x_wconf 80' lang='lat' dir='ltr'><strong>gignit.</strong></span> <span class='ocrx_word' id='word_1_137' title='bbox 1457 667 1558 699; x_wconf 71' lang='lat' dir='ltr'><strong>Mons</strong></span> <span class='ocrx_word' id='word_1_138' title='bbox 1585 666 1750 712; x_wconf 74' lang='lat' dir='ltr'><strong>Olympus</strong></span> <span class='ocrx_word' id='word_1_139' title='bbox 1777 668 1809 699; x_wconf 94' lang='lat' dir='ltr'><strong>in</strong></span> <span class='ocrx_word' id='word_1_140' title='bbox 1837 680 1875 700; x_wconf 88' lang='lat' dir='ltr'><strong>ea</strong></span> <span class='ocrx_word' id='word_1_141' title='bbox 1903 674 1968 709; x_wconf 78' lang='lat' dir='ltr'><strong>est,</strong></span> <span class='ocrx_word' id='word_1_142' title='bbox 1996 670 2051 712; x_wconf 89' lang='lat' dir='ltr'><strong>qui</strong></span> 
     </span>
     <span class='ocr_line' id='line_1_12' title="bbox 110 717 1867 760; baseline -0.002 -6"><span class='ocrx_word' id='word_1_143' title='bbox 110 721 280 755; x_wconf 75' lang='lat' dir='ltr'><strong>excellenti</strong></span> <span class='ocrx_word' id='word_1_144' title='bbox 306 722 430 755; x_wconf 79' lang='lat' dir='ltr'><strong>vertice</strong></span> <span class='ocrx_word' id='word_1_145' title='bbox 457 721 617 753; x_wconf 77' lang='lat' dir='ltr'><strong>attollitur</strong></span> <span class='ocrx_word' id='word_1_146' title='bbox 642 717 800 760; x_wconf 74' lang='lat' dir='ltr'><strong>tantus⁵¹‚</strong></span> <span class='ocrx_word' id='word_1_147' title='bbox 829 725 864 752; x_wconf 87' lang='lat' dir='ltr'><strong>ut</strong></span> <span class='ocrx_word' id='word_1_148' title='bbox 889 720 920 752; x_wconf 92' lang='lat' dir='ltr'><strong>in</strong></span> <span class='ocrx_word' id='word_1_149' title='bbox 948 721 1118 753; x_wconf 83' lang='lat' dir='ltr'><strong>cacumine</strong></span> <span class='ocrx_word' id='word_1_150' title='bbox 1147 721 1214 753; x_wconf 86' lang='lat' dir='ltr'><strong>eius</strong></span> <span class='ocrx_word' id='word_1_151' title='bbox 1242 731 1303 753; x_wconf 79' lang='lat' dir='ltr'><strong>nec</strong></span> <span class='ocrx_word' id='word_1_152' title='bbox 1331 720 1450 758; x_wconf 72' lang='lat' dir='ltr'><strong>nubes,</strong></span> <span class='ocrx_word' id='word_1_153' title='bbox 1479 729 1541 752; x_wconf 86' lang='lat' dir='ltr'><strong>nec</strong></span> <span class='ocrx_word' id='word_1_154' title='bbox 1568 721 1654 751; x_wconf 78' lang='lat' dir='ltr'><strong>venti</strong></span> <span class='ocrx_word' id='word_1_155' title='bbox 1679 719 1867 751; x_wconf 72' lang='lat' dir='ltr'><strong>sentiantur.</strong></span> 
     </span>
    </p>

    <p class='ocr_par' dir='ltr' id='par_1_4' title="bbox 108 768 2054 1022">
     <span class='ocr_line' id='line_1_13' title="bbox 276 768 2053 815; baseline 0 -11"><span class='ocrx_word' id='word_1_156' title='bbox 276 772 333 805; x_wconf 75' lang='grc'><strong>14.</strong></span> <span class='ocrx_word' id='word_1_157' title='bbox 387 772 517 806; x_wconf 81' lang='lat' dir='ltr'><strong>Achaia</strong></span> <span class='ocrx_word' id='word_1_158' title='bbox 545 773 586 804; x_wconf 89' lang='lat' dir='ltr'><strong>ah</strong></span> <span class='ocrx_word' id='word_1_159' title='bbox 616 772 755 805; x_wconf 87' lang='lat' dir='ltr'><strong>Achaeo</strong></span> <span class='ocrx_word' id='word_1_160' title='bbox 790 783 872 815; x_wconf 79' lang='lat' dir='ltr'><strong>rege</strong></span> <span class='ocrx_word' id='word_1_161' title='bbox 899 768 966 804; x_wconf 72' lang='lat' dir='ltr'><strong>et⁵⁵¹</strong></span> <span class='ocrx_word' id='word_1_162' title='bbox 1001 772 1078 803; x_wconf 81' lang='lat' dir='ltr'><strong>urbs</strong></span> <span class='ocrx_word' id='word_1_163' title='bbox 1114 777 1146 803; x_wconf 90' lang='lat' dir='ltr'><strong>et</strong></span> <span class='ocrx_word' id='word_1_164' title='bbox 1178 771 1349 815; x_wconf 73' lang='lat' dir='ltr'><strong>provincia</strong></span> <span class='ocrx_word' id='word_1_165' title='bbox 1385 770 1565 814; x_wconf 86' lang='lat' dir='ltr'><strong>appellata.</strong></span> <span class='ocrx_word' id='word_1_166' title='bbox 1628 771 1724 803; x_wconf 84' lang='lat' dir='ltr'><strong>Haec</strong></span> <span class='ocrx_word' id='word_1_167' title='bbox 1751 781 1839 813; x_wconf 87' lang='lat' dir='ltr'><strong>pene</strong></span> <span class='ocrx_word' id='word_1_168' title='bbox 1866 771 1969 803; x_wconf 72' lang='lat' dir='ltr'><strong>insula</strong></span> <span class='ocrx_word' id='word_1_169' title='bbox 1997 776 2053 805; x_wconf 80' lang='lat' dir='ltr'><strong>est.</strong></span> 
     </span>
     <span class='ocr_line' id='line_1_14' title="bbox 108 821 2053 869; baseline -0.002 -12"><span class='ocrx_word' id='word_1_170' title='bbox 108 825 196 857; x_wconf 84' lang='lat' dir='ltr'><strong>Nam</strong></span> <span class='ocrx_word' id='word_1_171' title='bbox 219 824 345 867; x_wconf 82' lang='lat' dir='ltr'><strong>absque</strong></span> <span class='ocrx_word' id='word_1_172' title='bbox 373 824 622 869; x_wconf 84' lang='lat' dir='ltr'><strong>septentrionali</strong></span> <span class='ocrx_word' id='word_1_173' title='bbox 651 829 762 867; x_wconf 79' lang='lat' dir='ltr'><strong>parte,</strong></span> <span class='ocrx_word' id='word_1_174' title='bbox 789 835 855 866; x_wconf 89' lang='lat' dir='ltr'><strong>qua</strong></span> <span class='ocrx_word' id='word_1_175' title='bbox 883 822 1106 855; x_wconf 83' lang='lat' dir='ltr'><strong>Macedoniae</strong></span> <span class='ocrx_word' id='word_1_176' title='bbox 1135 824 1300 867; x_wconf 82' lang='lat' dir='ltr'><strong>iungitur,</strong></span> <span class='ocrx_word' id='word_1_177' title='bbox 1326 823 1473 865; x_wconf 87' lang='lat' dir='ltr'><strong>undique</strong></span> <span class='ocrx_word' id='word_1_178' title='bbox 1500 828 1595 866; x_wconf 85' lang='lat' dir='ltr'><strong>septa</strong></span> <span class='ocrx_word' id='word_1_179' title='bbox 1622 827 1670 855; x_wconf 76' lang='lat' dir='ltr'><strong>est</strong></span> <span class='ocrx_word' id='word_1_180' title='bbox 1698 821 1789 854; x_wconf 85' lang='lat' dir='ltr'><strong>mari.</strong></span> <span class='ocrx_word' id='word_1_181' title='bbox 1846 821 1898 854; x_wconf 77' lang='lat' dir='ltr'><strong>Al,</strong></span> <span class='ocrx_word' id='word_1_182' title='bbox 1926 824 2053 855; x_wconf 84' lang='lat' dir='ltr'><strong>oriente</strong></span> 
     </span>
     <span class='ocr_line' id='line_1_15' title="bbox 108 871 2054 919; baseline -0.001 -11"><span class='ocrx_word' id='word_1_183' title='bbox 108 875 194 908; x_wconf 88' lang='lat' dir='ltr'><strong>enim</strong></span> <span class='ocrx_word' id='word_1_184' title='bbox 223 875 393 919; x_wconf 59' lang='lat' dir='ltr'><strong>Myr-teum</strong></span> <span class='ocrx_word' id='word_1_185' title='bbox 422 876 524 908; x_wconf 80' lang='lat' dir='ltr'><strong>habet</strong></span> <span class='ocrx_word' id='word_1_186' title='bbox 557 872 701 916; x_wconf 58' lang='lat' dir='ltr'><strong>mares&#39;fi,</strong></span> <span class='ocrx_word' id='word_1_187' title='bbox 748 875 790 906; x_wconf 85' lang='lat' dir='ltr'><strong>ab</strong></span> <span class='ocrx_word' id='word_1_188' title='bbox 818 875 911 906; x_wconf 80' lang='lat' dir='ltr'><strong>Euro</strong></span> <span class='ocrx_word' id='word_1_189' title='bbox 943 874 1112 907; x_wconf 85' lang='lat' dir='ltr'><strong>Creticum</strong></span> <span class='ocrx_word' id='word_1_190' title='bbox 1124 871 1166 915; x_wconf 74' lang='lat'><strong>⁵⁷,</strong></span> <span class='ocrx_word' id='word_1_191' title='bbox 1207 887 1225 907; x_wconf 90' lang='lat' dir='ltr'><strong>a</strong></span> <span class='ocrx_word' id='word_1_192' title='bbox 1253 871 1426 908; x_wconf 67' lang='lat' dir='ltr'><strong>meritlie⁵”</strong></span> <span class='ocrx_word' id='word_1_193' title='bbox 1460 875 1609 914; x_wconf 89' lang='lat' dir='ltr'><strong>lonium,</strong></span> <span class='ocrx_word' id='word_1_194' title='bbox 1651 873 1694 905; x_wconf 81' lang='lat' dir='ltr'><strong>ab</strong></span> <span class='ocrx_word' id='word_1_195' title='bbox 1732 872 1847 905; x_wconf 82' lang='lat' dir='ltr'><strong>Africo</strong></span> <span class='ocrx_word' id='word_1_196' title='bbox 1875 877 1906 905; x_wconf 86' lang='lat' dir='ltr'><strong>et</strong></span> <span class='ocrx_word' id='word_1_197' title='bbox 1934 883 2054 906; x_wconf 83' lang='lat' dir='ltr'><strong>occasu</strong></span> 
     </span>
     <span class='ocr_line' id='line_1_16' title="bbox 108 924 2054 971; baseline -0.002 -12"><span class='ocrx_word' id='word_1_198' title='bbox 108 924 318 971; x_wconf 71' lang='lat' dir='ltr'><strong>Cassiopas5ss</strong></span> <span class='ocrx_word' id='word_1_199' title='bbox 344 928 479 965; x_wconf 73' lang='lat' dir='ltr'><strong>insulas,</strong></span> <span class='ocrx_word' id='word_1_200' title='bbox 522 940 541 959; x_wconf 88' lang='lat' dir='ltr'><strong>a</strong></span> <span class='ocrx_word' id='word_1_201' title='bbox 567 927 638 959; x_wconf 80' lang='lat' dir='ltr'><strong>sola</strong></span> <span class='ocrx_word' id='word_1_202' title='bbox 665 926 908 970; x_wconf 77' lang='lat' dir='ltr'><strong>septentrionali</strong></span> <span class='ocrx_word' id='word_1_203' title='bbox 938 931 1031 970; x_wconf 89' lang='lat' dir='ltr'><strong>parte</strong></span> <span class='ocrx_word' id='word_1_204' title='bbox 1059 926 1304 966; x_wconf 82' lang='lat' dir='ltr'><strong>Macedoniae,</strong></span> <span class='ocrx_word' id='word_1_205' title='bbox 1338 927 1389 958; x_wconf 71' lang='lat' dir='ltr'><strong>vel</strong></span> <span class='ocrx_word' id='word_1_206' title='bbox 1419 926 1550 959; x_wconf 85' lang='lat' dir='ltr'><strong>Atticae</strong></span> <span class='ocrx_word' id='word_1_207' title='bbox 1582 931 1690 958; x_wconf 84' lang='lat' dir='ltr'><strong>terrae</strong></span> <span class='ocrx_word' id='word_1_208' title='bbox 1713 924 1922 968; x_wconf 82' lang='lat' dir='ltr'><strong>adiungitur:</strong></span> <span class='ocrx_word' id='word_1_209' title='bbox 1956 925 2054 957; x_wconf 77' lang='lat' dir='ltr'><strong>huius</strong></span> 
     </span>
     <span class='ocr_line' id='line_1_17' title="bbox 109 977 1522 1022; baseline 0.001 -11"><span class='ocrx_word' id='word_1_210' title='bbox 109 984 211 1022; x_wconf 86' lang='lat' dir='ltr'><strong>capnt</strong></span> <span class='ocrx_word' id='word_1_211' title='bbox 240 984 287 1011; x_wconf 78' lang='lat' dir='ltr'><strong>est</strong></span> <span class='ocrx_word' id='word_1_212' title='bbox 316 980 392 1011; x_wconf 81' lang='lat' dir='ltr'><strong>urbs</strong></span> <span class='ocrx_word' id='word_1_213' title='bbox 419 979 599 1012; x_wconf 84' lang='lat' dir='ltr'><strong>Corinthus</strong></span> <span class='ocrx_word' id='word_1_214' title='bbox 627 977 791 1011; x_wconf 87' lang='lat' dir='ltr'><strong>Graeciae</strong></span> <span class='ocrx_word' id='word_1_215' title='bbox 818 977 929 1010; x_wconf 84' lang='lat' dir='ltr'><strong>decus.</strong></span> <span class='ocrx_word' id='word_1_216' title='bbox 982 977 1125 1011; x_wconf 81' lang='lat' dir='ltr'><strong>inachus</strong></span> <span class='ocrx_word' id='word_1_217' title='bbox 1150 984 1196 1010; x_wconf 81' lang='lat' dir='ltr'><strong>est</strong></span> <span class='ocrx_word' id='word_1_218' title='bbox 1223 978 1374 1011; x_wconf 81' lang='lat' dir='ltr'><strong>Achaiae</strong></span> <span class='ocrx_word' id='word_1_219' title='bbox 1395 978 1522 1012; x_wconf 77' lang='lat' dir='ltr'><strong>fluvius.</strong></span> 
     </span>
    </p>

    <p class='ocr_par' dir='ltr' id='par_1_5' title="bbox 106 1023 2055 1279">
     <span class='ocr_line' id='line_1_18' title="bbox 277 1023 2055 1073; baseline -0.002 -12"><span class='ocrx_word' id='word_1_220' title='bbox 277 1029 332 1062; x_wconf 84' lang='lat'><strong>15.</strong></span> <span class='ocrx_word' id='word_1_221' title='bbox 387 1031 533 1063; x_wconf 83' lang='lat' dir='ltr'><strong>Arcadia</strong></span> <span class='ocrx_word' id='word_1_222' title='bbox 547 1026 572 1047; x_wconf 79' lang='lat'><strong>‘³⁰</strong></span> <span class='ocrx_word' id='word_1_223' title='bbox 599 1030 684 1062; x_wconf 73' lang='lat' dir='ltr'><strong>sinus</strong></span> <span class='ocrx_word' id='word_1_224' title='bbox 715 1035 763 1062; x_wconf 75' lang='lat' dir='ltr'><strong>est</strong></span> <span class='ocrx_word' id='word_1_225' title='bbox 795 1026 966 1062; x_wconf 74' lang='lat' dir='ltr'><strong>Achaiae⁰</strong></span> <span class='ocrx_word' id='word_1_226' title='bbox 987 1053 996 1070; x_wconf 83' lang='lat'>‚</span> <span class='ocrx_word' id='word_1_227' title='bbox 1033 1035 1068 1062; x_wconf 85' lang='lat' dir='ltr'><strong>ut</strong></span> <span class='ocrx_word' id='word_1_228' title='bbox 1094 1030 1220 1073; x_wconf 88' lang='lat' dir='ltr'><strong>platani</strong></span> <span class='ocrx_word' id='word_1_229' title='bbox 1249 1029 1366 1062; x_wconf 82' lang='lat' dir='ltr'><strong>solium</strong></span> <span class='ocrx_word' id='word_1_230' title='bbox 1394 1030 1478 1062; x_wconf 78' lang='lat' dir='ltr'><strong>inter</strong></span> <span class='ocrx_word' id='word_1_231' title='bbox 1506 1029 1633 1061; x_wconf 86' lang='lat' dir='ltr'><strong>lonium</strong></span> <span class='ocrx_word' id='word_1_232' title='bbox 1661 1033 1694 1061; x_wconf 81' lang='lat' dir='ltr'><strong>et</strong></span> <span class='ocrx_word' id='word_1_233' title='bbox 1721 1029 1895 1072; x_wconf 85' lang='lat' dir='ltr'><strong>Aegaeum</strong></span> <span class='ocrx_word' id='word_1_234' title='bbox 1907 1023 1932 1044; x_wconf 82' lang='lat'><strong>⁰²</strong></span> <span class='ocrx_word' id='word_1_235' title='bbox 1963 1036 2055 1059; x_wconf 89' lang='lat' dir='ltr'><strong>mare</strong></span> 
     </span>
     <span class='ocr_line' id='line_1_19' title="bbox 108 1078 2053 1127; baseline -0.001 -16"><span class='ocrx_word' id='word_1_236' title='bbox 108 1081 273 1124; x_wconf 69' lang='lat' dir='ltr'><strong>exposita,</strong></span> <span class='ocrx_word' id='word_1_237' title='bbox 302 1093 400 1124; x_wconf 90' lang='lat' dir='ltr'><strong>quam</strong></span> <span class='ocrx_word' id='word_1_238' title='bbox 430 1083 533 1115; x_wconf 84' lang='lat' dir='ltr'><strong>Arcas</strong></span> <span class='ocrx_word' id='word_1_239' title='bbox 561 1081 647 1113; x_wconf 62' lang='lat' dir='ltr'><strong>loris</strong></span> <span class='ocrx_word' id='word_1_240' title='bbox 674 1085 707 1113; x_wconf 87' lang='lat' dir='ltr'><strong>et</strong></span> <span class='ocrx_word' id='word_1_241' title='bbox 733 1081 876 1114; x_wconf 78' lang='lat' dir='ltr'><strong>Calistae</strong></span> <span class='ocrx_word' id='word_1_242' title='bbox 903 1081 1007 1123; x_wconf 81' lang='lat' dir='ltr'><strong>lilius,</strong></span> <span class='ocrx_word' id='word_1_243' title='bbox 1035 1082 1182 1127; x_wconf 57' lang='lat' dir='ltr'><strong>Pelasgis</strong></span> <span class='ocrx_word' id='word_1_244' title='bbox 1210 1083 1241 1114; x_wconf 92' lang='lat' dir='ltr'><strong>in</strong></span> <span class='ocrx_word' id='word_1_245' title='bbox 1269 1082 1427 1114; x_wconf 88' lang='lat' dir='ltr'><strong>ditionem</strong></span> <span class='ocrx_word' id='word_1_246' title='bbox 1440 1078 1465 1098; x_wconf 72' lang='lat'><strong>¹⁵³</strong></span> <span class='ocrx_word' id='word_1_247' title='bbox 1492 1081 1655 1119; x_wconf 80' lang='lat' dir='ltr'><strong>redactis,</strong></span> <span class='ocrx_word' id='word_1_248' title='bbox 1681 1091 1720 1112; x_wconf 79' lang='lat' dir='ltr'><strong>ex</strong></span> <span class='ocrx_word' id='word_1_249' title='bbox 1747 1090 1806 1112; x_wconf 73' lang='lat' dir='ltr'><strong>suo</strong></span> <span class='ocrx_word' id='word_1_250' title='bbox 1833 1079 1966 1111; x_wconf 89' lang='lat' dir='ltr'><strong>nomine</strong></span> <span class='ocrx_word' id='word_1_251' title='bbox 1987 1079 2053 1110; x_wconf 89' lang='lat' dir='ltr'><strong>Ar-</strong></span> 
     </span>
     <span class='ocr_line' id='line_1_20' title="bbox 107 1125 2055 1178; baseline -0.002 -14"><span class='ocrx_word' id='word_1_252' title='bbox 107 1133 238 1164; x_wconf 85' lang='lat' dir='ltr'><strong>cadiam</strong></span> <span class='ocrx_word' id='word_1_253' title='bbox 267 1134 477 1176; x_wconf 74' lang='lat' dir='ltr'><strong>nuncupavit.</strong></span> <span class='ocrx_word' id='word_1_254' title='bbox 530 1133 607 1176; x_wconf 84' lang='lat' dir='ltr'><strong>Ipsa</strong></span> <span class='ocrx_word' id='word_1_255' title='bbox 639 1137 686 1165; x_wconf 86' lang='lat' dir='ltr'><strong>est</strong></span> <span class='ocrx_word' id='word_1_256' title='bbox 713 1138 743 1165; x_wconf 80' lang='lat' dir='ltr'><strong>et</strong></span> <span class='ocrx_word' id='word_1_257' title='bbox 771 1133 927 1176; x_wconf 83' lang='lat' dir='ltr'><strong>Sicyonia</strong></span> <span class='ocrx_word' id='word_1_258' title='bbox 963 1145 982 1165; x_wconf 87' lang='lat' dir='ltr'><strong>a</strong></span> <span class='ocrx_word' id='word_1_259' title='bbox 1009 1133 1154 1176; x_wconf 76' lang='lat' dir='ltr'><strong>Sicyone</strong></span> <span class='ocrx_word' id='word_1_260' title='bbox 1189 1145 1289 1178; x_wconf 83' lang='lat' dir='ltr'><strong>rege,</strong></span> <span class='ocrx_word' id='word_1_261' title='bbox 1334 1146 1352 1165; x_wconf 90' lang='lat' dir='ltr'><strong>a</strong></span> <span class='ocrx_word' id='word_1_262' title='bbox 1376 1143 1442 1176; x_wconf 88' lang='lat' dir='ltr'><strong>quo</strong></span> <span class='ocrx_word' id='word_1_263' title='bbox 1476 1138 1509 1165; x_wconf 88' lang='lat' dir='ltr'><strong>et</strong></span> <span class='ocrx_word' id='word_1_264' title='bbox 1536 1143 1677 1177; x_wconf 75' lang='lat' dir='ltr'><strong>regnum</strong></span> <span class='ocrx_word' id='word_1_265' title='bbox 1713 1131 1943 1174; x_wconf 72' lang='lat' dir='ltr'><strong>Sicyoniorum</strong></span> <span class='ocrx_word' id='word_1_266' title='bbox 1958 1125 1982 1146; x_wconf 57' lang='grc' dir='ltr'><strong>θ*</strong></span> <span class='ocrx_word' id='word_1_267' title='bbox 2008 1134 2055 1162; x_wconf 80' lang='lat' dir='ltr'><strong>est</strong></span> 
     </span>
     <span class='ocr_line' id='line_1_21' title="bbox 107 1180 2054 1228; baseline -0.002 -13"><span class='ocrx_word' id='word_1_268' title='bbox 107 1181 278 1217; x_wconf 76' lang='lat' dir='ltr'><strong>dictqu</strong></span> <span class='ocrx_word' id='word_1_269' title='bbox 334 1185 445 1217; x_wconf 84' lang='lat' dir='ltr'><strong>Habet</strong></span> <span class='ocrx_word' id='word_1_270' title='bbox 473 1190 584 1217; x_wconf 84' lang='lat' dir='ltr'><strong>autem</strong></span> <span class='ocrx_word' id='word_1_271' title='bbox 621 1184 767 1217; x_wconf 89' lang='lat' dir='ltr'><strong>Arcadia</strong></span> <span class='ocrx_word' id='word_1_272' title='bbox 801 1181 974 1216; x_wconf 70' lang='lat' dir='ltr'><strong>fluviummi</strong></span> <span class='ocrx_word' id='word_1_273' title='bbox 1007 1196 1165 1228; x_wconf 77' lang='lat' dir='ltr'><strong>magnum</strong></span> <span class='ocrx_word' id='word_1_274' title='bbox 1201 1185 1451 1224; x_wconf 78' lang='lat' dir='ltr'><strong>Erimanthum,</strong></span> <span class='ocrx_word' id='word_1_275' title='bbox 1492 1180 1692 1216; x_wconf 60' lang='lat' dir='ltr'><strong>Asbestonffl</strong></span> <span class='ocrx_word' id='word_1_276' title='bbox 1721 1194 1857 1225; x_wconf 90' lang='lat' dir='ltr'><strong>quoque</strong></span> <span class='ocrx_word' id='word_1_277' title='bbox 1892 1180 2054 1225; x_wconf 83' lang='lat' dir='ltr'><strong>lapidem,</strong></span> 
     </span>
     <span class='ocr_line' id='line_1_22' title="bbox 106 1234 1819 1279; baseline -0.001 -12"><span class='ocrx_word' id='word_1_278' title='bbox 106 1235 162 1277; x_wconf 87' lang='lat' dir='ltr'><strong>qui</strong></span> <span class='ocrx_word' id='word_1_279' title='bbox 190 1236 292 1268; x_wconf 76' lang='lat' dir='ltr'><strong>semel</strong></span> <span class='ocrx_word' id='word_1_280' title='bbox 321 1247 479 1269; x_wconf 80' lang='lat' dir='ltr'><strong>accensus</strong></span> <span class='ocrx_word' id='word_1_281' title='bbox 509 1247 679 1279; x_wconf 90' lang='lat' dir='ltr'><strong>nunquam</strong></span> <span class='ocrx_word' id='word_1_282' title='bbox 707 1237 919 1279; x_wconf 73' lang='lat' dir='ltr'><strong>extinguitur.</strong></span> <span class='ocrx_word' id='word_1_283' title='bbox 972 1235 1235 1268; x_wconf 76' lang='lat' dir='ltr'><strong>Candidissimae</strong></span> <span class='ocrx_word' id='word_1_284' title='bbox 1264 1237 1360 1268; x_wconf 90' lang='lat' dir='ltr'><strong>etiam</strong></span> <span class='ocrx_word' id='word_1_285' title='bbox 1388 1236 1536 1268; x_wconf 85' lang='lat' dir='ltr'><strong>merulae</strong></span> <span class='ocrx_word' id='word_1_286' title='bbox 1562 1234 1607 1267; x_wconf 85' lang='lat' dir='ltr'><strong>ibi</strong></span> <span class='ocrx_word' id='word_1_287' title='bbox 1635 1239 1819 1267; x_wconf 83' lang='lat' dir='ltr'><strong>nascuntur.</strong></span> 
     </span>
    </p>

    <p class='ocr_par' dir='ltr' id='par_1_6' title="bbox 106 1284 2055 1484">
     <span class='ocr_line' id='line_1_23' title="bbox 273 1284 1451 1331; baseline -0.001 -12"><span class='ocrx_word' id='word_1_288' title='bbox 273 1287 331 1321; x_wconf 81' lang='lat'><strong>16.</strong></span> <span class='ocrx_word' id='word_1_289' title='bbox 387 1287 657 1321; x_wconf 83' lang='lat' dir='ltr'><strong>Lacedaemonia</strong></span> <span class='ocrx_word' id='word_1_290' title='bbox 678 1284 741 1317; x_wconf 53' lang='grc' dir='ltr'><strong>*Ψ</strong></span> <span class='ocrx_word' id='word_1_291' title='bbox 796 1286 967 1318; x_wconf 87' lang='lat' dir='ltr'><strong>Pannonia</strong></span> <span class='ocrx_word' id='word_1_292' title='bbox 994 1287 1036 1318; x_wconf 91' lang='lat' dir='ltr'><strong>ah</strong></span> <span class='ocrx_word' id='word_1_293' title='bbox 1066 1288 1210 1331; x_wconf 84' lang='lat' dir='ltr'><strong>Alpibus</strong></span> <span class='ocrx_word' id='word_1_294' title='bbox 1237 1284 1451 1330; x_wconf 72' lang='lat' dir='ltr'><strong>Apenninis⁶ss</strong></span> 
     </span>
     <span class='ocr_line' id='line_1_24' title="bbox 107 1333 2055 1381; baseline -0.001 -13"><span class='ocrx_word' id='word_1_295' title='bbox 107 1337 151 1369; x_wconf 80' lang='lat' dir='ltr'><strong>lia</strong></span> <span class='ocrx_word' id='word_1_296' title='bbox 166 1333 191 1353; x_wconf 72' lang='lat'><strong>⁷⁰</strong></span> <span class='ocrx_word' id='word_1_297' title='bbox 217 1336 452 1379; x_wconf 57' lang='lat' dir='ltr'><strong>secerniturfl,</strong></span> <span class='ocrx_word' id='word_1_298' title='bbox 485 1339 581 1381; x_wconf 79' lang='lat' dir='ltr'><strong>regio</strong></span> <span class='ocrx_word' id='word_1_299' title='bbox 609 1334 728 1369; x_wconf 41' lang='grc' dir='ltr'><strong>κ’(Ᾰῐοπ</strong></span> <span class='ocrx_word' id='word_1_300' title='bbox 755 1337 847 1369; x_wconf 81' lang='lat' dir='ltr'><strong>fortis</strong></span> <span class='ocrx_word' id='word_1_301' title='bbox 879 1343 911 1369; x_wconf 87' lang='lat' dir='ltr'><strong>et</strong></span> <span class='ocrx_word' id='word_1_302' title='bbox 938 1337 1011 1369; x_wconf 85' lang='lat' dir='ltr'><strong>solo</strong></span> <span class='ocrx_word' id='word_1_303' title='bbox 1049 1338 1135 1371; x_wconf 87' lang='lat' dir='ltr'><strong>laeta</strong></span> <span class='ocrx_word' id='word_1_304' title='bbox 1148 1334 1190 1378; x_wconf 72' lang='lat'><strong>³³,</strong></span> <span class='ocrx_word' id='word_1_305' title='bbox 1240 1338 1372 1370; x_wconf 85' lang='lat' dir='ltr'><strong>duobus</strong></span> <span class='ocrx_word' id='word_1_306' title='bbox 1399 1337 1472 1369; x_wconf 79' lang='lat' dir='ltr'><strong>satis</strong></span> <span class='ocrx_word' id='word_1_307' title='bbox 1505 1337 1633 1370; x_wconf 83' lang='lat' dir='ltr'><strong>acribus</strong></span> <span class='ocrx_word' id='word_1_308' title='bbox 1666 1336 1771 1368; x_wconf 73' lang='lat' dir='ltr'><strong>fluviis</strong></span> <span class='ocrx_word' id='word_1_309' title='bbox 1798 1348 1816 1368; x_wconf 87' lang='lat' dir='ltr'><strong>a</strong></span> <span class='ocrx_word' id='word_1_310' title='bbox 1843 1335 1955 1367; x_wconf 78' lang='lat' dir='ltr'><strong>Dravo</strong></span> <span class='ocrx_word' id='word_1_311' title='bbox 1991 1334 2055 1366; x_wconf 84' lang='lat' dir='ltr'><strong>Sa-</strong></span> 
     </span>
     <span class='ocr_line' id='line_1_25' title="bbox 106 1381 2055 1433; baseline -0.002 -14"><span class='ocrx_word' id='word_1_312' title='bbox 106 1399 216 1432; x_wconf 87' lang='lat' dir='ltr'><strong>voque</strong></span> <span class='ocrx_word' id='word_1_313' title='bbox 229 1385 253 1406; x_wconf 76' lang='lat'><strong>⁷⁴</strong></span> <span class='ocrx_word' id='word_1_314' title='bbox 279 1390 409 1423; x_wconf 75' lang='lat' dir='ltr'><strong>vallata.</strong></span> <span class='ocrx_word' id='word_1_315' title='bbox 462 1385 717 1433; x_wconf 53' lang='grc' dir='ltr'><strong>(ΣοιιὶιιηὲἰῐυτἨ</strong></span> <span class='ocrx_word' id='word_1_316' title='bbox 743 1395 853 1421; x_wconf 84' lang='lat' dir='ltr'><strong>autem</strong></span> <span class='ocrx_word' id='word_1_317' title='bbox 882 1400 957 1421; x_wconf 86' lang='lat' dir='ltr'><strong>cum</strong></span> <span class='ocrx_word' id='word_1_318' title='bbox 986 1390 1109 1421; x_wconf 80' lang='lat' dir='ltr'><strong>Norico</strong></span> <span class='ocrx_word' id='word_1_319' title='bbox 1139 1394 1170 1421; x_wconf 83' lang='lat' dir='ltr'><strong>et</strong></span> <span class='ocrx_word' id='word_1_320' title='bbox 1193 1389 1355 1430; x_wconf 83' lang='lat' dir='ltr'><strong>Rhaetia,</strong></span> <span class='ocrx_word' id='word_1_321' title='bbox 1383 1389 1512 1421; x_wconf 82' lang='lat' dir='ltr'><strong>habens</strong></span> <span class='ocrx_word' id='word_1_322' title='bbox 1540 1389 1581 1420; x_wconf 86' lang='lat' dir='ltr'><strong>ah</strong></span> <span class='ocrx_word' id='word_1_323' title='bbox 1610 1389 1735 1420; x_wconf 84' lang='lat' dir='ltr'><strong>oriente</strong></span> <span class='ocrx_word' id='word_1_324' title='bbox 1762 1387 1927 1419; x_wconf 87' lang='lat' dir='ltr'><strong>Moesiam</strong></span> <span class='ocrx_word' id='word_1_325' title='bbox 1941 1381 1984 1427; x_wconf 68' lang='lat'><strong>⁷⁶,</strong></span> <span class='ocrx_word' id='word_1_326' title='bbox 2013 1385 2055 1417; x_wconf 84' lang='lat' dir='ltr'><strong>ab</strong></span> 
     </span>
     <span class='ocr_line' id='line_1_26' title="bbox 106 1436 2055 1484; baseline -0.002 -12"><span class='ocrx_word' id='word_1_327' title='bbox 106 1441 198 1472; x_wconf 80' lang='lat' dir='ltr'><strong>Euro</strong></span> <span class='ocrx_word' id='word_1_328' title='bbox 226 1440 373 1483; x_wconf 77' lang='lat' dir='ltr'><strong>istriam,</strong></span> <span class='ocrx_word' id='word_1_329' title='bbox 401 1441 442 1473; x_wconf 86' lang='lat' dir='ltr'><strong>ah</strong></span> <span class='ocrx_word' id='word_1_330' title='bbox 470 1442 586 1474; x_wconf 77' lang='lat' dir='ltr'><strong>Ali-ico</strong></span> <span class='ocrx_word' id='word_1_331' title='bbox 614 1451 693 1473; x_wconf 73' lang='lat' dir='ltr'><strong>vero</strong></span> <span class='ocrx_word' id='word_1_332' title='bbox 721 1441 825 1483; x_wconf 78' lang='lat' dir='ltr'><strong>Alpes</strong></span> <span class='ocrx_word' id='word_1_333' title='bbox 848 1441 1053 1483; x_wconf 70' lang='lat' dir='ltr'><strong>Apenninas,</strong></span> <span class='ocrx_word' id='word_1_334' title='bbox 1082 1442 1123 1473; x_wconf 91' lang='lat' dir='ltr'><strong>ab</strong></span> <span class='ocrx_word' id='word_1_335' title='bbox 1151 1451 1272 1474; x_wconf 80' lang='lat' dir='ltr'><strong>occasu</strong></span> <span class='ocrx_word' id='word_1_336' title='bbox 1301 1441 1450 1473; x_wconf 84' lang='lat' dir='ltr'><strong>Galliam</strong></span> <span class='ocrx_word' id='word_1_337' title='bbox 1478 1440 1666 1484; x_wconf 78' lang='lat' dir='ltr'><strong>Belgicam,</strong></span> <span class='ocrx_word' id='word_1_338' title='bbox 1695 1451 1714 1471; x_wconf 93' lang='lat' dir='ltr'><strong>a</strong></span> <span class='ocrx_word' id='word_1_339' title='bbox 1735 1438 1958 1482; x_wconf 77' lang='lat' dir='ltr'><strong>septentrione</strong></span> <span class='ocrx_word' id='word_1_340' title='bbox 1985 1436 2055 1468; x_wconf 84' lang='lat' dir='ltr'><strong>Da-</strong></span> 
     </span>
    </p>
   </div>
   <div class='ocr_carea' id='block_1_3' title="bbox 969 1025 978 1045">
    <p class='ocr_par' dir='ltr' id='par_1_7' title="bbox 969 1025 978 1045">
     <span class='ocr_line' id='line_1_27' title="bbox 969 1025 978 1045; baseline 0 0"><span class='ocrx_word' id='word_1_341' title='bbox 969 1025 978 1045; x_wconf 88' lang='lat'>1</span> 
     </span>
    </p>
   </div>
   <div class='ocr_carea' id='block_1_4' title="bbox 1476 1283 2054 1328">
    <p class='ocr_par' dir='ltr' id='par_1_8' title="bbox 1476 1283 2054 1328">
     <span class='ocr_line' id='line_1_28' title="bbox 1476 1283 2054 1328; baseline -0.007 -10"><span class='ocrx_word' id='word_1_342' title='bbox 1476 1291 1524 1318; x_wconf 71' lang='lat' dir='ltr'><strong>est</strong></span> <span class='ocrx_word' id='word_1_343' title='bbox 1549 1290 1750 1328; x_wconf 87' lang='lat' dir='ltr'><strong>nuncupata,</strong></span> <span class='ocrx_word' id='word_1_344' title='bbox 1777 1284 1898 1327; x_wconf 84' lang='lat' dir='ltr'><strong>quibus</strong></span> <span class='ocrx_word' id='word_1_345' title='bbox 1926 1283 1967 1315; x_wconf 90' lang='lat' dir='ltr'><strong>ab</strong></span> <span class='ocrx_word' id='word_1_346' title='bbox 1988 1283 2054 1314; x_wconf 84' lang='lat' dir='ltr'><strong>lta-</strong></span> 
     </span>
    </p>
   </div>
   <div class='ocr_carea' id='block_1_5' title="bbox 107 1491 1399 1540">
    <p class='ocr_par' dir='ltr' id='par_1_9' title="bbox 107 1491 1399 1540">
     <span class='ocr_line' id='line_1_29' title="bbox 107 1491 1399 1540; baseline 0 -17"><span class='ocrx_word' id='word_1_347' title='bbox 107 1493 197 1524; x_wconf 88' lang='lat' dir='ltr'><strong>nuhii</strong></span> <span class='ocrx_word' id='word_1_348' title='bbox 229 1493 374 1531; x_wconf 77' lang='lat' dir='ltr'><strong>sontem,</strong></span> <span class='ocrx_word' id='word_1_349' title='bbox 409 1493 461 1525; x_wconf 79' lang='lat' dir='ltr'><strong>vel</strong></span> <span class='ocrx_word' id='word_1_350' title='bbox 490 1492 644 1530; x_wconf 77' lang='lat' dir='ltr'><strong>limitem,</strong></span> <span class='ocrx_word' id='word_1_351' title='bbox 678 1491 735 1533; x_wconf 88' lang='lat' dir='ltr'><strong>qui</strong></span> <span class='ocrx_word' id='word_1_352' title='bbox 764 1492 978 1540; x_wconf 69' lang='lat' dir='ltr'><strong>Germaniam</strong></span> <span class='ocrx_word' id='word_1_353' title='bbox 1008 1493 1223 1535; x_wconf 76' lang='lat' dir='ltr'><strong>Galliamque</strong></span> <span class='ocrx_word' id='word_1_354' title='bbox 1250 1492 1399 1524; x_wconf 77' lang='lat' dir='ltr'><strong>secernit.</strong></span> 
     </span>
    </p>
   </div>
   <div class='ocr_carea' id='block_1_6' title="bbox 107 1542 923 1678">
    <p class='ocr_par' dir='ltr' id='par_1_10' title="bbox 107 1542 923 1678">
     <span class='ocr_line' id='line_1_30' title="bbox 275 1542 923 1583; baseline -0.003 -7"><span class='ocrx_word' id='word_1_355' title='bbox 275 1544 331 1576; x_wconf 77' lang='grc'><strong>17.</strong></span> <span class='ocrx_word' id='word_1_356' title='bbox 386 1544 510 1576; x_wconf 81' lang='lat' dir='ltr'><strong>istriam</strong></span> <span class='ocrx_word' id='word_1_357' title='bbox 540 1544 621 1575; x_wconf 78' lang='lat' dir='ltr'><strong>Ister</strong></span> <span class='ocrx_word' id='word_1_358' title='bbox 650 1542 752 1575; x_wconf 84' lang='lat' dir='ltr'><strong>amnis</strong></span> <span class='ocrx_word' id='word_1_359' title='bbox 776 1543 923 1583; x_wconf 77' lang='lat' dir='ltr'><strong>vocavit,</strong></span> 
     </span>
     <span class='ocr_line' id='line_1_31' title="bbox 107 1594 873 1638; baseline 0.001 -12"><span class='ocrx_word' id='word_1_360' title='bbox 107 1599 217 1627; x_wconf 87' lang='lat' dir='ltr'><strong>autem</strong></span> <span class='ocrx_word' id='word_1_361' title='bbox 245 1595 336 1627; x_wconf 81' lang='lat' dir='ltr'><strong>lstria</strong></span> <span class='ocrx_word' id='word_1_362' title='bbox 362 1607 380 1627; x_wconf 87' lang='lat' dir='ltr'><strong>a</strong></span> <span class='ocrx_word' id='word_1_363' title='bbox 408 1595 631 1638; x_wconf 83' lang='lat' dir='ltr'><strong>septentrione</strong></span> <span class='ocrx_word' id='word_1_364' title='bbox 658 1594 873 1627; x_wconf 88' lang='lat' dir='ltr'><strong>Pannoniam.</strong></span> 
     </span>
     <span class='ocr_line' id='line_1_32' title="bbox 274 1646 329 1678; baseline 0 0"><span class='ocrx_word' id='word_1_365' title='bbox 274 1646 329 1678; x_wconf 72' lang='lat'><strong>18.</strong></span> 
     </span>
    </p>
   </div>
   <div class='ocr_carea' id='block_1_7' title="bbox 973 1542 1422 1586">
    <p class='ocr_par' dir='ltr' id='par_1_11' title="bbox 973 1542 1422 1586">
     <span class='ocr_line' id='line_1_33' title="bbox 973 1542 1422 1586; baseline 0.004 -11"><span class='ocrx_word' id='word_1_366' title='bbox 973 1544 1029 1586; x_wconf 88' lang='lat' dir='ltr'><strong>qui</strong></span> <span class='ocrx_word' id='word_1_367' title='bbox 1058 1543 1125 1576; x_wconf 83' lang='lat' dir='ltr'><strong>eius</strong></span> <span class='ocrx_word' id='word_1_368' title='bbox 1159 1549 1281 1576; x_wconf 87' lang='lat' dir='ltr'><strong>terram</strong></span> <span class='ocrx_word' id='word_1_369' title='bbox 1309 1542 1422 1577; x_wconf 85' lang='lat' dir='ltr'><strong>influit.</strong></span> 
     </span>
    </p>
   </div>
   <div class='ocr_carea' id='block_1_8' title="bbox 1484 1537 2057 1585">
    <p class='ocr_par' dir='ltr' id='par_1_12' title="bbox 1484 1537 2057 1585">
     <span class='ocr_line' id='line_1_34' title="bbox 1484 1537 2057 1585; baseline -0.009 -11"><span class='ocrx_word' id='word_1_370' title='bbox 1484 1542 1559 1585; x_wconf 84' lang='lat' dir='ltr'><strong>lpse</strong></span> <span class='ocrx_word' id='word_1_371' title='bbox 1591 1537 1674 1574; x_wconf 80' lang='lat' dir='ltr'><strong>est⁷⁷</strong></span> <span class='ocrx_word' id='word_1_372' title='bbox 1701 1539 1884 1573; x_wconf 76' lang='lat' dir='ltr'><strong>Danubius,</strong></span> <span class='ocrx_word' id='word_1_373' title='bbox 1946 1538 2057 1570; x_wconf 88' lang='lat' dir='ltr'><strong>Habet</strong></span> 
     </span>
    </p>
   </div>
   <div class='ocr_carea' id='block_1_9' title="bbox 384 1640 2056 1691">
    <p class='ocr_par' dir='ltr' id='par_1_13' title="bbox 384 1640 2056 1691">
     <span class='ocr_line' id='line_1_35' title="bbox 384 1640 2056 1691; baseline -0.004 -13"><span class='ocrx_word' id='word_1_374' title='bbox 384 1646 480 1678; x_wconf 89' lang='lat' dir='ltr'><strong>ltalia</strong></span> <span class='ocrx_word' id='word_1_375' title='bbox 508 1647 588 1678; x_wconf 88' lang='lat' dir='ltr'><strong>olim</strong></span> <span class='ocrx_word' id='word_1_376' title='bbox 613 1658 631 1678; x_wconf 90' lang='lat' dir='ltr'><strong>a</strong></span> <span class='ocrx_word' id='word_1_377' title='bbox 660 1646 798 1679; x_wconf 83' lang='lat' dir='ltr'><strong>Graecis</strong></span> <span class='ocrx_word' id='word_1_378' title='bbox 820 1646 954 1690; x_wconf 86' lang='lat' dir='ltr'><strong>populis</strong></span> <span class='ocrx_word' id='word_1_379' title='bbox 981 1651 1165 1691; x_wconf 88' lang='lat' dir='ltr'><strong>occupata,</strong></span> <span class='ocrx_word' id='word_1_380' title='bbox 1192 1656 1316 1691; x_wconf 81' lang='lat' dir='ltr'><strong>magna</strong></span> <span class='ocrx_word' id='word_1_381' title='bbox 1344 1645 1490 1678; x_wconf 86' lang='lat' dir='ltr'><strong>Graecia</strong></span> <span class='ocrx_word' id='word_1_382' title='bbox 1516 1643 1688 1688; x_wconf 85' lang='lat' dir='ltr'><strong>appellata</strong></span> <span class='ocrx_word' id='word_1_383' title='bbox 1713 1647 1778 1682; x_wconf 87' lang='lat' dir='ltr'><strong>est,</strong></span> <span class='ocrx_word' id='word_1_384' title='bbox 1806 1640 1930 1674; x_wconf 89' lang='lat' dir='ltr'><strong>deinde</strong></span> <span class='ocrx_word' id='word_1_385' title='bbox 1956 1651 1976 1672; x_wconf 91' lang='lat' dir='ltr'><strong>a</strong></span> <span class='ocrx_word' id='word_1_386' title='bbox 2003 1651 2056 1673; x_wconf 85' lang='lat' dir='ltr'><strong>re-</strong></span> 
     </span>
    </p>
   </div>
   <div class='ocr_carea' id='block_1_10' title="bbox 106 1692 2057 1742">
    <p class='ocr_par' dir='ltr' id='par_1_14' title="bbox 106 1692 2057 1742">
     <span class='ocr_line' id='line_1_36' title="bbox 106 1692 2057 1742; baseline -0.003 -14"><span class='ocrx_word' id='word_1_387' title='bbox 106 1696 157 1740; x_wconf 83' lang='lat' dir='ltr'><strong>gis</strong></span> <span class='ocrx_word' id='word_1_388' title='bbox 185 1698 318 1730; x_wconf 90' lang='lat' dir='ltr'><strong>nomine</strong></span> <span class='ocrx_word' id='word_1_389' title='bbox 344 1698 515 1739; x_wconf 87' lang='lat' dir='ltr'><strong>Saturnia,</strong></span> <span class='ocrx_word' id='word_1_390' title='bbox 547 1709 624 1730; x_wconf 73' lang='lat' dir='ltr'><strong>mox</strong></span> <span class='ocrx_word' id='word_1_391' title='bbox 653 1702 685 1730; x_wconf 87' lang='lat' dir='ltr'><strong>et</strong></span> <span class='ocrx_word' id='word_1_392' title='bbox 706 1698 839 1730; x_wconf 86' lang='lat' dir='ltr'><strong>Latium</strong></span> <span class='ocrx_word' id='word_1_393' title='bbox 868 1698 974 1737; x_wconf 70' lang='lat' dir='ltr'><strong>(licta,</strong></span> <span class='ocrx_word' id='word_1_394' title='bbox 1002 1709 1043 1731; x_wconf 87' lang='lat' dir='ltr'><strong>eo</strong></span> <span class='ocrx_word' id='word_1_395' title='bbox 1070 1698 1162 1742; x_wconf 90' lang='lat' dir='ltr'><strong>quod</strong></span> <span class='ocrx_word' id='word_1_396' title='bbox 1190 1698 1281 1731; x_wconf 89' lang='lat' dir='ltr'><strong>idem</strong></span> <span class='ocrx_word' id='word_1_397' title='bbox 1316 1693 1510 1731; x_wconf 59' lang='grc' dir='ltr'><strong>Βίιῑιιηιιιεῖὃ</strong></span> <span class='ocrx_word' id='word_1_398' title='bbox 1544 1707 1563 1728; x_wconf 90' lang='lat' dir='ltr'><strong>a</strong></span> <span class='ocrx_word' id='word_1_399' title='bbox 1590 1696 1671 1728; x_wconf 80' lang='lat' dir='ltr'><strong>love</strong></span> <span class='ocrx_word' id='word_1_400' title='bbox 1698 1694 1831 1727; x_wconf 82' lang='lat' dir='ltr'><strong>sedibus</strong></span> <span class='ocrx_word' id='word_1_401' title='bbox 1858 1693 1921 1725; x_wconf 78' lang='lat' dir='ltr'><strong>suis</strong></span> <span class='ocrx_word' id='word_1_402' title='bbox 1944 1692 2057 1736; x_wconf 78' lang='lat' dir='ltr'><strong>pulsus</strong></span> 
     </span>
    </p>
   </div>
   <div class='ocr_carea' id='block_1_11' title="bbox 107 1799 1060 2432">
    <p class='ocr_par' dir='ltr' id='par_1_15' title="bbox 107 1799 1060 2432">
     <span class='ocr_line' id='line_1_37' title="bbox 107 1799 1058 1836; baseline 0.005 -12"><span class='ocrx_word' id='word_1_403' title='bbox 107 1807 187 1834; x_wconf 73' lang='lat' dir='ltr'><strong>regn.</strong></span> <span class='ocrx_word' id='word_1_404' title='bbox 212 1804 303 1836; x_wconf 78' lang='lat' dir='ltr'><strong>atque</strong></span> <span class='ocrx_word' id='word_1_405' title='bbox 326 1809 389 1828; x_wconf 67' lang='lat' dir='ltr'><strong>vor.</strong></span> <span class='ocrx_word' id='word_1_406' title='bbox 420 1804 461 1825; x_wconf 72' lang='lat' dir='ltr'><strong>est</strong></span> <span class='ocrx_word' id='word_1_407' title='bbox 485 1808 530 1826; x_wconf 68' lang='lat' dir='ltr'><strong>vu.</strong></span> <span class='ocrx_word' id='word_1_408' title='bbox 563 1815 599 1820; x_wconf 90' lang='lat'><strong>——</strong></span> <span class='ocrx_word' id='word_1_409' title='bbox 635 1799 682 1836; x_wconf 83' lang='lat'>38)</span> <span class='ocrx_word' id='word_1_410' title='bbox 706 1801 866 1828; x_wconf 70' lang='lat' dir='ltr'><strong>nominata</strong></span> <span class='ocrx_word' id='word_1_411' title='bbox 891 1800 947 1827; x_wconf 82' lang='lat' dir='ltr'><strong>Gu-</strong></span> <span class='ocrx_word' id='word_1_412' title='bbox 969 1801 997 1829; x_wconf 79' lang='lat'><strong>2.</strong></span> <span class='ocrx_word' id='word_1_413' title='bbox 1020 1816 1058 1820; x_wconf 89' lang='lat'><em>-</em></span> 
     </span>
     <span class='ocr_line' id='line_1_38' title="bbox 107 1838 1060 1880; baseline 0.003 -14"><span class='ocrx_word' id='word_1_414' title='bbox 107 1838 154 1877; x_wconf 78' lang='lat'>39)</span> <span class='ocrx_word' id='word_1_415' title='bbox 180 1850 199 1866; x_wconf 77' lang='lat' dir='ltr'><em>a</em></span> <span class='ocrx_word' id='word_1_416' title='bbox 222 1840 394 1868; x_wconf 72' lang='lat' dir='ltr'><strong>meridiana</strong></span> <span class='ocrx_word' id='word_1_417' title='bbox 410 1841 511 1879; x_wconf 76' lang='lat' dir='ltr'><strong>plaga</strong></span> <span class='ocrx_word' id='word_1_418' title='bbox 535 1842 590 1869; x_wconf 87' lang='lat' dir='ltr'><strong>Gu.</strong></span> <span class='ocrx_word' id='word_1_419' title='bbox 610 1844 638 1872; x_wconf 78' lang='grc'><strong>2.</strong></span> <span class='ocrx_word' id='word_1_420' title='bbox 665 1843 712 1871; x_wconf 82' lang='lat' dir='ltr'><strong>Ar.</strong></span> <span class='ocrx_word' id='word_1_421' title='bbox 739 1859 780 1863; x_wconf 96' lang='lat'><strong>—</strong></span> <span class='ocrx_word' id='word_1_422' title='bbox 809 1842 853 1880; x_wconf 63' lang='lat'><strong>40)</strong></span> <span class='ocrx_word' id='word_1_423' title='bbox 878 1842 928 1870; x_wconf 86' lang='lat' dir='ltr'><strong>Sic</strong></span> <span class='ocrx_word' id='word_1_424' title='bbox 951 1843 1006 1873; x_wconf 83' lang='lat' dir='ltr'><strong>Gu,</strong></span> <span class='ocrx_word' id='word_1_425' title='bbox 1035 1845 1060 1872; x_wconf 87' lang='lat'><strong>1.</strong></span> 
     </span>
     <span class='ocr_line' id='line_1_39' title="bbox 107 1882 1060 1924; baseline 0.005 -16"><span class='ocrx_word' id='word_1_426' title='bbox 107 1882 253 1919; x_wconf 82' lang='lat' dir='ltr'><strong>—-stum.</strong></span> <span class='ocrx_word' id='word_1_427' title='bbox 277 1889 303 1910; x_wconf 81' lang='lat' dir='ltr'><strong>et</strong></span> <span class='ocrx_word' id='word_1_428' title='bbox 327 1894 392 1921; x_wconf 72' lang='lat' dir='ltr'><strong>opp.</strong></span> <span class='ocrx_word' id='word_1_429' title='bbox 416 1883 495 1920; x_wconf 84' lang='lat' dir='ltr'><strong>vulg.</strong></span> <span class='ocrx_word' id='word_1_430' title='bbox 516 1900 557 1904; x_wconf 97' lang='lat'><strong>—</strong></span> <span class='ocrx_word' id='word_1_431' title='bbox 579 1882 627 1924; x_wconf 64' lang='lat'>41)</span> <span class='ocrx_word' id='word_1_432' title='bbox 652 1896 729 1923; x_wconf 66' lang='lat' dir='ltr'><strong>qua-9</strong></span> <span class='ocrx_word' id='word_1_433' title='bbox 753 1886 808 1913; x_wconf 81' lang='lat' dir='ltr'><strong>Gn.</strong></span> <span class='ocrx_word' id='word_1_434' title='bbox 836 1887 863 1916; x_wconf 87' lang='lat'><strong>1.</strong></span> <span class='ocrx_word' id='word_1_435' title='bbox 893 1888 920 1916; x_wconf 80' lang='grc'><strong>2.</strong></span> <span class='ocrx_word' id='word_1_436' title='bbox 941 1900 982 1905; x_wconf 72' lang='grc'><strong>--</strong></span> <span class='ocrx_word' id='word_1_437' title='bbox 1012 1885 1060 1920; x_wconf 68' lang='grc'>42)</span> 
     </span>
     <span class='ocr_line' id='line_1_40' title="bbox 108 1922 1060 1963; baseline 0.005 -14"><span class='ocrx_word' id='word_1_438' title='bbox 108 1922 157 1951; x_wconf 79' lang='lat' dir='ltr'><strong>Sic</strong></span> <span class='ocrx_word' id='word_1_439' title='bbox 190 1926 246 1954; x_wconf 78' lang='lat' dir='ltr'><strong>Gn.</strong></span> <span class='ocrx_word' id='word_1_440' title='bbox 272 1928 297 1956; x_wconf 84' lang='lat'><strong>1.</strong></span> <span class='ocrx_word' id='word_1_441' title='bbox 324 1941 366 1947; x_wconf 94' lang='lat'><em>·-·-</em></span> <span class='ocrx_word' id='word_1_442' title='bbox 403 1925 487 1963; x_wconf 81' lang='lat' dir='ltr'><strong>Vulg.</strong></span> <span class='ocrx_word' id='word_1_443' title='bbox 523 1927 618 1956; x_wconf 59' lang='lat' dir='ltr'><strong>Thess.</strong></span> <span class='ocrx_word' id='word_1_444' title='bbox 648 1932 675 1955; x_wconf 82' lang='lat' dir='ltr'><strong>et</strong></span> <span class='ocrx_word' id='word_1_445' title='bbox 710 1927 831 1956; x_wconf 68' lang='lat' dir='ltr'><strong>Thebae.</strong></span> <span class='ocrx_word' id='word_1_446' title='bbox 861 1944 900 1948; x_wconf 97' lang='lat'><strong>—</strong></span> <span class='ocrx_word' id='word_1_447' title='bbox 937 1926 982 1963; x_wconf 64' lang='lat'>43)</span> <span class='ocrx_word' id='word_1_448' title='bbox 1011 1927 1060 1955; x_wconf 88' lang='lat' dir='ltr'><strong>Sic</strong></span> 
     </span>
     <span class='ocr_line' id='line_1_41' title="bbox 109 1967 1060 2007; baseline 0.003 -13"><span class='ocrx_word' id='word_1_449' title='bbox 109 1967 166 1994; x_wconf 74' lang='lat' dir='ltr'><strong>Gu.</strong></span> <span class='ocrx_word' id='word_1_450' title='bbox 186 1969 212 1997; x_wconf 84' lang='lat'><strong>1.</strong></span> <span class='ocrx_word' id='word_1_451' title='bbox 232 1977 276 1996; x_wconf 71' lang='lat' dir='ltr'><strong>va.</strong></span> <span class='ocrx_word' id='word_1_452' title='bbox 298 1984 341 1990; x_wconf 93' lang='lat'><strong>-—-</strong></span> <span class='ocrx_word' id='word_1_453' title='bbox 363 1967 410 1996; x_wconf 71' lang='lat' dir='ltr'><strong>lbi</strong></span> <span class='ocrx_word' id='word_1_454' title='bbox 431 1973 473 1995; x_wconf 67' lang='lat' dir='ltr'><strong>eat</strong></span> <span class='ocrx_word' id='word_1_455' title='bbox 495 1979 581 1996; x_wconf 76' lang='lat' dir='ltr'><strong>mons</strong></span> <span class='ocrx_word' id='word_1_456' title='bbox 601 1969 681 2007; x_wconf 85' lang='lat' dir='ltr'><strong>vulg.</strong></span> <span class='ocrx_word' id='word_1_457' title='bbox 705 1987 741 1992; x_wconf 78' lang='lat'><strong>—-</strong></span> <span class='ocrx_word' id='word_1_458' title='bbox 768 1970 821 1998; x_wconf 67' lang='lat' dir='ltr'><strong>ubi</strong></span> <span class='ocrx_word' id='word_1_459' title='bbox 845 1970 902 1997; x_wconf 88' lang='lat' dir='ltr'><strong>Gu.</strong></span> <span class='ocrx_word' id='word_1_460' title='bbox 920 1972 947 2001; x_wconf 82' lang='lat'><strong>2.</strong></span> <span class='ocrx_word' id='word_1_461' title='bbox 973 1985 1009 1991; x_wconf 95' lang='lat'>—</span> <span class='ocrx_word' id='word_1_462' title='bbox 1035 1975 1060 1997; x_wconf 74' lang='lat' dir='ltr'><strong>et</strong></span> 
     </span>
     <span class='ocr_line' id='line_1_42' title="bbox 113 2008 1060 2050; baseline 0.004 -15"><span class='ocrx_word' id='word_1_463' title='bbox 113 2008 226 2037; x_wconf 68' lang='lat' dir='ltr'><strong>Thebae</strong></span> <span class='ocrx_word' id='word_1_464' title='bbox 249 2016 273 2037; x_wconf 72' lang='lat' dir='ltr'><strong>et</strong></span> <span class='ocrx_word' id='word_1_465' title='bbox 298 2021 383 2037; x_wconf 74' lang='lat' dir='ltr'><strong>mons</strong></span> <span class='ocrx_word' id='word_1_466' title='bbox 405 2011 443 2039; x_wconf 86' lang='lat' dir='ltr'><strong>P.</strong></span> <span class='ocrx_word' id='word_1_467' title='bbox 467 2011 497 2038; x_wconf 91' lang='lat' dir='ltr'><strong>Z.</strong></span> <span class='ocrx_word' id='word_1_468' title='bbox 523 2028 562 2032; x_wconf 95' lang='lat'>—</span> <span class='ocrx_word' id='word_1_469' title='bbox 592 2011 636 2047; x_wconf 80' lang='lat'><strong>44)</strong></span> <span class='ocrx_word' id='word_1_470' title='bbox 656 2012 690 2040; x_wconf 78' lang='lat' dir='ltr'><strong>Jzi</strong></span> <span class='ocrx_word' id='word_1_471' title='bbox 714 2023 773 2042; x_wconf 86' lang='lat' dir='ltr'><strong>om.</strong></span> <span class='ocrx_word' id='word_1_472' title='bbox 796 2023 842 2042; x_wconf 78' lang='lat' dir='ltr'><strong>va.</strong></span> <span class='ocrx_word' id='word_1_473' title='bbox 864 2028 906 2032; x_wconf 92' lang='lat'>—</span> <span class='ocrx_word' id='word_1_474' title='bbox 929 2010 975 2050; x_wconf 78' lang='lat'><strong>45)</strong></span> <span class='ocrx_word' id='word_1_475' title='bbox 993 2014 1060 2050; x_wconf 77' lang='lat' dir='ltr'><strong>pri-</strong></span> 
     </span>
     <span class='ocr_line' id='line_1_43' title="bbox 108 2052 1059 2094; baseline 0.003 -15"><span class='ocrx_word' id='word_1_476' title='bbox 108 2061 190 2078; x_wconf 81' lang='lat' dir='ltr'><strong>mum</strong></span> <span class='ocrx_word' id='word_1_477' title='bbox 212 2053 242 2080; x_wconf 91' lang='lat' dir='ltr'><strong>Z.</strong></span> <span class='ocrx_word' id='word_1_478' title='bbox 267 2053 323 2080; x_wconf 87' lang='lat' dir='ltr'><strong>Gn.</strong></span> <span class='ocrx_word' id='word_1_479' title='bbox 342 2054 370 2083; x_wconf 79' lang='grc'><strong>2.</strong></span> <span class='ocrx_word' id='word_1_480' title='bbox 395 2069 430 2073; x_wconf 83' lang='lat'><strong>—-</strong></span> <span class='ocrx_word' id='word_1_481' title='bbox 455 2054 501 2089; x_wconf 84' lang='lat'>46)</span> <span class='ocrx_word' id='word_1_482' title='bbox 520 2052 691 2082; x_wconf 81' lang='lat' dir='ltr'><strong>domuerint</strong></span> <span class='ocrx_word' id='word_1_483' title='bbox 705 2056 736 2083; x_wconf 93' lang='lat' dir='ltr'><strong>Z.</strong></span> <span class='ocrx_word' id='word_1_484' title='bbox 753 2066 799 2094; x_wconf 88' lang='lat' dir='ltr'><strong>pr.</strong></span> <span class='ocrx_word' id='word_1_485' title='bbox 816 2065 861 2083; x_wconf 76' lang='lat' dir='ltr'><strong>va.</strong></span> <span class='ocrx_word' id='word_1_486' title='bbox 880 2054 931 2082; x_wconf 88' lang='lat' dir='ltr'><strong>Ar.</strong></span> <span class='ocrx_word' id='word_1_487' title='bbox 947 2070 988 2076; x_wconf 92' lang='lat'>—</span> <span class='ocrx_word' id='word_1_488' title='bbox 1011 2055 1059 2091; x_wconf 73' lang='lat'>47)</span> 
     </span>
     <span class='ocr_line' id='line_1_44' title="bbox 108 2093 1060 2135; baseline 0.004 -14"><span class='ocrx_word' id='word_1_489' title='bbox 108 2093 182 2121; x_wconf 82' lang='lat' dir='ltr'><strong>Inde</strong></span> <span class='ocrx_word' id='word_1_490' title='bbox 204 2104 250 2124; x_wconf 84' lang='lat' dir='ltr'><strong>va.</strong></span> <span class='ocrx_word' id='word_1_491' title='bbox 276 2114 314 2118; x_wconf 83' lang='lat'><strong>-—</strong></span> <span class='ocrx_word' id='word_1_492' title='bbox 338 2093 385 2134; x_wconf 71' lang='lat'>43)</span> <span class='ocrx_word' id='word_1_493' title='bbox 409 2095 446 2122; x_wconf 79' lang='lat' dir='ltr'><strong>ab</strong></span> <span class='ocrx_word' id='word_1_494' title='bbox 469 2095 589 2123; x_wconf 72' lang='lat' dir='ltr'><strong>exordio</strong></span> <span class='ocrx_word' id='word_1_495' title='bbox 613 2097 644 2126; x_wconf 94' lang='lat' dir='ltr'><strong>Z.</strong></span> <span class='ocrx_word' id='word_1_496' title='bbox 667 2113 709 2119; x_wconf 92' lang='lat'><strong>—-</strong></span> <span class='ocrx_word' id='word_1_497' title='bbox 732 2100 779 2135; x_wconf 81' lang='lat'>49)</span> <span class='ocrx_word' id='word_1_498' title='bbox 800 2097 949 2126; x_wconf 72' lang='lat' dir='ltr'><strong>Emathia</strong></span> <span class='ocrx_word' id='word_1_499' title='bbox 972 2098 1003 2125; x_wconf 88' lang='lat' dir='ltr'><strong>Z.</strong></span> <span class='ocrx_word' id='word_1_500' title='bbox 1025 2114 1060 2119; x_wconf 93' lang='lat'><em>-</em></span> 
     </span>
     <span class='ocr_line' id='line_1_45' title="bbox 108 2136 1059 2176; baseline 0.003 -12"><span class='ocrx_word' id='word_1_501' title='bbox 108 2136 155 2173; x_wconf 84' lang='lat'><strong>50)</strong></span> <span class='ocrx_word' id='word_1_502' title='bbox 178 2137 360 2165; x_wconf 57' lang='lat' dir='ltr'><strong>Macedonia</strong></span> <span class='ocrx_word' id='word_1_503' title='bbox 387 2159 392 2165; x_wconf 95' lang='lat'><strong>.</strong></span> <span class='ocrx_word' id='word_1_504' title='bbox 412 2162 418 2167; x_wconf 87' lang='lat'><strong>.</strong></span> <span class='ocrx_word' id='word_1_505' title='bbox 440 2137 569 2165; x_wconf 69' lang='lat' dir='ltr'><strong>hahebat</strong></span> <span class='ocrx_word' id='word_1_506' title='bbox 592 2139 623 2167; x_wconf 94' lang='lat' dir='ltr'><strong>Z.</strong></span> <span class='ocrx_word' id='word_1_507' title='bbox 647 2154 687 2161; x_wconf 88' lang='lat'><strong>—·</strong></span> <span class='ocrx_word' id='word_1_508' title='bbox 715 2140 762 2176; x_wconf 87' lang='lat'>51)</span> <span class='ocrx_word' id='word_1_509' title='bbox 786 2142 834 2169; x_wconf 91' lang='lat' dir='ltr'><strong>Sic</strong></span> <span class='ocrx_word' id='word_1_510' title='bbox 857 2141 907 2169; x_wconf 88' lang='lat' dir='ltr'><strong>Ar.</strong></span> <span class='ocrx_word' id='word_1_511' title='bbox 929 2156 971 2161; x_wconf 91' lang='lat'><em>-</em></span> <span class='ocrx_word' id='word_1_512' title='bbox 994 2140 1059 2167; x_wconf 61' lang='lat' dir='ltr'><strong>ssli-</strong></span> 
     </span>
     <span class='ocr_line' id='line_1_46' title="bbox 108 2179 1059 2220; baseline 0.007 -15"><span class='ocrx_word' id='word_1_513' title='bbox 108 2179 173 2206; x_wconf 73' lang='grc' dir='ltr'><strong>εἰαε</strong></span> <span class='ocrx_word' id='word_1_514' title='bbox 194 2180 275 2217; x_wconf 79' lang='lat' dir='ltr'><strong>vulg.</strong></span> <span class='ocrx_word' id='word_1_515' title='bbox 300 2196 341 2202; x_wconf 86' lang='lat'><strong>—-</strong></span> <span class='ocrx_word' id='word_1_516' title='bbox 364 2180 411 2217; x_wconf 73' lang='lat'>52)</span> <span class='ocrx_word' id='word_1_517' title='bbox 436 2183 614 2219; x_wconf 79' lang='lat' dir='ltr'><strong>argentique</strong></span> <span class='ocrx_word' id='word_1_518' title='bbox 635 2181 742 2220; x_wconf 81' lang='lat' dir='ltr'><strong>scripsi</strong></span> <span class='ocrx_word' id='word_1_519' title='bbox 764 2192 778 2210; x_wconf 84' lang='grc' dir='ltr'>ε</span> <span class='ocrx_word' id='word_1_520' title='bbox 801 2184 831 2211; x_wconf 94' lang='grc' dir='ltr'><strong>Ζ.</strong></span> <span class='ocrx_word' id='word_1_521' title='bbox 856 2184 951 2214; x_wconf 88' lang='lat' dir='ltr'><strong>Gu.1.</strong></span> <span class='ocrx_word' id='word_1_522' title='bbox 968 2185 997 2214; x_wconf 82' lang='lat'><strong>2.</strong></span> <span class='ocrx_word' id='word_1_523' title='bbox 1012 2192 1059 2212; x_wconf 83' lang='lat' dir='ltr'><strong>va.</strong></span> 
     </span>
     <span class='ocr_line' id='line_1_47' title="bbox 108 2221 1058 2265; baseline 0.003 -16"><span class='ocrx_word' id='word_1_524' title='bbox 108 2221 147 2249; x_wconf 79' lang='lat' dir='ltr'><strong>al.</strong></span> <span class='ocrx_word' id='word_1_525' title='bbox 168 2231 213 2260; x_wconf 88' lang='lat' dir='ltr'><strong>pr.</strong></span> <span class='ocrx_word' id='word_1_526' title='bbox 235 2239 276 2244; x_wconf 90' lang='lat'>—</span> <span class='ocrx_word' id='word_1_527' title='bbox 299 2223 415 2260; x_wconf 79' lang='lat' dir='ltr'><strong>optima</strong></span> <span class='ocrx_word' id='word_1_528' title='bbox 433 2223 489 2251; x_wconf 72' lang='lat' dir='ltr'><strong>Cu.</strong></span> <span class='ocrx_word' id='word_1_529' title='bbox 509 2225 536 2254; x_wconf 85' lang='lat'><strong>1.</strong></span> <span class='ocrx_word' id='word_1_530' title='bbox 555 2226 583 2255; x_wconf 81' lang='grc'><strong>2.</strong></span> <span class='ocrx_word' id='word_1_531' title='bbox 609 2241 646 2245; x_wconf 90' lang='lat'><strong>——-</strong></span> <span class='ocrx_word' id='word_1_532' title='bbox 670 2228 877 2265; x_wconf 75' lang='lat' dir='ltr'><strong>argenteisque</strong></span> <span class='ocrx_word' id='word_1_533' title='bbox 890 2226 990 2254; x_wconf 84' lang='lat' dir='ltr'><strong>Ar.—</strong></span> <span class='ocrx_word' id='word_1_534' title='bbox 1013 2226 1058 2261; x_wconf 81' lang='lat'>53)</span> 
     </span>
     <span class='ocr_line' id='line_1_48' title="bbox 108 2263 1059 2306; baseline 0.005 -16"><span class='ocrx_word' id='word_1_535' title='bbox 108 2263 156 2291; x_wconf 88' lang='lat' dir='ltr'><strong>Sic</strong></span> <span class='ocrx_word' id='word_1_536' title='bbox 170 2265 219 2293; x_wconf 82' lang='lat' dir='ltr'><strong>Ar.</strong></span> <span class='ocrx_word' id='word_1_537' title='bbox 243 2282 282 2286; x_wconf 86' lang='lat'><strong>-—</strong></span> <span class='ocrx_word' id='word_1_538' title='bbox 305 2265 440 2293; x_wconf 75' lang='lat' dir='ltr'><strong>heatztem</strong></span> <span class='ocrx_word' id='word_1_539' title='bbox 458 2266 488 2293; x_wconf 92' lang='lat' dir='ltr'><strong>Z.</strong></span> <span class='ocrx_word' id='word_1_540' title='bbox 504 2281 546 2286; x_wconf 92' lang='lat'>—</span> <span class='ocrx_word' id='word_1_541' title='bbox 566 2267 706 2303; x_wconf 68' lang='lat' dir='ltr'><strong>peaniten</strong></span> <span class='ocrx_word' id='word_1_542' title='bbox 726 2267 782 2297; x_wconf 93' lang='lat' dir='ltr'><strong>Gu.</strong></span> <span class='ocrx_word' id='word_1_543' title='bbox 801 2271 829 2298; x_wconf 81' lang='lat'><strong>2.</strong></span> <span class='ocrx_word' id='word_1_544' title='bbox 846 2285 879 2289; x_wconf 90' lang='lat'>—</span> <span class='ocrx_word' id='word_1_545' title='bbox 898 2268 946 2295; x_wconf 61' lang='lat' dir='ltr'><strong>vel</strong></span> <span class='ocrx_word' id='word_1_546' title='bbox 962 2278 1059 2306; x_wconf 79' lang='lat' dir='ltr'><strong>pean-</strong></span> 
     </span>
     <span class='ocr_line' id='line_1_49' title="bbox 109 2307 1059 2348; baseline 0.005 -16"><span class='ocrx_word' id='word_1_547' title='bbox 109 2311 166 2333; x_wconf 76' lang='lat' dir='ltr'><strong>tem</strong></span> <span class='ocrx_word' id='word_1_548' title='bbox 184 2307 231 2335; x_wconf 65' lang='lat' dir='ltr'><strong>rel</strong></span> <span class='ocrx_word' id='word_1_549' title='bbox 246 2310 397 2345; x_wconf 74' lang='lat' dir='ltr'><strong>pernicem</strong></span> <span class='ocrx_word' id='word_1_550' title='bbox 414 2318 460 2336; x_wconf 78' lang='lat' dir='ltr'><strong>va.</strong></span> <span class='ocrx_word' id='word_1_551' title='bbox 478 2323 518 2330; x_wconf 92' lang='lat'>—</span> <span class='ocrx_word' id='word_1_552' title='bbox 536 2310 677 2346; x_wconf 79' lang='lat' dir='ltr'><strong>peoniten</strong></span> <span class='ocrx_word' id='word_1_553' title='bbox 701 2309 737 2336; x_wconf 80' lang='lat' dir='ltr'><strong>al.</strong></span> <span class='ocrx_word' id='word_1_554' title='bbox 754 2319 799 2347; x_wconf 81' lang='lat' dir='ltr'><strong>ap.</strong></span> <span class='ocrx_word' id='word_1_555' title='bbox 815 2310 904 2339; x_wconf 76' lang='lat' dir='ltr'><strong>Goth.</strong></span> <span class='ocrx_word' id='word_1_556' title='bbox 920 2328 957 2332; x_wconf 92' lang='lat'>—</span> <span class='ocrx_word' id='word_1_557' title='bbox 971 2321 1059 2348; x_wconf 71' lang='lat' dir='ltr'><strong>pero-</strong></span> 
     </span>
     <span class='ocr_line' id='line_1_50' title="bbox 111 2349 1059 2389; baseline 0.005 -14"><span class='ocrx_word' id='word_1_558' title='bbox 111 2349 190 2377; x_wconf 80' lang='lat' dir='ltr'><strong>niten</strong></span> <span class='ocrx_word' id='word_1_559' title='bbox 215 2350 269 2378; x_wconf 90' lang='lat' dir='ltr'><strong>Gu.</strong></span> <span class='ocrx_word' id='word_1_560' title='bbox 296 2353 321 2380; x_wconf 89' lang='lat'><strong>1.</strong></span> <span class='ocrx_word' id='word_1_561' title='bbox 345 2360 412 2378; x_wconf 90' lang='lat' dir='ltr'><strong>cum</strong></span> <span class='ocrx_word' id='word_1_562' title='bbox 434 2350 514 2388; x_wconf 87' lang='lat' dir='ltr'><strong>vulg.</strong></span> <span class='ocrx_word' id='word_1_563' title='bbox 538 2367 581 2372; x_wconf 92' lang='lat'><strong>—</strong></span> <span class='ocrx_word' id='word_1_564' title='bbox 608 2350 655 2389; x_wconf 74' lang='lat'>54)</span> <span class='ocrx_word' id='word_1_565' title='bbox 678 2351 727 2379; x_wconf 85' lang='lat' dir='ltr'><strong>Sic</strong></span> <span class='ocrx_word' id='word_1_566' title='bbox 757 2352 812 2382; x_wconf 90' lang='lat' dir='ltr'><strong>Gu.</strong></span> <span class='ocrx_word' id='word_1_567' title='bbox 831 2356 858 2384; x_wconf 89' lang='lat'><strong>1.</strong></span> <span class='ocrx_word' id='word_1_568' title='bbox 884 2370 917 2374; x_wconf 89' lang='lat'><strong>—</strong></span> <span class='ocrx_word' id='word_1_569' title='bbox 954 2358 1059 2381; x_wconf 68' lang='lat' dir='ltr'><strong>tantus</strong></span> 
     </span>
     <span class='ocr_line' id='line_1_51' title="bbox 113 2388 1056 2432; baseline 0.007 -14"><span class='ocrx_word' id='word_1_570' title='bbox 113 2388 243 2428; x_wconf 72' lang='lat' dir='ltr'><strong>(tantum</strong></span> <span class='ocrx_word' id='word_1_571' title='bbox 269 2391 313 2432; x_wconf 81' lang='lat' dir='ltr'>Z.)</span> <span class='ocrx_word' id='word_1_572' title='bbox 337 2393 493 2421; x_wconf 77' lang='lat' dir='ltr'><strong>attollitur</strong></span> <span class='ocrx_word' id='word_1_573' title='bbox 517 2393 600 2432; x_wconf 84' lang='lat' dir='ltr'><strong>vulg.</strong></span> <span class='ocrx_word' id='word_1_574' title='bbox 621 2409 661 2416; x_wconf 86' lang='lat'><strong>—·</strong></span> <span class='ocrx_word' id='word_1_575' title='bbox 696 2393 744 2431; x_wconf 85' lang='lat'>55)</span> <span class='ocrx_word' id='word_1_576' title='bbox 760 2399 786 2421; x_wconf 81' lang='lat' dir='ltr'><strong>et</strong></span> <span class='ocrx_word' id='word_1_577' title='bbox 810 2405 867 2424; x_wconf 89' lang='lat' dir='ltr'><strong>om.</strong></span> <span class='ocrx_word' id='word_1_578' title='bbox 893 2395 950 2424; x_wconf 87' lang='lat' dir='ltr'><strong>Gu.</strong></span> <span class='ocrx_word' id='word_1_579' title='bbox 973 2398 1003 2426; x_wconf 81' lang='lat'><strong>2.</strong></span> <span class='ocrx_word' id='word_1_580' title='bbox 1019 2412 1056 2416; x_wconf 83' lang='lat'>—</span> 
     </span>
    </p>
   </div>
   <div class='ocr_carea' id='block_1_12' title="bbox 1101 1792 2060 2469">
    <p class='ocr_par' dir='ltr' id='par_1_16' title="bbox 1101 1792 2060 2469">
     <span class='ocr_line' id='line_1_52' title="bbox 1104 1792 2058 1838; baseline -0.007 -11"><span class='ocrx_word' id='word_1_581' title='bbox 1104 1799 1149 1838; x_wconf 75' lang='lat'>56)</span> <span class='ocrx_word' id='word_1_582' title='bbox 1166 1800 1213 1827; x_wconf 83' lang='lat' dir='ltr'><strong>Sic</strong></span> <span class='ocrx_word' id='word_1_583' title='bbox 1229 1800 1286 1827; x_wconf 91' lang='lat' dir='ltr'><strong>Gu.</strong></span> <span class='ocrx_word' id='word_1_584' title='bbox 1307 1802 1333 1830; x_wconf 86' lang='lat'><strong>1.</strong></span> <span class='ocrx_word' id='word_1_585' title='bbox 1354 1815 1390 1819; x_wconf 97' lang='lat'><strong>—</strong></span> <span class='ocrx_word' id='word_1_586' title='bbox 1412 1798 1501 1826; x_wconf 67' lang='lat' dir='ltr'><strong>lmlnt</strong></span> <span class='ocrx_word' id='word_1_587' title='bbox 1521 1798 1613 1834; x_wconf 55' lang='lat' dir='ltr'><strong>illuri.</strong></span> <span class='ocrx_word' id='word_1_588' title='bbox 1630 1807 1712 1824; x_wconf 75' lang='lat' dir='ltr'><strong>mure</strong></span> <span class='ocrx_word' id='word_1_589' title='bbox 1731 1795 1811 1832; x_wconf 71' lang='lat' dir='ltr'><strong>vulg.</strong></span> <span class='ocrx_word' id='word_1_590' title='bbox 1831 1811 1872 1816; x_wconf 92' lang='lat'><strong>——</strong></span> <span class='ocrx_word' id='word_1_591' title='bbox 1898 1792 1945 1832; x_wconf 81' lang='lat'>57)</span> <span class='ocrx_word' id='word_1_592' title='bbox 1965 1794 2058 1822; x_wconf 77' lang='lat' dir='ltr'><strong>Grae-</strong></span> 
     </span>
     <span class='ocr_line' id='line_1_53' title="bbox 1104 1835 2058 1877; baseline -0.008 -7"><span class='ocrx_word' id='word_1_593' title='bbox 1104 1853 1173 1870; x_wconf 77' lang='lat' dir='ltr'><strong>cum</strong></span> <span class='ocrx_word' id='word_1_594' title='bbox 1188 1843 1218 1870; x_wconf 90' lang='lat' dir='ltr'><strong>Z.</strong></span> <span class='ocrx_word' id='word_1_595' title='bbox 1240 1841 1276 1871; x_wconf 82' lang='lat' dir='ltr'><strong>al.</strong></span> <span class='ocrx_word' id='word_1_596' title='bbox 1300 1858 1342 1862; x_wconf 98' lang='lat'><strong>—</strong></span> <span class='ocrx_word' id='word_1_597' title='bbox 1366 1844 1411 1877; x_wconf 62' lang='lat'>55)</span> <span class='ocrx_word' id='word_1_598' title='bbox 1430 1841 1477 1868; x_wconf 85' lang='lat' dir='ltr'><strong>Sic</strong></span> <span class='ocrx_word' id='word_1_599' title='bbox 1493 1840 1524 1870; x_wconf 92' lang='grc' dir='ltr'><strong>Ζ,</strong></span> <span class='ocrx_word' id='word_1_600' title='bbox 1541 1842 1596 1867; x_wconf 80' lang='lat' dir='ltr'><strong>Gu.</strong></span> <span class='ocrx_word' id='word_1_601' title='bbox 1619 1843 1642 1869; x_wconf 81' lang='lat'><strong>1.</strong></span> <span class='ocrx_word' id='word_1_602' title='bbox 1659 1842 1687 1870; x_wconf 83' lang='lat'><strong>2.</strong></span> <span class='ocrx_word' id='word_1_603' title='bbox 1703 1849 1749 1867; x_wconf 78' lang='lat' dir='ltr'><strong>va.</strong></span> <span class='ocrx_word' id='word_1_604' title='bbox 1765 1839 1814 1867; x_wconf 84' lang='lat' dir='ltr'><strong>Ar.</strong></span> <span class='ocrx_word' id='word_1_605' title='bbox 1837 1854 1875 1860; x_wconf 83' lang='lat'><strong>—-</strong></span> <span class='ocrx_word' id='word_1_606' title='bbox 1893 1842 1918 1864; x_wconf 78' lang='lat' dir='ltr'><strong>ct</strong></span> <span class='ocrx_word' id='word_1_607' title='bbox 1934 1835 2058 1864; x_wconf 65' lang='lat' dir='ltr'><strong>mfridc&#39;e</strong></span> 
     </span>
     <span class='ocr_line' id='line_1_54' title="bbox 1103 1877 2056 1923; baseline -0.009 -9"><span class='ocrx_word' id='word_1_608' title='bbox 1103 1885 1184 1923; x_wconf 76' lang='lat' dir='ltr'><strong>vulg.</strong></span> <span class='ocrx_word' id='word_1_609' title='bbox 1201 1900 1242 1906; x_wconf 93' lang='lat'><strong>—</strong></span> <span class='ocrx_word' id='word_1_610' title='bbox 1264 1885 1312 1920; x_wconf 79' lang='lat'>59)</span> <span class='ocrx_word' id='word_1_611' title='bbox 1331 1884 1548 1921; x_wconf 75' lang='lat' dir='ltr'><strong>C&#39;eplzalotziam</strong></span> <span class='ocrx_word' id='word_1_612' title='bbox 1562 1888 1586 1909; x_wconf 76' lang='lat' dir='ltr'><strong>et</strong></span> <span class='ocrx_word' id='word_1_613' title='bbox 1606 1882 1785 1919; x_wconf 65' lang='lat' dir='ltr'><strong>Cassiopmn</strong></span> <span class='ocrx_word' id='word_1_614' title='bbox 1804 1881 1853 1909; x_wconf 85' lang='lat' dir='ltr'><strong>Ar.</strong></span> <span class='ocrx_word' id='word_1_615' title='bbox 1879 1898 1906 1902; x_wconf 87' lang='lat'><strong>-</strong></span> <span class='ocrx_word' id='word_1_616' title='bbox 1925 1877 1972 1917; x_wconf 83' lang='lat'><strong>60)</strong></span> <span class='ocrx_word' id='word_1_617' title='bbox 1992 1890 2056 1906; x_wconf 68' lang='lat' dir='ltr'><strong>reru</strong></span> 
     </span>
     <span class='ocr_line' id='line_1_55' title="bbox 1103 1921 2060 1963; baseline -0.006 -7"><span class='ocrx_word' id='word_1_618' title='bbox 1103 1928 1172 1956; x_wconf 79' lang='lat' dir='ltr'><strong>add.</strong></span> <span class='ocrx_word' id='word_1_619' title='bbox 1183 1928 1212 1957; x_wconf 92' lang='lat' dir='ltr'><strong>Z.</strong></span> <span class='ocrx_word' id='word_1_620' title='bbox 1236 1928 1291 1954; x_wconf 87' lang='lat' dir='ltr'><strong>Gu.</strong></span> <span class='ocrx_word' id='word_1_621' title='bbox 1306 1931 1334 1958; x_wconf 79' lang='lat'><strong>2.</strong></span> <span class='ocrx_word' id='word_1_622' title='bbox 1351 1943 1393 1948; x_wconf 91' lang='lat'><strong>-—</strong></span> <span class='ocrx_word' id='word_1_623' title='bbox 1415 1925 1463 1963; x_wconf 82' lang='lat'>61)</span> <span class='ocrx_word' id='word_1_624' title='bbox 1483 1925 1531 1953; x_wconf 86' lang='lat' dir='ltr'><strong>Sic</strong></span> <span class='ocrx_word' id='word_1_625' title='bbox 1554 1926 1610 1954; x_wconf 83' lang='lat' dir='ltr'><strong>Gn.</strong></span> <span class='ocrx_word' id='word_1_626' title='bbox 1622 1927 1648 1955; x_wconf 88' lang='lat'><strong>1.</strong></span> <span class='ocrx_word' id='word_1_627' title='bbox 1664 1927 1745 1955; x_wconf 77' lang='grc'><strong>2.-</strong></span> <span class='ocrx_word' id='word_1_628' title='bbox 1759 1923 1899 1951; x_wconf 64' lang='lat' dir='ltr'><strong>Achaiae</strong></span> <span class='ocrx_word' id='word_1_629' title='bbox 1917 1927 1958 1949; x_wconf 71' lang='lat' dir='ltr'><strong>est</strong></span> <span class='ocrx_word' id='word_1_630' title='bbox 1976 1921 2060 1958; x_wconf 78' lang='lat' dir='ltr'><strong>vulg·</strong></span> 
     </span>
     <span class='ocr_line' id='line_1_56' title="bbox 1102 1964 2055 2010; baseline -0.008 -11"><span class='ocrx_word' id='word_1_631' title='bbox 1102 1987 1143 1992; x_wconf 93' lang='lat'><strong>—</strong></span> <span class='ocrx_word' id='word_1_632' title='bbox 1160 1969 1206 2010; x_wconf 69' lang='lat'>62)</span> <span class='ocrx_word' id='word_1_633' title='bbox 1228 1973 1306 2007; x_wconf 77' lang='lat' dir='ltr'><strong>Aeg.</strong></span> <span class='ocrx_word' id='word_1_634' title='bbox 1322 1975 1349 1996; x_wconf 78' lang='lat' dir='ltr'><strong>et</strong></span> <span class='ocrx_word' id='word_1_635' title='bbox 1366 1969 1427 1997; x_wconf 80' lang='lat' dir='ltr'><strong>Ion.</strong></span> <span class='ocrx_word' id='word_1_636' title='bbox 1450 1968 1505 1998; x_wconf 84' lang='lat' dir='ltr'><strong>Gu.</strong></span> <span class='ocrx_word' id='word_1_637' title='bbox 1528 1970 1557 1998; x_wconf 78' lang='lat'><strong>2.</strong></span> <span class='ocrx_word' id='word_1_638' title='bbox 1581 1982 1623 1987; x_wconf 92' lang='lat'>—</span> <span class='ocrx_word' id='word_1_639' title='bbox 1651 1967 1697 2005; x_wconf 85' lang='lat'><strong>63)</strong></span> <span class='ocrx_word' id='word_1_640' title='bbox 1716 1967 1747 1994; x_wconf 80' lang='grc' dir='ltr'><strong>ίη</strong></span> <span class='ocrx_word' id='word_1_641' title='bbox 1764 1964 1855 1994; x_wconf 62' lang='lat' dir='ltr'><strong>dedit.</strong></span> <span class='ocrx_word' id='word_1_642' title='bbox 1873 1975 1921 1993; x_wconf 73' lang='grc' dir='ltr'><strong>τε.</strong></span> <span class='ocrx_word' id='word_1_643' title='bbox 1946 1980 1988 1986; x_wconf 86' lang='grc'>-</span> <span class='ocrx_word' id='word_1_644' title='bbox 2010 1966 2055 1998; x_wconf 70' lang='lat'>64)</span> 
     </span>
     <span class='ocr_line' id='line_1_57' title="bbox 1102 2006 2057 2045; baseline -0.009 -4"><span class='ocrx_word' id='word_1_645' title='bbox 1102 2014 1288 2041; x_wconf 63' lang='lat' dir='ltr'><strong>&amp;cimorum</strong></span> <span class='ocrx_word' id='word_1_646' title='bbox 1311 2013 1342 2040; x_wconf 85' lang='lat' dir='ltr'><strong>Z.</strong></span> <span class='ocrx_word' id='word_1_647' title='bbox 1364 2022 1409 2040; x_wconf 73' lang='lat' dir='ltr'><strong>va.</strong></span> <span class='ocrx_word' id='word_1_648' title='bbox 1432 2027 1473 2031; x_wconf 91' lang='lat'>—</span> <span class='ocrx_word' id='word_1_649' title='bbox 1504 2011 1552 2045; x_wconf 81' lang='lat'>65)</span> <span class='ocrx_word' id='word_1_650' title='bbox 1577 2009 1649 2038; x_wconf 66' lang='lat' dir='ltr'><strong>dict.</strong></span> <span class='ocrx_word' id='word_1_651' title='bbox 1674 2014 1715 2036; x_wconf 70' lang='lat' dir='ltr'><strong>est</strong></span> <span class='ocrx_word' id='word_1_652' title='bbox 1739 2009 1770 2037; x_wconf 89' lang='lat' dir='ltr'><strong>Z.</strong></span> <span class='ocrx_word' id='word_1_653' title='bbox 1796 2025 1838 2030; x_wconf 93' lang='lat'><strong>—</strong></span> <span class='ocrx_word' id='word_1_654' title='bbox 1876 2006 1924 2045; x_wconf 90' lang='lat'><strong>66)</strong></span> <span class='ocrx_word' id='word_1_655' title='bbox 1939 2007 2057 2044; x_wconf 76' lang='lat' dir='ltr'><strong>flumen</strong></span> 
     </span>
     <span class='ocr_line' id='line_1_58' title="bbox 1104 2048 2057 2093; baseline -0.009 -9"><span class='ocrx_word' id='word_1_656' title='bbox 1104 2056 1161 2084; x_wconf 87' lang='lat' dir='ltr'><strong>Gu.</strong></span> <span class='ocrx_word' id='word_1_657' title='bbox 1186 2058 1214 2086; x_wconf 81' lang='grc'><strong>2.</strong></span> <span class='ocrx_word' id='word_1_658' title='bbox 1240 2071 1281 2076; x_wconf 96' lang='lat'>—</span> <span class='ocrx_word' id='word_1_659' title='bbox 1305 2053 1352 2093; x_wconf 82' lang='lat'>67)</span> <span class='ocrx_word' id='word_1_660' title='bbox 1368 2054 1501 2081; x_wconf 65' lang='lat' dir='ltr'><strong>Abeston</strong></span> <span class='ocrx_word' id='word_1_661' title='bbox 1515 2053 1546 2080; x_wconf 89' lang='grc' dir='ltr'><strong>Ζ.</strong></span> <span class='ocrx_word' id='word_1_662' title='bbox 1573 2052 1628 2080; x_wconf 90' lang='lat' dir='ltr'><strong>Gu.</strong></span> <span class='ocrx_word' id='word_1_663' title='bbox 1645 2054 1674 2082; x_wconf 83' lang='lat'><strong>2.</strong></span> <span class='ocrx_word' id='word_1_664' title='bbox 1694 2061 1741 2081; x_wconf 85' lang='lat' dir='ltr'><strong>va.</strong></span> <span class='ocrx_word' id='word_1_665' title='bbox 1761 2067 1803 2073; x_wconf 89' lang='lat'>—</span> <span class='ocrx_word' id='word_1_666' title='bbox 1834 2052 1881 2085; x_wconf 83' lang='lat'><strong>68)</strong></span> <span class='ocrx_word' id='word_1_667' title='bbox 1901 2048 2057 2078; x_wconf 61' lang='lat' dir='ltr'><strong>Lacedae-</strong></span> 
     </span>
     <span class='ocr_line' id='line_1_59' title="bbox 1103 2092 2055 2133; baseline -0.008 -7"><span class='ocrx_word' id='word_1_668' title='bbox 1103 2099 1207 2126; x_wconf 80' lang='lat' dir='ltr'><strong>monia</strong></span> <span class='ocrx_word' id='word_1_669' title='bbox 1225 2096 1329 2125; x_wconf 83' lang='lat' dir='ltr'><strong>addidi</strong></span> <span class='ocrx_word' id='word_1_670' title='bbox 1347 2107 1361 2126; x_wconf 87' lang='lat' dir='ltr'><strong>e</strong></span> <span class='ocrx_word' id='word_1_671' title='bbox 1377 2098 1407 2125; x_wconf 91' lang='lat' dir='ltr'><strong>Z.</strong></span> <span class='ocrx_word' id='word_1_672' title='bbox 1421 2096 1474 2124; x_wconf 76' lang='grc' dir='ltr'><strong>(ἰί).</strong></span> <span class='ocrx_word' id='word_1_673' title='bbox 1486 2098 1514 2127; x_wconf 94' lang='grc'><strong>1.</strong></span> <span class='ocrx_word' id='word_1_674' title='bbox 1525 2096 1553 2125; x_wconf 77' lang='lat'><strong>2.</strong></span> <span class='ocrx_word' id='word_1_675' title='bbox 1572 2094 1631 2130; x_wconf 69' lang='lat' dir='ltr'><strong>An,</strong></span> <span class='ocrx_word' id='word_1_676' title='bbox 1648 2094 1698 2133; x_wconf 88' lang='lat' dir='ltr'><strong>qui</strong></span> <span class='ocrx_word' id='word_1_677' title='bbox 1712 2098 1794 2122; x_wconf 82' lang='lat' dir='ltr'><strong>recte</strong></span> <span class='ocrx_word' id='word_1_678' title='bbox 1807 2093 1927 2121; x_wconf 78' lang='lat' dir='ltr'><strong>lacunae</strong></span> <span class='ocrx_word' id='word_1_679' title='bbox 1943 2092 2055 2127; x_wconf 71' lang='lat' dir='ltr'><strong>signum</strong></span> 
     </span>
     <span class='ocr_line' id='line_1_60' title="bbox 1102 2134 2055 2179; baseline -0.008 -10"><span class='ocrx_word' id='word_1_680' title='bbox 1102 2141 1214 2179; x_wconf 84' lang='lat' dir='ltr'><strong>posuit.</strong></span> <span class='ocrx_word' id='word_1_681' title='bbox 1240 2156 1279 2161; x_wconf 91' lang='lat'><strong>—</strong></span> <span class='ocrx_word' id='word_1_682' title='bbox 1304 2138 1352 2178; x_wconf 76' lang='lat'>69)</span> <span class='ocrx_word' id='word_1_683' title='bbox 1369 2139 1516 2166; x_wconf 55' lang='lat' dir='ltr'><strong>penninis</strong></span> <span class='ocrx_word' id='word_1_684' title='bbox 1536 2138 1567 2165; x_wconf 92' lang='lat' dir='ltr'><strong>Z.</strong></span> <span class='ocrx_word' id='word_1_685' title='bbox 1588 2137 1638 2165; x_wconf 87' lang='lat' dir='ltr'><strong>Ar.</strong></span> <span class='ocrx_word' id='word_1_686' title='bbox 1661 2153 1703 2159; x_wconf 93' lang='lat'>—</span> <span class='ocrx_word' id='word_1_687' title='bbox 1733 2134 1783 2176; x_wconf 80' lang='lat'>70)</span> <span class='ocrx_word' id='word_1_688' title='bbox 1801 2136 1839 2164; x_wconf 79' lang='lat' dir='ltr'><strong>ab</strong></span> <span class='ocrx_word' id='word_1_689' title='bbox 1865 2136 1954 2163; x_wconf 71' lang='lat' dir='ltr'><strong>Italis</strong></span> <span class='ocrx_word' id='word_1_690' title='bbox 1969 2135 1998 2161; x_wconf 92' lang='lat' dir='ltr'><strong>Z.</strong></span> <span class='ocrx_word' id='word_1_691' title='bbox 2015 2147 2055 2153; x_wconf 83' lang='lat'><strong>-—</strong></span> 
     </span>
     <span class='ocr_line' id='line_1_61' title="bbox 1102 2175 2051 2222; baseline -0.009 -11"><span class='ocrx_word' id='word_1_692' title='bbox 1102 2182 1149 2222; x_wconf 84' lang='lat'>71)</span> <span class='ocrx_word' id='word_1_693' title='bbox 1162 2182 1408 2211; x_wconf 77' lang='lat' dir='ltr'><strong>Lacedaemonia</strong></span> <span class='ocrx_word' id='word_1_694' title='bbox 1419 2181 1486 2210; x_wconf 79' lang='lat' dir='ltr'><strong>add.</strong></span> <span class='ocrx_word' id='word_1_695' title='bbox 1502 2191 1547 2209; x_wconf 75' lang='lat' dir='ltr'><strong>va.</strong></span> <span class='ocrx_word' id='word_1_696' title='bbox 1568 2197 1609 2201; x_wconf 95' lang='lat'><strong>-—</strong></span> <span class='ocrx_word' id='word_1_697' title='bbox 1627 2178 1673 2219; x_wconf 64' lang='lat'>72)</span> <span class='ocrx_word' id='word_1_698' title='bbox 1690 2181 1755 2208; x_wconf 49' lang='lat' dir='ltr'><strong>siro</strong></span> <span class='ocrx_word' id='word_1_699' title='bbox 1773 2179 1823 2208; x_wconf 88' lang='lat' dir='ltr'><strong>Ar.</strong></span> <span class='ocrx_word' id='word_1_700' title='bbox 1838 2194 1880 2199; x_wconf 89' lang='lat'><strong>—-</strong></span> <span class='ocrx_word' id='word_1_701' title='bbox 1902 2178 1949 2213; x_wconf 81' lang='lat'><strong>73)</strong></span> <span class='ocrx_word' id='word_1_702' title='bbox 1959 2177 2005 2203; x_wconf 80' lang='lat' dir='ltr'><strong>Sic</strong></span> <span class='ocrx_word' id='word_1_703' title='bbox 2022 2175 2051 2202; x_wconf 89' lang='lat' dir='ltr'><strong>Z.</strong></span> 
     </span>
     <span class='ocr_line' id='line_1_62' title="bbox 1103 2217 2052 2261; baseline -0.008 -8"><span class='ocrx_word' id='word_1_704' title='bbox 1103 2226 1159 2255; x_wconf 91' lang='lat' dir='ltr'><strong>Gu.</strong></span> <span class='ocrx_word' id='word_1_705' title='bbox 1186 2228 1213 2257; x_wconf 84' lang='grc'><strong>1.</strong></span> <span class='ocrx_word' id='word_1_706' title='bbox 1237 2228 1265 2256; x_wconf 82' lang='grc'><strong>2.</strong></span> <span class='ocrx_word' id='word_1_707' title='bbox 1283 2235 1327 2253; x_wconf 83' lang='lat' dir='ltr'><strong>va.</strong></span> <span class='ocrx_word' id='word_1_708' title='bbox 1351 2225 1401 2254; x_wconf 85' lang='lat' dir='ltr'><strong>Ar.</strong></span> <span class='ocrx_word' id='word_1_709' title='bbox 1417 2240 1459 2245; x_wconf 94' lang='lat'><strong>--</strong></span> <span class='ocrx_word' id='word_1_710' title='bbox 1478 2221 1578 2251; x_wconf 61' lang='lat' dir='ltr'><strong>solida</strong></span> <span class='ocrx_word' id='word_1_711' title='bbox 1598 2222 1680 2260; x_wconf 78' lang='lat' dir='ltr'><strong>vulg.</strong></span> <span class='ocrx_word' id='word_1_712' title='bbox 1705 2239 1745 2245; x_wconf 54' lang='grc' dir='ltr'><strong>-ο-</strong></span> <span class='ocrx_word' id='word_1_713' title='bbox 1771 2219 1817 2261; x_wconf 76' lang='grc'><strong>74)</strong></span> <span class='ocrx_word' id='word_1_714' title='bbox 1840 2220 1888 2248; x_wconf 88' lang='lat' dir='ltr'><strong>Sic</strong></span> <span class='ocrx_word' id='word_1_715' title='bbox 1911 2219 1964 2246; x_wconf 85' lang='lat' dir='ltr'><strong>Gu.</strong></span> <span class='ocrx_word' id='word_1_716' title='bbox 1985 2217 2052 2245; x_wconf 83' lang='lat'><strong>1.2.</strong></span> 
     </span>
     <span class='ocr_line' id='line_1_63' title="bbox 1103 2255 2050 2307; baseline -0.015 -11"><span class='ocrx_word' id='word_1_717' title='bbox 1103 2267 1137 2307; x_wconf 84' lang='grc' dir='ltr'><strong>(α</strong></span> <span class='ocrx_word' id='word_1_718' title='bbox 1158 2278 1215 2298; x_wconf 87' lang='lat' dir='ltr'><strong>om.</strong></span> <span class='ocrx_word' id='word_1_719' title='bbox 1231 2278 1297 2296; x_wconf 87' lang='lat' dir='ltr'><strong>cum</strong></span> <span class='ocrx_word' id='word_1_720' title='bbox 1316 2268 1381 2304; x_wconf 85' lang='lat' dir='ltr'><strong>va.)</strong></span> <span class='ocrx_word' id='word_1_721' title='bbox 1400 2277 1446 2306; x_wconf 88' lang='lat' dir='ltr'><strong>pr.</strong></span> <span class='ocrx_word' id='word_1_722' title='bbox 1470 2276 1516 2295; x_wconf 83' lang='lat' dir='ltr'><strong>va.</strong></span> <span class='ocrx_word' id='word_1_723' title='bbox 1534 2281 1576 2286; x_wconf 91' lang='lat'>—</span> <span class='ocrx_word' id='word_1_724' title='bbox 1591 2265 1675 2303; x_wconf 64' lang='lat' dir='ltr'><strong>flur.</strong></span> <span class='ocrx_word' id='word_1_725' title='bbox 1694 2264 1803 2293; x_wconf 76' lang='lat' dir='ltr'><strong>Drabo</strong></span> <span class='ocrx_word' id='word_1_726' title='bbox 1826 2261 1959 2297; x_wconf 71' lang='lat' dir='ltr'><strong>Sahoque</strong></span> <span class='ocrx_word' id='word_1_727' title='bbox 1972 2255 2050 2303; x_wconf 64' lang='lat' dir='ltr'><strong>vulg.</strong></span> 
     </span>
     <span class='ocr_line' id='line_1_64' title="bbox 1101 2300 2049 2351; baseline -0.006 -13"><span class='ocrx_word' id='word_1_728' title='bbox 1101 2327 1143 2332; x_wconf 91' lang='lat'>—</span> <span class='ocrx_word' id='word_1_729' title='bbox 1164 2309 1213 2351; x_wconf 78' lang='lat'>75)</span> <span class='ocrx_word' id='word_1_730' title='bbox 1236 2311 1471 2348; x_wconf 75' lang='lat' dir='ltr'><strong>Coniunguntur</strong></span> <span class='ocrx_word' id='word_1_731' title='bbox 1492 2327 1531 2331; x_wconf 94' lang='lat'><strong>—</strong></span> <span class='ocrx_word' id='word_1_732' title='bbox 1555 2307 1698 2336; x_wconf 70' lang='lat' dir='ltr'><strong>hahentes</strong></span> <span class='ocrx_word' id='word_1_733' title='bbox 1720 2307 1777 2336; x_wconf 92' lang='lat' dir='ltr'><strong>Gu.</strong></span> <span class='ocrx_word' id='word_1_734' title='bbox 1803 2308 1827 2335; x_wconf 92' lang='lat' dir='ltr'><strong>l·</strong></span> <span class='ocrx_word' id='word_1_735' title='bbox 1858 2318 1897 2323; x_wconf 76' lang='grc'><strong>-’</strong></span> <span class='ocrx_word' id='word_1_736' title='bbox 1930 2302 1973 2333; x_wconf 78' lang='grc'><strong>76)</strong></span> <span class='ocrx_word' id='word_1_737' title='bbox 2002 2300 2049 2326; x_wconf 75' lang='lat'><strong>5¹0</strong></span> 
     </span>
     <span class='ocr_line' id='line_1_65' title="bbox 1103 2347 2050 2388; baseline -0.008 -8"><span class='ocrx_word' id='word_1_738' title='bbox 1103 2353 1160 2382; x_wconf 83' lang='lat' dir='ltr'><strong>Gu.</strong></span> <span class='ocrx_word' id='word_1_739' title='bbox 1178 2356 1205 2383; x_wconf 86' lang='lat'><strong>1.</strong></span> <span class='ocrx_word' id='word_1_740' title='bbox 1228 2355 1278 2382; x_wconf 81' lang='lat' dir='ltr'><strong>Ar.</strong></span> <span class='ocrx_word' id='word_1_741' title='bbox 1301 2368 1342 2375; x_wconf 96' lang='lat'>—</span> <span class='ocrx_word' id='word_1_742' title='bbox 1364 2353 1492 2381; x_wconf 66' lang='lat' dir='ltr'><strong>Ali-siam</strong></span> <span class='ocrx_word' id='word_1_743' title='bbox 1513 2350 1594 2388; x_wconf 87' lang='lat' dir='ltr'><strong>vulg.</strong></span> <span class='ocrx_word' id='word_1_744' title='bbox 1616 2366 1659 2372; x_wconf 93' lang='grc'><strong>-</strong></span> <span class='ocrx_word' id='word_1_745' title='bbox 1681 2351 1728 2386; x_wconf 89' lang='lat'><strong>77)</strong></span> <span class='ocrx_word' id='word_1_746' title='bbox 1752 2349 1817 2386; x_wconf 72' lang='lat' dir='ltr'><strong>lpse</strong></span> <span class='ocrx_word' id='word_1_747' title='bbox 1839 2349 1879 2371; x_wconf 67' lang='lat' dir='ltr'><strong>es!</strong></span> <span class='ocrx_word' id='word_1_748' title='bbox 1902 2347 1927 2369; x_wconf 64' lang='lat' dir='ltr'><strong>ct</strong></span> <span class='ocrx_word' id='word_1_749' title='bbox 1951 2351 2050 2369; x_wconf 73' lang='lat' dir='ltr'><strong>va·—</strong></span> 
     </span>
     <span class='ocr_line' id='line_1_66' title="bbox 1102 2395 1413 2429; baseline 0.01 -6"><span class='ocrx_word' id='word_1_750' title='bbox 1102 2399 1146 2429; x_wconf 81' lang='lat'>78)</span> <span class='ocrx_word' id='word_1_751' title='bbox 1171 2396 1341 2424; x_wconf 70' lang='lat' dir='ltr'><strong>Saturnius</strong></span> <span class='ocrx_word' id='word_1_752' title='bbox 1363 2395 1413 2426; x_wconf 83' lang='lat' dir='ltr'><strong>Ar.</strong></span> 
     </span>
     <span class='ocr_line' id='line_1_67' title="bbox 1492 2434 1649 2469; baseline -0.013 0"><span class='ocrx_word' id='word_1_753' title='bbox 1492 2436 1523 2469; x_wconf 86' lang='lat' dir='ltr'><strong>K</strong></span> <span class='ocrx_word' id='word_1_754' title='bbox 1543 2434 1565 2468; x_wconf 85' lang='lat' dir='ltr'>k</span> <span class='ocrx_word' id='word_1_755' title='bbox 1586 2435 1608 2467; x_wconf 87' lang='lat' dir='ltr'><strong>k</strong></span> <span class='ocrx_word' id='word_1_756' title='bbox 1632 2436 1649 2456; x_wconf 92' lang='lat'>*</span> 
     </span>
    </p>
   </div>
  </div>
 </body>
</html>
