2264 2830
806 122 1051 158 ORIGINUM
1086 123 1231 157 LIBER
1254 124 1309 157 Vl.

561 217 589 250 C
615 218 645 250 A
673 218 710 250 1‘.
764 218 871 253 XVII.

1961 125 2032 159 201

951 218 1021 251 Dc
1075 219 1224 262 cyclo
1278 218 1560 252 Paschali.

259 286 286 317 I.
340 286 539 318 l'usclialem
573 286 704 329 cyclum
742 287 937 331 IIippolitus
970 287 1159 330 Episcopus
1192 288 1398 330 temporibus
1433 287 1613 320 Alexandri
1657 287 1870 331 Imperatoris
1910 288 2036 332 primus

87 337 294 380 conscripsit.
349 338 428 369 Post
455 349 553 380 quem
589 338 809 382 probatissimi
844 345 995 373 auctores

1042 338 1203 371 Eusebius
1243 339 1480 379 Caesarien-is,
1523 338 1742 384 Theophilus
1784 339 2036 382 Alexandrinus,

87 390 235 432 Prosper
269 400 404 431 quoque
439 390 571 421 natione
607 391 789 432 Aquitanus
820 396 918 434 utque
957 387 1155 424 victorius-²¹²
1191 391 1400 434 arnplilicatis
1443 391 1591 423 eiusdem
1632 391 1812 424 festivitatis
1847 391 2037 433 rationibus,

87 441 290 484 multiplices
317 440 459 473 circulos
487 441 672 475 ediderunt.

254 500 286 532 2.
341 500 441 533 Cuius
468 501 602 543 quidem
632 503 792 534 rationem
823 501 1026 534 beatissimus
1055 501 1198 545 Cyrillus
1231 499 1490 535 Alexandriaeffl
1518 502 1706 546 Episcopus
1741 503 1773 534 in
1808 502 1903 536 XCV
1934 513 2037 535 annos

86 562 149 595 per
175 551 348 595 quinquies
375 551 492 584 decem
522 554 633 585 noxie..-
660 551 861 587 calculans³³⁰

91 603 173 636 nitas
201 603 379 643 celebrari,
408 615 536 636 summa
563 606 721 637 brevitate
750 606 883 639 notavit.

253 654 285 687 3.
342 654 464 698 Cyclus
481 653 499 672 ¹¹

863 578 872 594 ‚
900 559 1004 597 quoto
1032 554 1248 587 kalendarum
1276 551 1376 595 diem,
1403 553 1456 586 vel
1485 553 1561 586 luna
1589 554 1711 587 debeat
1737 554 1905 599 paschalis
1926 555 2037 587 solen-

528 663 636 689 autem
662 665 808 696 vocatus,
837 652 912 688 (Ᾰο12
940 656 1032 699 quod
1060 657 1092 688 in
1121 652 1273 688 orbem⁴³
1295 656 1442 700 digestus
1454 651 1478 672 ⁴⁴
1503 656 1554 696 sit,
1581 661 1614 688 et
1640 657 1733 700 quasi
1756 658 1789 689 in
1816 657 1942 691 circulo
1969 657 2037 690 dis-

86 705 232 749 positum
245 703 269 723 ⁴⁵
296 707 447 740 ordinem
477 706 757 752 c‹›mplectatur⁴⁰
783 720 945 741 annorum
973 709 1040 741 sine
1067 709 1224 741 varietate
1236 704 1259 724 '¹⁷
1287 714 1318 740 et
1345 708 1413 740 sine
1440 707 1509 740 ulla
1536 713 1616 742 arte.

252 766 285 798 ⁴.
340 765 480 800 Uruk-:⁴⁸
507 769 630 802 sactum
660 776 725 809 est,
760 774 794 801 ut
825 769 984 812 cuiusque
997 766 1022 785 ⁴¹³
1050 769 1206 801 materiae
1239 768 1386 801 carmina
1419 767 1559 811 simplici
1594 768 1760 800 formitate
1795 767 1884 801 facta
1912 769 2038 813 cyclica

89 822 299 851 vocarentur.

249 876 283 911 5.
339 879 468 912 Primus
497 881 609 924 cyclus
637 882 764 915 Decem
795 880 964 913 novenalis
976 877 1009 915 ¹³².

859 941 975 973 Lunae
989 936 1023 973 ⁵⁷.

493 992 532 1026 Il.
575 993 651 1025 Iilus
697 988 838 1036 Aprilffi.
865 992 939 1024 XX.

700 1043 807 1087 April.
869 1044 960 1077 xvi.

113 984 178 1020 Bm.
195 987 280 1021 Com
294 985 328 1023 ⁵⁴.

371 1002 410 1022 an
423 987 455 1024 ⁵³.

192 1039 229 1072 C.
255 1041 309 1073 vl.
337 1041 402 1074 kal.

113 1090 282 1126 Enrxvl.
310 1094 374 1126 kal.
698 1095 781 1127 Maii
870 1095 976 1128 XVII.

193 1143 231 1176 C.
257 1144 311 1178 vl.
339 1145 418 1178 Idus
698 1147 806 1190 April.
867 1147 941 1180 XX.

114 1193 153 1226 B.
190 1195 228 1229 C.
253 1196 309 1228 IX.
338 1196 403 1228 kal.
694 1199 802 1242 April.
867 1199 940 1231 XV.

190 1247 231 1279 Ε.
260 1247 298 1280 II.
328 1247 405 1280 Idus
700 1250 807 1292 April.
868 1249 959 1283 xil.

192 1298 230 1331 C.
253 1299 293 1333 ll.
321 1300 407 1331 Non.
699 1300 807 1343 April.
866 1300 958 1334 XIX.

192 1349 231 1381 E.
260 1350 351 1382 vul.
378 1350 443 1382 kal.
708 1351 791 1383 Maii
868 1351 941 1383 XX.

118 1401 155 1434 Β.
191 1400 230 1433 C.
259 1402 299 1433 V.
329 1401 406 1434 Idus
698 1403 806 1446 April.
869 1402 941 1435 XV.

195 1451 233 1487 C.
265 1453 307 1486 II.
335 1453 399 1485 kal.
701 1454 809 1497 April.
871 1454 991 1488 XVIII.

193 1503 233 1536 E.
261 1504 334 1538 XII.
361 1504 426 1537 kal.
709 1505 792 1537 Maii
873 1505 963 1539 xlx.

194 1554 232 1588 C.
262 1556 346 1590 Non.
701 1557 810 1600 April.
872 1557 943 1590 XV.

118 1606 156 1640 B.
191 1604 229 1639 C.
259 1607 297 1641 Y.
326 1607 392 1639 kal.
703 1608 811 1651 April.
872 1607 979 1640 Xvn.

191 1657 232 1690 E.
253 1658 342 1691 xx‘l.
370 1657 434 1690 kal.
705 1659 788 1692 Maii
874 1659 993 1692 xvul.

92 1767 122 1795 in
147 1767 204 1795 Cu.
219 1770 246 1799 2.
263 1778 307 1806 pr.
328 1768 498 1794 consilium.
516 1785 558 1791 —
580 1767 628 1808 ΒΞ)
646 1768 731 1805 Vulg.
750 1767 786 1796 id
807 1773 849 1796 est
873 1767 1045 1803 consilimn,

93 1810 145 1838 sed
169 1808 204 1836 id
225 1816 267 1837 est
294 1821 350 1838 om.
375 1812 431 1838 Gu.
451 1812 475 1840 1.
494 1813 521 1841 2.
545 1811 593 1839 Ar.
617 1828 650 1832 —
673 1814 718 1849 33)
743 1811 790 1839 Sic
816 1811 872 1839 Gu.
896 1813 923 1842 1.
947 1813 976 1841 2.
999 1820 1044 1847 pr-

92 1863 140 1883 να.
165 1852 251 1890 Vulg.
272 1863 294 1880 s.
318 1868 358 1874 —-
381 1851 428 1892 34)
453 1863 472 1879 a
496 1853 597 1882 addidi
622 1865 636 1883 e
661 1855 717 1883 Cu.
736 1856 761 1884 1.
791 1871 825 1875 —
851 1850 898 1892 35)
922 1853 970 1880 Sic
989 1853 1045 1880 Gu.

96 1899 122 1926 1.
141 1910 178 1915 ——
195 1900 356 1923 conventus
379 1900 421 1922 est
443 1903 638 1935 nuncupatus
660 1897 741 1934 vulg.
759 1912 797 1917 —-
821 1897 869 1932 36)
886 1895 933 1923 Sic
957 1895 1045 1923 Arev.

95 1938 152 1966 Gu.
178 1940 202 1968 1.
243 1943 404 1965 conventus
434 1938 480 1965 rel
508 1940 614 1969 concil.
636 1944 691 1968 etc.
732 1955 767 1960 —
810 1939 896 1976 Vulg.
923 1939 1003 1965 sicut
1027 1949 1046 1965 ιι

94 1985 243 2008 conventu
266 1985 366 2008 coetu-5
388 1980 436 2007 vel
457 1991 537 2009 conc.
591 1983 645 2010 Pro
670 1982 717 2010 vel
746 1982 851 2011 concil.
879 1981 918 2009 al.
945 1981 991 2007 ita
1020 1986 1046 2007 et

95 2023 201 2051 concil.
228 2040 261 2044 --
289 2024 337 2060 37)
358 2023 404 2050 Sic
427 2023 475 2053 Ar.
497 2034 511 2052 e
535 2025 614 2053 Beda
638 2025 689 2053 lib.
711 2024 760 2054 VI.
780 2024 882 2052 derat.
907 2027 995 2061 temp.
1021 2033 1046 2051 e.

95 2066 144 2098 48.
168 2070 196 2094 et
219 2065 391 2099 Gennadi0‚
431 2071 457 2094 et
480 2068 628 2095 vetustiss.
660 2067 767 2095 Isidori
796 2067 880 2095 libris
903 2066 1046 2093 Salmant.

96 2113 124 2138 et
150 2108 300 2146 Complut.
323 2124 365 2128 —
387 2110 432 2141 38)
457 2109 504 2136 Sic
521 2109 575 2138 Gu.
595 2113 620 2140 1.
644 2109 714 2138 edit.
736 2109 827 2138 Goth.
849 2125 887 2130 —
914 2109 1047 2136 Alexan-

95 2150 203 2179 drinae
225 2150 312 2178 urbis
328 2150 407 2188 vulg.
434 2167 469 2171 --
495 2151 565 2179 Voc.
590 2152 675 2180 urbis
698 2163 754 2182 om.
776 2153 832 2180 Gu.
854 2154 878 2182 1.
893 2168 928 2173 —
942 2151 1046 2178 beatus

94 2205 151 2234 pro
175 2193 370 2221 beatiss-imus
392 2202 436 2221 va.
461 2209 501 2215 —
537 2192 584 2233 39)
610 2195 775 2222 calculans
798 2195 835 2222 al.
860 2211 901 2216 —
932 2196 976 2228 40)
997 2194 1045 2221 Sic

95 2236 284 2267 scribendum
309 2245 371 2264 esse
400 2235 486 2264 docet
513 2236 569 2264 Gu.
596 2239 638 2272 1.,
677 2238 727 2275 qui
751 2237 873 2266 exhibet
899 2236 1046 2271 kalmclie,

96 2285 125 2308 et
148 2284 192 2308 est
213 2278 286 2307 haec
310 2289 370 2306 var.
393 2278 461 2306 lect.
485 2289 531 2317 ap.
555 2278 643 2307 Goth.
666 2284 695 2307 et
718 2284 750 2308 ut
772 2290 842 2316 nos,
866 2280 906 2307 ita
932 2279 1044 2308 Concil.

96 2322 215 2351 Bracar.
237 2321 274 2350 II.
302 2331 327 2351 c,
350 2322 377 2351 9.
400 2336 441 2341 -
467 2321 515 2358 41)
549 2321 670 2358 (belum
689 2342 697 2350 .
712 2343 719 2350 .
737 2344 743 2350 .
773 2328 914 2350 vocatum
939 2323 993 2349 Gu.
1015 2324 1043 2353 2.

96 2383 138 2388 -
159 2364 207 2401 42)
228 2374 258 2391 eo
282 2373 337 2391 om.
362 2373 408 2391 va.
432 2380 470 2383 —
494 2364 539 2401 43)
561 2364 608 2392 Sic
632 2364 688 2393 Gu.
714 2366 739 2395 1.
761 2366 809 2394 Ar.
826 2381 868 2386 —-
885 2364 952 2392 orbe
965 2364 1044 2401 vulg.

96 2424 138 2432 .-
159 2406 205 2445 44)
220 2405 371 2444 digestum
395 2406 450 2434 Gu.
464 2407 492 2436 2.
513 2421 553 2428 -—
576 2405 786 2445 115)ι)]ι”.ς])ο.ςι”ιο
810 2407 866 2437 Gu.
888 2410 912 2438 1.
935 2423 975 2428 —
998 2404 1045 2445 46)

137 2458 304 2485 GRAMMAT.
325 2467 391 2486 LAT.
406 2456 455 2485 III.

356 819 444 851 llin(¹
473 826 504 852 et
530 821 725 854 laterculum
741 817 765 837 ⁵⁴¹
793 820 938 861 dictum,
973 821 1066 863 quod
1094 821 1243 853 ordinem
1272 820 1381 852 habea

1384 815 1433 851 t5¹
1462 824 1597 852 stratum
1626 830 1797 852 annorum.

1191 939 1228 973 C.
1259 940 1315 975 vl.
1344 940 1423 973 Idus
1701 938 1809 983 April.
1867 939 1955 971 XXI.

1190 991 1228 1024 C.
1258 992 1313 1024 IX.
1342 992 1408 1026 kal.
1704 990 1812 1034 April.
1871 990 1976 1023 XVII.

1114 1043 1152 1075 B.
1189 1044 1229 1076 E.
1257 1044 1313 1078 XI.
1345 1044 1421 1077 Idus
1703 1042 1811 1086 April.
1872 1041 1979 1075 xvll.

1191 1095 1231 1128 C.
1258 1096 1299 1129 II.
1328 1096 1413 1128 Non.
1699 1093 1807 1138 April.
1868 1093 1940 1126 XX.

1190 1147 1231 1181 E.
1260 1147 1350 1181 vm.
1379 1148 1444 1180 kal.
1705 1145 1789 1178 Maii
1870 1145 1959 1178 XXI.

1254 1248 1288 1281 6.
1342 1248 1517 1282 Secundus·
1545 1247 1656 1290 cyclus
1684 1247 1791 1279 lunae.

1867 1297 1992 1329 Lunae.

1192 1349 1230 1382 C.
1258 1350 1297 1382 V.
1334 1350 1412 1382 Idus
1705 1347 1812 1391 April.
1872 1348 1993 1382 XVIII.

1192 1401 1231 1434 Β.
1269 1401 1307 1433 II.
1337 1401 1404 1435 kal.
1706 1399 1812 1443 April.
1871 1399 1943 1433 XX.

1190 1453 1230 1485 E.
1256 1453 1328 1484 XII.
1353 1453 1419 1485 kal.
1705 1450 1790 1483 Maii
1875 1450 1966 1484 XXI.

1193 1503 1231 1536 C.
1260 1504 1346 1536 Non.
1704 1501 1813 1545 April.
1873 1501 1980 1534 XVII.

1193 1554 1231 1587 C.
1260 1555 1300 1587 V.
1328 1555 1394 1586 kal.
1704 1552 1812 1596 April.
1872 1552 1944 1585 XX.

1116 1607 1154 1639 B.
1191 1607 1231 1639 E.
1260 1606 1351 1640 XVI.
1379 1605 1444 1638 kal.
1703 1604 1788 1636 Maii
1871 1604 1945 1638 XX.

1193 1657 1233 1692 C.
1262 1658 1327 1691 kal.
1708 1655 1816 1700 April.
1879 1655 1967 1689 XVI.

1090 1767 1299 1805 complectitur
1323 1767 1380 1795 Gu.
1405 1768 1435 1797 2.
1456 1764 1492 1792 al.
1520 1780 1552 1784 -
1580 1761 1628 1802 47)
1646 1766 1770 1792 veritate
1793 1765 1829 1793 al.
1849 1780 1890 1786 ——-
1911 1766 1943 1792 in
1968 1765 2047 1791 veri-

1090 1815 1151 1837 tate
1177 1810 1213 1838 al.
1235 1827 1277 1832 —
1307 1809 1352 1847 45)
1378 1814 1403 1836 et
1428 1807 1495 1835 add.
1519 1806 1574 1834 Gu.
1598 1808 1626 1837 2.
1649 1817 1694 1836 va.
1719 1824 1761 1828 —
1788 1808 1837 1845 49)
1860 1809 1969 1846 cuique
1992 1807 2046 1835 Gu.

1093 1856 1118 1883 1.
1136 1855 1164 1883 2-
1181 1869 1218 1874 -
1244 1851 1291 1891 50)
1303 1853 1398 1879 latine
1410 1849 1558 1878 circulum
1574 1847 1690 1878 ‹lzctum
1711 1850 1750 1878 al.
1764 1867 1805 1871 -
1821 1850 1916 1878 latine
1933 1861 1960 1888 c)
1969 1850 2048 1877 clum

1090 1895 1207 1923 dictum
1231 1905 1293 1924 var.
1319 1896 1387 1923 lect.
1418 1904 1465 1931 ap.
1498 1891 1586 1920 Goth.
1614 1892 1652 1921 al.
1689 1893 1750 1921 late
1778 1893 1892 1930 ciclum
1921 1892 2045 1920 dictum.

1089 1954 1129 1960 .-.
1153 1937 1199 1977 51)
1234 1938 1282 1965 Sic
1307 1938 1362 1967 (ju,
1392 1939 1417 1966 1,
1437 1938 1466 1966 2.
1490 1944 1536 1973 pr.
1568 1934 1617 1962 Ar.
1641 1935 1712 1964 edit.
1739 1934 1829 1965 Goth.
1850 1952 1891 1957 —-
1917 1935 2046 1963 habeant

1089 1980 1169 2018 vulg.
1186 1998 1220 2002 —-
1245 1979 1293 2019 52)
1312 1981 1375 2007 Om.
1394 1978 1514 2007 tilulum
1532 1977 1589 2005 Gu.
1608 1981 1635 2009 1.
1651 1994 1694 2000 —
1713 1980 1842 2006 Primus
1858 1978 1959 2016 cyclus
1972 1979 2045 2003 lana

1091 2023 1146 2051 Gu.
1163 2026 1191 2054 2.
1214 2039 1255 2045 —-
1280 2020 1327 2062 53)
1350 2022 1477 2050 Literam
1497 2022 1536 2048 B.
1559 2030 1615 2050 om.
1637 2020 1749 2059 ubique
1772 2022 1830 2050 Gu.
1850 2024 1876 2052 1.
1897 2025 1924 2049 et
1941 2029 1984 2047 va.
2005 2034 2041 2039 —

1089 2069 1133 2099 54)
1157 2067 1213 2094 Gu.
1232 2068 1258 2096 1.
1274 2065 1388 2103 ubique
1412 2065 1524 2101 integre
1551 2063 1735 2092 Communis.
1758 2080 1800 2085 —
1828 2061 1876 2095 55)
1895 2071 1965 2091 αηη.
1984 2071 2041 2090 0111.

1091 2108 1147 2136 Gu.
1173 2111 1197 2139 1.
1214 2111 1242 2139 2.
1261 2118 1308 2136 va.
1332 2124 1374 2129 --
1396 2106 1442 2145 56)
1466 2106 1589 2144 Aprilis
1610 2106 1724 2144 integre
1746 2111 1862 2141 semper
1887 2103 1941 2131 Gu.
1962 2105 1986 2132 1.
2003 2118 2041 2123 —-

1088 2153 1136 2186 57)
1161 2152 1254 2179 Luna
1278 2150 1389 2189 ubique
1414 2150 1469 2177 Gu.
1488 2152 1513 2179 1.
1535 2151 1563 2179 2.
1584 2165 1625 2169 —
1650 2150 1736 2177 Arev.
1761 2144 1798 2173 ab
1820 2145 1905 2174 initio
1927 2149 2039 2174 tantum

1091 2193 1235 2231 cuiusque
1259 2193 1345 2232 cycli.
1392 2193 1475 2228 Quae
1499 2196 1596 2219 autem
1621 2191 1708 2220 codd.
1736 2192 1765 2216 et
1788 2187 1869 2216 edjtt.
1885 2188 1922 2216 sit
1945 2188 2038 2215 varie-

1088 2240 1133 2264 tas
1157 2247 1249 2274 quum
1272 2236 1379 2264 melius
1401 2234 1518 2263 ostendi
1534 2233 1627 2272 possit
1649 2230 1786 2259 omnibus
1809 2231 1838 2258 in
1859 2240 1918 2258 una
1939 2228 2036 2257 tabula

1089 2279 1209 2316 positis,
1253 2279 1394 2317 quoniam
1424 2278 1464 2306 ita
1496 2276 1686 2303 vehementer
1715 2273 1903 2311 discrepant,
1932 2276 1964 2300 ut
1986 2271 2036 2298 vix

1089 2321 1148 2349 dici
1171 2321 1282 2360 possit,
1305 2321 1377 2359 quid
1400 2329 1456 2358 pro
1479 2328 1537 2356 qno
1561 2316 1727 2355 reperiatur
1746 2316 1891 2355 positum,
1914 2313 1950 2342 ad
1971 2312 2034 2340 cal-

1088 2373 1150 2392 cem
1173 2365 1265 2392 totius
1288 2362 1387 2401 operis
1419 2361 1449 2389 in
1477 2359 1625 2388 Analectis
1655 2369 1717 2387 earn
1748 2356 1856 2386 addidi.
1910 2358 2033 2384 Secutus

1088 2416 1152 2434 sum
1174 2411 1272 2435 autem
1296 2406 1327 2434 in
1353 2402 1540 2434 emendando
1563 2402 1730 2430 Arevaluni.

1568 2452 1637 2485 Cc
