2264 2830
797 96 1042 132 ORIGINUM
1069 97 1215 133 LIBER
1241 100 1331 134 xlv.

95 195 225 228 deserta
252 200 284 227 et
320 194 442 227 inculta
477 191 670 226 extenditur.

94 252 209 280 tauros
238 251 402 290 premant,
430 245 543 277 leones
569 245 742 289 perimant.

259 296 319 332 35.

1962 103 2038 138 439

723 188 863 225 ΙΙιιίιιε39
895 198 1002 225 terrae
1029 203 1127 227 canes
1159 193 1310 239 ingentes
1335 198 1425 234 sunt,
1453 198 1628 236 tantaeque
1655 192 1807 236 feritatis,
1841 201 1875 227 ut
1908 194 2040 229 etiam*⁰

372 297 530 330 Armenia
559 301 748 339 nuncupata
775 296 818 327 ab
846 297 993 327 Armeno
1008 292 1027 313 ¹¹
1057 296 1180 328 Iasonis
1206 296 1359 329 Thessali
1388 297 1521 337 comite,
1551 295 1608 339 qui
1634 296 1754 328 amisso
1781 294 1897 341 rege⁴²
1924 298 2039 332 Iasone

95 346 273 383 collectan
302 349 509 381 multitudine
537 348 614 389 eius,
643 359 728 391 quae
756 348 876 391 passim
904 345 1130 392 vagal›atnr'¹,
1162 349 1353 381 Armeniam
1383 349 1488 391 cepit,
1525 353 1557 380 et
1593 358 1633 380 ex
1666 359 1724 380 suo
1752 350 1885 382 nomine
1911 361 2040 384 nuncu-

883 395 907 416 ⁴5

94 402 198 446 pavit.
252 400 322 433 Sita
357 405 406 433 est
438 396 580 432 autem*
612 400 697 432 inter
723 400 873 432 Taurum

95 457 268 497 protensa,
303 451 430 484 habens
464 463 483 483 a
515 448 771 494 septentrione⁴⁷
798 451 980 485 Ceraunios
1018 457 1163 494 montes,
1196 463 1215 484 e
1243 449 1399 495 (Ῑιιίῐηιεω
1425 451 1539 495 Tigris
1571 451 1689 484 fluvius

96 505 187 538 cuius
214 504 379 536 montibus
406 515 483 536 arca
516 508 593 546 post
626 503 786 536 diluvium
821 500 977 536 sedin-50⁵⁰
1004 504 1209 548 perhibetur.

96 561 128 588 et
153 555 298 596 inferior,
325 556 408 588 sicut
435 554 522 587 duae
550 555 748 588 Pannoniae.

259 604 319 640 36.
372 606 511 639 Hiberia
538 607 633 651 regio
668 612 716 640 est
742 602 884 649 Asiae³²‚
913 617 1023 650 prope
1057 611 1196 651 pontum
1220 605 1397 638 Armeniae
1433 605 1552 638 iuncta.

95 669 151 691 rae
157 654 182 675 ⁵³
208 657 302 690 utiles
323 662 507 691 nascuntur.

259 708 317 741 33.
371 709 628 754 Cappadociam
657 710 733 743 urbs·
761 709 898 754 propria
926 704 1172 752 nuncupavitffl.

93 760 286 793 Armeniam
314 761 430 805 tangit,
458 762 500 794 ab
528 772 649 795 occasu
677 762 789 794 Asiam
818 762 990 799 minorem,
1019 761 1061 792 ab
1084 760 1238 803 aquilone
1266 771 1357 793 mare
1384 756 1672 793 Ciinmericumf’fi:

943 406 974 432 et
1008 399 1193 433 Caucasum
1229 411 1248 432 a
1282 399 1503 443 Cappadocia
1545 411 1647 443 usque
1683 399 1725 432 ad
1755 399 1914 444 Caspium
1948 414 2040 434 mare

1685 448 1721 468 ³³
1754 453 1916 495 nascitur,
1944 458 1978 486 et
2008 454 2039 486 in

1264 503 1398 547 Duplex
1430 508 1540 536 autem
1567 499 1647 535 est⁵¹
1676 503 1851 545 Armenia,
1888 505 2039 548 superior

1608 604 1644 637 ln
1666 604 1732 639 hac
1759 605 1887 639 herbae
1920 607 2040 640 tinctu·

1227 708 1323 742 Haec
1350 709 1381 740 in
1409 708 1519 752 capite
1546 707 1662 751 Syriae
1689 704 1801 748 sita55,
1840 708 1882 741 ab
1915 709 2040 742 oriente

1710 764 1742 792 et
1768 757 2040 793 'themisciriosffl

93 822 249 855 campOS,
293 810 412 855 quos⁵⁸
446 813 594 846 habuere
624 815 828 853 Amazones,
865 824 883 844 a
914 812 1052 844 meridie
1086 822 1164 844 vero
1200 812 1349 844 Tam-um
1385 816 1550 852 montem,
1584 811 1638 845 cui
1672 811 1820 844 subiacet
1858 811 1975 845 Cilicia
2009 817 2042 843 et

93 863 216 896 isauria
243 875 346 907 usque
374 865 416 896 ad
445 865 597 897 Cilicium
618 862 642 882 ⁵⁹

93 915 198 948 nutrix*
226 926 398 958 equorum.

257 966 317 1001 38.

92 1016 278 1051 cumdatur.

91 1069 247 1113 gyptium
276 1081 376 1103 mare.

92 1118 291 1161 lsauriamffl,
320 1122 458 1165 Lyciam
482 1127 580 1166 atque
607 1122 771 1158 Ciliciam.

670 866 793 905 sinum,
828 865 884 907 qui
920 868 1048 906 spectat
1083 868 1199 896 contra
1235 863 1375 896 insulam
1404 863 1563 907 Cyprum.

453 917 548 949 Halis
570 916 674 949 amnis
700 927 763 960 per
790 927 862 947 eam
889 914 969 954 fluit,
991 915 1047 957 qui
1075 914 1246 958 quondam
1273 915 1403 959 Lydiae
1430 926 1534 959 regna
1563 914 1716 947 disiunxit
1743 925 1762 945 a
1789 913 1908 947 Persis.

370 967 450 1000 Asia
477 968 583 1000 minor
618 968 661 1000 ab
689 968 813 1000 oriente
841 966 1063 1011 Cappadocia
1099 966 1253 1011 cingitur,
1290 968 1332 1000 ab
1365 966 1436 999 aliis
1471 966 1619 1011 partibus
1653 961 1834 1008 undique¹⁵⁰
1867 964 1949 997 mari
1975 965 2040 998 cir-

333 1019 417 1051 Nam
446 1031 464 1051 a
486 1019 710 1064 septentrione
737 1025 877 1063 pontum
905 1019 1071 1051 Euxinum
1099 1017 1222 1059 habet,
1251 1019 1294 1051 ab
1322 1030 1443 1052 occasu
1471 1017 1733 1062 Propontidem,
1761 1029 1779 1049 a
1806 1016 1946 1048 meridie
1973 1017 2041 1048 Ae-

431 1071 544 1105 Habet
570 1071 758 1115 provincias
786 1070 987 1114 Bithyniam,
1011 1070 1209 1115 Phrygiam,
1238 1070 1417 1111 Galatiam,
1446 1070 1601 1114 Lydiam,
1624 1069 1768 1109 Cariam,
1792 1067 2040 1112 Pamphyliam,

1619 862 1727 895 Terra
1763 862 1832 894 eius
1859 868 1935 895 ante
1962 862 2041 895 alias

257 1171 315 1205 39.
370 1174 482 1206 Prima
504 1175 605 1207 Asiae
632 1174 766 1206 minoris
792 1172 951 1216 Bithynia
995 1173 1027 1205 in
1052 1173 1147 1206 Ponti
1181 1172 1319 1205 exordio
1348 1173 1391 1205 ad
1418 1177 1548 1217 partem
1576 1172 1654 1205 solis
1689 1170 1821 1203 orientis
1832 1166 1866 1209 ²¹²,
1904 1168 2041 1201 adversa

90 1221 259 1256 Thraciae
286 1224 382 1265 iacet,
411 1226 520 1258 multis
547 1230 643 1258 antea
665 1226 851 1258 nominibus
879 1224 1060 1268 appellata.

970 1275 1047 1318 Ipsa
1075 1280 1122 1307 est
1149 1280 1180 1307 et
1218 1275 1324 1307 maior
1351 1272 1542 1320 Phrygiam.
1596 1273 1795 1307 Nicomedia
1823 1273 1855 1304 in
1884 1284 1923 1304 ea
1961 1272 2039 1304 urbs

91 1285 169 1307 mox
196 1287 214 1307 a
243 1275 390 1318 Bithyno
419 1288 500 1321 rege
527 1277 685 1320 Bithynia
712 1282 914 1319 nuncupata.

1114 1225 1199 1256 Nam
1226 1224 1317 1267 prius
1334 1224 1501 1267 Bebrycia
1513 1221 1537 1240 '⁴³
1563 1224 1664 1262 dicta,
1693 1221 1816 1254 deinde
1839 1220 2040 1265 Mygdonia,

91 1330 140 1358 est
152 1322 188 1366 ⁶³,
216 1326 273 1359 ubi
305 1327 475 1359 Hannibal
499 1328 631 1372 fugiens
654 1328 773 1359 haustu
803 1324 951 1359 venenifiss
977 1327 1120 1358 animam
1148 1326 1323 1369 exspiravit
1340 1322 1375 1360 (Π,

257 1376 316 1409 ⁴0.
371 1378 504 1411 Galatia
531 1379 619 1412 dicta
643 1390 662 1411 a
690 1379 803 1423 priscis
832 1378 1010 1411 Gallorum
1042 1378 1213 1422 gentibue,
1247 1389 1266 1409 a
1292 1377 1412 1419 quibus
1439 1377 1544 1409 extitit
1571 1380 1736 1420 occupata
1747 1371 1781 1408 ⁶³.
1834 1375 1920 1407 Nam
1948 1373 2039 1406 Galli

91 1428 123 1459 in
151 1428 308 1461 auxilium
336 1441 354 1461 a
381 1441 463 1474 rege
487 1430 666 1474 Bithyniae
692 1430 831 1470 evocati,
859 1441 1000 1473 regnum
1028 1440 1103 1462 cuin
1131 1440 1171 1461 eo
1198 1425 1364 1472 patrata‘io
1394 1428 1531 1463 victoria
1560 1428 1749 1467 diviserunt,
1777 1425 1890 1468 sicque
1918 1425 2041 1457 deinde

92 1479 231 1513 Graecis
259 1480 408 1521 admixti,
435 1481 580 1525 primum
609 1482 849 1526 Gallograeci,
885 1491 972 1514 nunc
1008 1492 1047 1513 ex
1081 1481 1217 1523 antiquo
1246 1480 1425 1512 Gallorum
1466 1479 1598 1512 nomine
1621 1479 1765 1511 Galatae
1799 1477 1974 1515 dicuntur,
2009 1481 2042 1507 et

91 1542 208 1564 eorum
234 1532 330 1576 regio
359 1532 493 1565 Galatia
519 1538 728 1578 nuncupatur
740 1529 774 1564 ⁷⁰.

255 1582 315 1615 41.

91 1632 161 1665 filio
188 1632 288 1667 dicta.
343 1634 395 1667 De
420 1647 489 1679 quo
516 1636 684 1670 Homerus
712 1636 774 1668 ait:

91 1751 142 1779 Ar.
166 1760 212 1790 pr.
234 1767 277 1773 -
298 1752 442 1781 Armenio
465 1753 496 1782 Z.
520 1754 577 1784 Gu.
602 1757 630 1787 1.
653 1756 682 1785 2.
702 1770 742 1775 —-
764 1754 874 1782 Armco
898 1753 977 1792 vulg.
1004 1771 1036 1774 —

91 1791 140 1833 42)
172 1795 283 1822 missus
312 1805 332 1823 a
360 1806 428 1835 rege
459 1797 490 1825 Z.
519 1813 560 1818 —
598 1798 645 1834 43)
662 1802 689 1824 et
712 1797 836 1825 collecta
859 1797 890 1824 Z.
925 1813 962 1818 —
995 1795 1040 1834 44)

87 1836 209 1873 passim
231 1847 309 1874 quae
330 1848 399 1876 vag.
421 1847 470 1867 va.
500 1856 538 1861 —
569 1838 618 1879 45)
642 1845 744 1868 autem
767 1839 869 1868 addidi
892 1849 907 1867 e
929 1840 987 1868 Gu.
1013 1842 1041 1869 1.

92 1880 121 1908 2.
145 1887 191 1916 pr.
208 1887 256 1909 va.
273 1896 311 1900 —
333 1880 382 1917 46)
405 1887 532 1910 montem
547 1882 613 1911 add.
627 1883 658 1911 Z.
681 1899 722 1904 —
744 1880 792 1921 47)
815 1881 1043 1920 septentrionali

92 1920 123 1948 Z.
154 1935 196 1941 -—
221 1918 270 1960 4³)
293 1921 343 1949 Sic
367 1923 423 1951 Gu.
442 1926 470 1954 1.
486 1927 515 1957 2.
540 1943 577 1947 ——
600 1936 614 1953 e
635 1926 726 1953 cuius
749 1925 879 1953 collibus
895 1925 977 1962 vulg.
1003 1939 1040 1945 -

91 1962 139 1999 49)
158 1963 278 2000 fluvius
301 1963 403 1993 addidi
426 1975 441 1994 e
463 1967 492 1996 Z.
516 1967 571 1996 Gu.
601 1971 627 1999 1.
650 1977 697 1998 va.
721 1985 758 1990 ·—-
790 1966 839 2008 50)
862 1968 909 1996 Sic
932 1968 962 1995 Z.
985 1967 1043 1996 Gn.

94 2006 121 2036 1.
144 2007 173 2035 2.
206 2005 255 2033 Ar.
284 2023 325 2026 —
354 2007 497 2036 resedisse
527 2010 605 2047 vulg.
637 2027 678 2033 —-
714 2009 763 2049 51)
793 2012 842 2039 Sic
872 2011 928 2038 Gu.
954 2013 980 2040 1.
1008 2025 1042 2030 —

92 2047 191 2085 Dupl.
221 2053 263 2075 est
292 2055 394 2077 aulem
416 2051 497 2089 vulg.
527 2068 569 2073 —
604 2054 651 2089 52)
675 2053 725 2081 Sic
756 2054 813 2083 Gu.
840 2055 869 2084 1.
895 2069 937 2074 —
967 2053 1042 2090 Reg-

95 2090 147 2118 As.
162 2095 204 2117 est
220 2090 301 2128 vulg.
319 2107 359 2113 —
385 2090 433 2132 53)
453 2095 611 2122 ιίησιονίαε
624 2095 680 2123 Gu.
698 2098 726 2127 2.
740 2113 782 2118 -
804 2094 850 2133 54)
875 2096 922 2124 Sic
939 2096 996 2123 Gu.
1014 2098 1042 2125 1.

94 2146 131 2153 ——
149 2134 317 2161 nominat-it
349 2135 431 2173 vulg.
449 2138 622 2174 —proprie
637 2148 740 2166 nomen
757 2138 845 2167 hahet
868 2139 898 2168 Z.
915 2155 956 2160 —
969 2148 1041 2176 pro-

87 2176 196 2212 prium
218 2186 321 2204 nomen
344 2177 433 2205 habet
457 2179 514 2207 Gu.
535 2182 564 2211 2.
587 2196 629 2201 -
649 2179 698 2220 55)
721 2187 764 2208 est
787 2183 849 2209 sita
871 2181 902 2209 Z.
927 2199 965 2204 —
994 2178 1041 2218 56)

91 2219 194 2255 tangit
216 2217 286 2247 add.
311 2219 365 2247 Gu.
387 2223 415 2252 2.
438 2237 479 2243 —
502 2223 550 2259 57)
574 2221 622 2249 Sic
647 2225 676 2251 Z.
700 2222 756 2254 Gu.
775 2227 802 2255 1.
827 2224 878 2254 Ar.
902 2239 944 2245 ——
971 2224 1040 2251 Ile-

93 2261 206 2288 miscir.
232 2261 312 2298 vulg.
333 2278 374 2284 —-
397 2264 618 2292 Jlemiscericos
640 2274 685 2293 va.
708 2281 749 2286 —
777 2265 824 2306 58)
851 2277 911 2305 quo
934 2266 991 2295 Gu.
1016 2268 1043 2295 1.

93 2302 229 2332 Fortasse
252 2309 344 2334 recte.
387 2306 489 2335 Potest
519 2307 598 2336 enim
621 2306 729 2335 habere
751 2317 812 2337 esse
834 2309 990 2342 habitare,
1015 2311 1044 2336 et

96 2375 153 2403 quo
169 2366 334 2405 significare
348 2368 408 2397 ubi.
428 2387 466 2392 —
485 2370 541 2399 Gu.
558 2373 587 2403 2.
606 2351 666 2409 quia
680 2371 811 2400 habuere
830 2383 859 2400 se
873 2373 943 2402 Am.
960 2371 1043 2410 (sic).

368 1583 519 1629 Phrygia
545 1584 636 1618 dicta
661 1596 681 1616 a
708 1583 859 1629 Phrygia
887 1583 1030 1627 Europis
1041 1578 1064 1599 ⁷¹
1096 1582 1175 1614 filia.

1230 1581 1326 1614 Haec
1366 1586 1399 1614 et
1410 1577 1435 1597 ⁷²
1462 1579 1632 1613 Dardania
1669 1574 1742 1612 ex²³
1769 1577 1928 1611 Dardano
1956 1577 2041 1610 lovis

1085 1766 1126 1773 -—-
1147 1751 1195 1788 59)
1219 1751 1268 1779 Sic
1290 1751 1339 1780 Ar.
1361 1768 1400 1773 —
1429 1750 1563 1779 Cilicum
1586 1749 1668 1787 vulg.
1688 1765 1728 1772 ·—
1753 1748 1921 1777 cilicinum
1936 1747 1993 1775 Gu.
2013 1749 2039 1776 1.

1084 1810 1126 1815 —-
1152 1794 1340 1822 Cilicianum
1371 1794 1407 1823 al.
1430 1810 1472 1815 —
1509 1796 1554 1826 60)
1578 1793 1659 1820 mari
1692 1790 1827 1829 undique
1855 1791 1886 1819 Z.
1919 1805 1955 1810 —
1991 1791 2040 1825 61)

1085 1835 1172 1875 Vulg.
1195 1842 1222 1865 et
1246 1836 1346 1866 [saur.
1368 1838 1416 1865 vel
1436 1837 1520 1872 silan,
1541 1835 1595 1864 sed
1623 1840 1650 1862 et
1673 1844 1730 1864 om.
1754 1835 1784 1863 Z.
1809 1834 1864 1862 Gu.
1886 1836 1913 1864 1.
1935 1835 1966 1864 2.
1993 1832 2040 1860 Ar.

1088 1895 1124 1900 -—
1148 1878 1197 1919 62)
1227 1880 1277 1908 Sic
1300 1880 1331 1908 Z.
1355 1879 1411 1908 Gu.
1437 1882 1464 1910 1,
1490 1881 1518 1910 2.
1550 1895 1588 1898 —
1618 1876 1663 1904 ad
1690 1878 1745 1906 sol.
1774 1886 1816 1905 or.
1843 1881 1926 1914 part.
1957 1874 2040 1911 vulg.

1084 1937 1126 1944 —
1148 1925 1192 1956 63)
1219 1922 1267 1950 Sic
1292 1924 1348 1951 Gn.
1370 1925 1396 1953 2.
1413 1921 1463 1950 Ar.
1489 1940 1526 1943 -
1548 1921 1675 1948 Ber-iola
1697 1920 1778 1958 vulg.
1800 1935 1843 1941 —-
1870 1918 1918 1956 64)
1940 1918 2041 1958 Pluy-

1083 1966 1140 2003 gia
1163 1975 1221 1994 om.
1246 1975 1293 1994 va.
1319 1981 1360 1987 —-
1383 1962 1431 2004 65)
1457 1964 1504 1991 Sic
1523 1964 1583 1992 Gu-
1604 1965 1631 1994 1.
1655 1972 1702 1991 va.
1725 1978 1767 1984 —
1790 1962 1863 1990 urbs
1886 1963 1917 1989 in
1942 1971 1977 1988 ea
1999 1965 2041 1987 est

1086 2008 1166 2045 vulg.
1188 2024 1230 2029 —
1253 2013 1296 2035 est
1320 2018 1377 2036 om.
1399 2017 1447 2036 va.
1469 2023 1507 2028 —
1537 2007 1583 2042 66)
1607 2005 1657 2033 Sic
1681 2005 1738 2033 Gu.
1764 2007 1790 2037 1.
1814 2019 1854 2026 -—
1881 2003 1968 2041 Vulg.
1991 2014 2041 2031 re·

1085 2052 1154 2078 neni
1176 2050 1303 2078 liaustu.
1326 2067 1367 2071 —
1397 2049 1445 2089 67)
1469 2049 1518 2077 Sic
1540 2048 1572 2077 Z.
1603 2048 1660 2078 Gu.
1683 2051 1710 2079 1.
1734 2049 1762 2078 2.
1789 2058 1837 2086 pr.
1862 2056 1909 2076 va.
1933 2047 1983 2075 Ar.
2001 2061 2038 2066 -

1085 2093 1239 2120 exhalavit
1264 2092 1346 2129 vulg.
1375 2109 1416 2113 —
1447 2093 1492 2127 68)
1515 2096 1696 2129 nuncupata
1719 2090 1775 2120 Gu.
1802 2092 1831 2122 2.
1849 2105 1890 2111 —
1924 2088 1970 2128 69)
1992 2087 2040 2115 Sic

1085 2136 1116 2163 Z.
1140 2136 1197 2164 Gu.
1219 2138 1246 2166 1.
1263 2152 1300 2156 —-
1311 2141 1439 2173 peracta
1465 2134 1549 2172 vulg.
1568 2150 1606 2156 —
1618 2139 1714 2172 parta
1729 2133 1766 2161 al.
1779 2149 1822 2154 —
1839 2137 1936 2170 pacta
1953 2131 2038 2158 Arev.

1085 2193 1128 2199 -—
1153 2180 1198 2216 70)
1222 2177 1339 2205 dicitur
1364 2178 1421 2208 Gu.
1444 2180 1472 2209 2.
1503 2193 1541 2199 —-
1578 2179 1622 2211 71)
1648 2176 1786 2214 Cicrvpis
1808 2175 1838 2203 Z.
1861 2190 1902 2197 —
1928 2172 2039 2208 Aesopi

1086 2220 1174 2250 Arev.
1195 2230 1210 2249 e
1226 2220 1340 2249 messal.
1365 2220 1484 2249 Corvin.
1509 2221 1540 2248 in
1562 2219 1640 2248 libro
1663 2219 1700 2248 de
1722 2227 1807 2258 prog.
1832 2219 1904 2254 Aug.
1923 2230 1960 2236 -α
1991 2214 2035 2243 72)

1087 2269 1114 2291 et
1137 2262 1238 2291 addidi
1261 2274 1277 2292 e
1300 2263 1330 2293 Z.
1355 2263 1413 2292 Gu.
1437 2266 1463 2293 1.
1480 2265 1508 2294 2.
1532 2272 1578 2302 pr.
1600 2271 1650 2292 va.
1679 2277 1717 2284 ——
1746 2262 1792 2300 73)
1815 2271 1847 2288 ex
1866 2267 1919 2302 pro
1941 2265 1957 2281 a
1980 2253 2035 2280 Gu-

1089 2309 1115 2337 1.
1161 2305 1258 2335 Verba
1281 2310 1350 2335 sunt
1365 2305 1484 2335 Eusebii
1506 2306 1536 2334 in
1551 2304 1659 2334 Chron.
1676 2304 1786 2333 Versus
1800 2302 1918 2331 Homerl
1941 2299 1985 2324 est
2008 2295 2033 2323 δ·
