2203 2829
183 117 259 152 274

880 113 1058 149 lSlDORI
1084 111 1266 150 HISPAL.
1290 114 1434 149 EPISC.

346 207 407 241 32.
461 207 563 241 Hunc
589 205 685 240 Coeli
712 206 813 250 patris
838 207 1017 242 abscidisse
1044 209 1202 254 genitalia
1229 209 1360 249 dicunt,
1394 209 1471 252 quia
1498 209 1583 243 nihil
1610 211 1641 243 in
1668 211 1767 244 coelo
1795 211 1839 244 de
1865 211 2041 245 seminibus
2068 224 2129 246 na·-

184 262 292 296 scitur.

345 260 484 293 Falcem
512 263 618 299 tenet,
651 258 819 301 inquiunt,
853 265 994 304 propter
1017 262 1253 306 agriculturam
1281 260 1552 305 significandam,
1587 263 1641 295 vel
1668 268 1809 308 propter
1835 268 1988 308 tempora
2015 269 2048 296 et
2070 275 2130 297 an-

184 324 261 355 nos,
288 311 381 357 quod
408 312 440 344 in
465 323 500 343 se
527 310 680 350 redeant,
709 310 764 342 vel
790 316 933 356 propter
960 313 1174 357 sapientiam,
1209 312 1302 356 quod
1329 315 1413 344 intus
1439 318 1536 346 acuta
1563 313 1612 348 sit.

349 371 407 403 33.

184 424 361 458 Saturnum
389 422 565 455 devorasse
591 421 799 455 tradiderunt
822 421 974 468 poetae³.

351 480 411 516 34.

184 540 280 568 stans.

183 587 215 618 in
242 584 412 619 extraneis.

344 643 404 678 35.

459 644 569 685 Quem
598 644 701 677 modo
727 650 856 679 taurum
881 646 1012 692 fingunt
1037 651 1177 690 propter
1204 645 1364 689 Europae
1391 650 1544 689 raptum3
1573 643 1701 680 fuerat⁴
1729 647 1816 680 enim

460 370 498 402 In
525 366 711 412 aliquibus¹
735 375 844 404 autem
870 372 1053 406 civitatibus
1077 373 1218 406 Saturno
1240 372 1362 405 liberos
1386 383 1461 405 suos
1488 373 1579 417 apud
1600 369 1765 418 gentiles²
1790 373 2020 415 immolabant,
2046 386 2131 418 quos

464 481 551 514 Iovis
578 481 682 514 fertur
708 494 727 514 a
753 482 898 516 iuvando
926 484 1045 526 dictus,
1071 489 1104 517 et
1130 484 1255 528 Iupiter
1281 483 1375 527 quasi
1402 484 1514 516 iuvans
1540 489 1647 528 pater,
1674 483 1742 518 hoc
1769 490 1828 526 est,
1856 485 2008 518 omnibus
2029 496 2130 530 prae—

331 533 432 566 Hunc
459 539 491 565 et
513 532 643 577 privato
671 534 767 566 titulo
795 535 910 568 Iovem
937 537 1100 581 optimum
1126 536 1295 576 dixerunt,
1333 535 1413 567 dum
1447 535 1560 568 fuisset
1586 537 1726 569 incestus
1758 536 1791 568 in
1825 536 1908 578 suis,
1941 537 2130 581 impudicus

1827 642 1839 663 ⁵
1866 647 1898 679 in
1925 647 2015 689 navi,
2038 648 2130 682 cuius

182 696 308 741 insigne
335 700 405 729 erat
430 701 556 729 taurus:
584 696 686 729 modo
714 697 844 729 Danaes
871 710 934 742 per
959 699 1099 730 imbrem
1127 709 1263 730 aureum
1291 694 1478 741 appetisse6
1505 697 1731 739 concubitum,
1760 698 1817 731 ubi
1841 698 2037 744 intelligitur
2063 711 2129 744 pu-

182 748 329 781 dicitiam
357 747 500 780 mulieris
525 749 567 780 ab
594 745 695 780 auro⁷
722 754 933 793 corruptam:
968 749 1072 782 modo
1106 750 1138 781 in
1171 749 1415 781 similitudinem
1444 748 1574 791 aquilae
1601 748 1720 790 fuisse,
1755 755 1896 794 propter
1922 751 2014 793 quod
2040 762 2128 796 pue-

182 797 277 833 111111Β
304 798 348 831 ad
370 804 518 843 stuprum
546 800 709 843 rapuerit:
732 801 836 832 modo
862 806 1068 845 serpentem,
1095 801 1172 843 quia
1199 801 1396 844 reptaverit,
1421 806 1453 832 et
1481 811 1647 844 cygnum,
1676 801 1754 843 quia
1783 802 1971 834 cantaverit.

346 857 405 892 36.
458 859 503 890 Et
528 858 606 892 ideo
629 872 695 893 non
719 862 848 907 figurae
874 861 954 894 istae
981 865 1064 900 sunt,
1085 861 1143 894 sed
1168 856 1292 905 plane⁹
1319 860 1362 892 de
1379 859 1514 893 veritate
1532 860 1668 895 scelera.

183 909 264 942 deos
290 909 400 951 credi,
428 909 543 953 quales
570 911 722 945 homines
749 925 819 947 esse
846 924 912 945 non
939 912 1093 945 debeant.

181 1026 257 1065 pter
284 1020 443 1054 orientem
470 1026 502 1054 et
533 1023 753 1058 occidentem.

181 1123 329 1168 fingunt,
358 1128 558 1167 monstrum,
588 1138 653 1158 non
682 1128 782 1159 deum
810 1128 944 1160 faciunt.

1721 860 1824 894 Unde
1838 866 1935 905 turpe
1963 867 2033 895 erat
2048 863 2129 895 tales

455 970 571 1003 Ianum
596 971 710 1006 dicunt
728 974 825 1017 quasi
848 972 963 1006 mundi
989 972 1042 1004 vel
1070 971 1155 1005 coeli
1183 971 1342 1004 mensium
1370 970 1519 1003 ianuam:
1546 971 1628 1004 duas
1656 971 1726 1004 Iani
1753 971 1856 1005 facies
1884 971 2021 1011 faciunt,
2044 983 2129 1016 pro-

805 1024 891 1058 Cum
911 1035 990 1057 vero
1018 1024 1143 1057 faciunt
1163 1034 1238 1055 eum
1259 1022 1523 1066 quadrifrontem
1542 1028 1575 1055 et
1600 1023 1716 1055 lanum
1743 1023 1914 1067 geminum
1943 1023 2129 1067 appellant,

182 1072 225 1104 ad
252 1076 396 1115 quatuor
420 1073 533 1105 mundi
560 1080 672 1119 partes
696 1077 764 1110 hoc
790 1076 958 1115 referunt,
994 1075 1048 1108 vel
1077 1074 1120 1107 ad
1148 1080 1290 1117 quatuor
1317 1074 1497 1113 elementa,
1532 1074 1600 1106 sive
1633 1079 1797 1119 tempora.

1852 1074 1922 1108 Sed
1950 1074 2030 1107 dum
2061 1074 2129 1109 hoc

344 1174 402 1208 38.
456 1176 649 1219 Neptunum
689 1190 791 1221 aquas
832 1177 947 1211 mundi
987 1172 1235 1220 praedicatum,
1280 1181 1312 1208 et
1354 1175 1461 1209 dictus
1498 1176 1541 1209 ab
1587 1176 1631 1208 eis
1669 1176 1860 1220 Neptunus,
1909 1177 2003 1219 quasi
2040 1176 2128 1209 nube

181 1230 305 1258 tonans.

343 1275 402 1309 39.
457 1276 643 1311 Vulcanum
670 1279 787 1312 volunt
813 1279 944 1323 ignem,
973 1282 1005 1310 et
1032 1277 1137 1310 dictus
1166 1276 1334 1309 Vulcanus
1361 1277 1454 1319 quasi
1480 1278 1593 1309 volans
1620 1276 1766 1318 candor,
1803 1277 1857 1310 vel
1883 1278 1976 1321 quasi
1999 1278 2127 1312 volica-

181 1338 260 1369 nus,
295 1327 388 1371 quod
416 1339 478 1372 per
505 1340 615 1363 aerem
643 1328 775 1364 volatu.
835 1330 926 1374 Ignis
953 1329 1039 1363 euim
1069 1326 1122 1362 a¹²
1149 1329 1290 1361 nubibus
1317 1328 1469 1361 nascitur.

342 1386 401 1419 40.
456 1388 557 1422 Unde
584 1391 682 1423 etiam
711 1391 879 1423 Homerus
892 1386 915 1405 ¹³
942 1389 1032 1426 dicit,
1063 1400 1138 1421 eum
1166 1387 1420 1432 praecipitatum
1449 1387 1491 1419 de
1519 1398 1595 1419 aere
1623 1386 1655 1418 in
1682 1391 1794 1427 terras,
1821 1387 1915 1430 quod
1943 1398 2042 1420 omne
2059 1387 2128 1421 ful—

181 1448 258 1470 men
284 1438 327 1471 de
354 1450 430 1471 aere
457 1440 555 1473 cadit.
608 1442 741 1476 Idcirco
768 1447 878 1474 autem
905 1441 1075 1474 Vulcanus
1103 1440 1147 1473 de
1173 1441 1325 1472 foemore
1348 1440 1482 1472 Iunonis
1503 1439 1641 1483 fingitur
1668 1443 1772 1480 natus,
1798 1438 1891 1482 quod
1918 1439 2057 1472 fulmina
2084 1439 2128 1472 de

182 1488 249 1521 imo
277 1500 352 1522 aere
381 1496 566 1523 nascuntur.

348 1539 406 1574 41.
459 1541 608 1575 Claudus
629 1547 739 1575 autem
768 1543 888 1576 dicitur
915 1542 1094 1583 vulcanus,
1121 1542 1197 1585 quia
1221 1552 1281 1584 per
1308 1545 1457 1572 naturam
1484 1551 1652 1583 nunquam
1679 1544 1787 1574 rectus
1815 1545 1862 1573 est
1873 1536 1897 1557 ¹⁴
1919 1540 2015 1585 ignis,
2036 1537 2128 1574 sed¹⁵

182 1590 275 1633 quasi
301 1591 438 1624 claudus
468 1593 629 1626 eiusmodi
655 1595 803 1638 speciem
829 1598 1023 1637 motumque
1050 1594 1162 1626 habet.
1212 1592 1294 1625 Ideo
1323 1596 1432 1624 autem
1455 1591 1487 1622 in
1514 1592 1685 1623 fabrorum
1714 1591 1849 1625 fornace
1876 1592 2020 1625 eundem
2041 1592 2127 1626 Vul-

184 1652 302 1675 canum
330 1648 499 1676 auctorem
526 1645 656 1686 dicunt,
685 1647 761 1689 quia
783 1646 851 1678 sine
874 1646 953 1690 igne
979 1645 1107 1678 nullum
1134 1644 1260 1677 metalli
1287 1655 1392 1687 genus
1419 1642 1513 1675 fundi
1541 1642 1739 1685 extendique
1766 1647 1885 1685 potest.

301 1719 308 1727 ·
347 1702 406 1735 42.
459 1704 580 1737 Pluton
594 1702 615 1721 ¹⁶
646 1706 795 1744 Graece,
838 1706 952 1737 Latine
984 1705 1168 1748 Diespiter,
1202 1704 1253 1736 vel
1289 1703 1371 1735 Ditis
1386 1699 1409 1719 Π
1436 1707 1548 1746 pater,
1585 1713 1685 1745 quem
1719 1701 1775 1733 alii
1807 1707 1927 1735 vocant
1949 1700 2124 1743 Orcumffi,

184 1752 276 1794 quasi
309 1759 516 1798 receptorem
553 1753 803 1789 mortum-amm.
857 1756 958 1789 Unde
985 1762 1018 1789 et
1047 1768 1126 1790 orca
1155 1751 1384 1800 appellatur²⁰
1417 1765 1495 1794 vas,
1531 1753 1623 1797 quod
1658 1752 1775 1796 recipit
1809 1765 1921 1796 aquas
1983 1754 2059 1799 lpse
2093 1760 2126 1787 et

186 1802 316 1837 Graece
323 1801 346 1821 ²¹
375 1805 522 1841 Charon.

349 1855 408 1889 43.

273 1961 297 2000 1)
316 1963 348 1990 in
367 1964 492 2003 aliquot
515 1965 552 1995 al.
573 1981 614 1992 «-
640 1969 667 2002 2)
693 1966 779 2006 apud
806 1967 909 1996 addidi
929 1977 946 1996 e
969 1967 1026 1996 Gn.
1041 1969 1074 1998 1.
1105 1971 1134 1995 et

187 2003 323 2043 gothicis.
353 2006 410 2034 Gu.
429 2010 458 2038 2.
486 2018 544 2036 om.
575 2017 623 2037 vv.
649 2011 776 2047 gentiles
799 2032 806 2039 .
829 2032 835 2038 .
854 2011 968 2038 liberos
985 2019 1071 2037 suos.
1093 2025 1134 2032 --

186 2044 217 2086 3)
239 2046 287 2074 Sic
310 2047 366 2076 Gu.
384 2051 413 2080 1.
435 2065 477 2072 --
508 2049 593 2088 Vulg.
615 2054 691 2089 quia
714 2055 882 2082 Saturnum
899 2058 1006 2091 poeme
1028 2052 1134 2079 liberos

187 2099 261 2117 suos
282 2088 438 2119 devorasse
459 2093 584 2120 solitum
606 2094 809 2126 tradiderunt,
825 2112 866 2119 -
889 2094 971 2134 quad
992 2105 1046 2133 pro
1061 2096 1134 2133 quia

189 2131 239 2161 Ar.
263 2148 301 2154 —
325 2133 353 2169 4)
373 2134 421 2162 Sic
443 2135 500 2163 Gu.
518 2137 545 2166 1.
559 2136 630 2172 suit
652 2137 733 2176 vulg.
747 2154 789 2160 -
811 2136 840 2175 5)
862 2140 941 2166 enim
963 2148 1019 2166 om.
1035 2138 1133 2168 Gu.2.

189 2189 230 2197 -
251 2172 280 2212 6)
303 2178 464 2214 appetiisse
486 2177 535 2206 Ar.
557 2193 601 2199 —
622 2176 654 2218 7)
676 2189 695 2206 a
711 2182 776 2209 νίν-(ι
797 2181 889 2211 Gu.1.
911 2195 954 2203 --
975 2179 1061 2217 Vulg.
1086 2190 1134 2208 se-

183 2216 292 2254 -quitur
312 2219 429 2256 fuisse,
459 2219 541 2258 quod
571 2230 626 2248 om.
656 2221 711 2250 Gu.
735 2226 762 2253 1.
794 2223 843 2251 Ar.
873 2239 915 2246 —
946 2223 976 2259 8)
999 2223 1132 2260 aquilae,

193 2259 393 2296 Ganymedem
415 2261 641 2301 qzcodpuerum
663 2264 699 2292 al.
724 2283 761 2287 —
785 2263 814 2303 9)
837 2265 885 2293 Sic
900 2265 956 2293 Gu.
979 2267 1005 2294 1.
1022 2266 1070 2295 Ar.
1087 2276 1131 2304 pr.

190 2310 238 2330 va.
262 2311 325 2332 var.
347 2303 413 2334 lect.
436 2315 483 2343 ap.
508 2304 595 2333 Goth.
612 2306 713 2343 plana
735 2306 814 2343 vulg.
837 2324 877 2330 -
910 2307 957 2344 10)
981 2318 1133 2345 aquarum

191 2343 299 2371 mundi
314 2345 497 2382 praedicant
520 2346 609 2375 deum
631 2348 668 2377 al.
691 2364 732 2370 —
757 2348 801 2386 11)
823 2350 871 2377 Sic
897 2350 952 2377 Gu.
971 2352 995 2379 1.
1013 2352 1042 2380 2.
1058 2351 1133 2378 volet

192 2386 271 2425 vulg.
293 2402 333 2409 —
369 2391 416 2427 12)
439 2400 459 2418 a
480 2400 537 2429 pro
560 2389 596 2418 de
618 2390 675 2420 Gu.
693 2393 720 2422 1.
745 2402 759 2417 e
780 2391 851 2420 nub.
875 2391 931 2419 Gu.
952 2393 982 2423 2.
1014 2402 1058 2421 va.
1090 2409 1130 2414 --

461 1858 621 1892 Liberum
655 1870 674 1891 a
701 1858 921 1893 liberamento
942 1858 1157 1905 appellatum
1185 1857 1317 1898 volunt,
1353 1856 1446 1902 quod
1473 1855 1566 1899 quasi
1593 1866 1699 1888 mares
1724 1855 1757 1887 in
1785 1854 1939 1888 coeundo
1965 1867 2028 1900 per
2054 1856 2123 1890 eius

1178 1964 1225 2006 13)
1247 1971 1338 2005 poeta
1359 1966 1452 1995 Hom.
1475 1964 1511 1994 al.
1535 1980 1575 1988 --
1598 1962 1679 1993 unde
1707 1969 1733 1991 et
1760 1973 1808 1994 va.
1853 1964 1948 1995 Locus
1967 1968 2015 1994 ,est
2036 1963 2122 1995 Hom.

1176 2009 1210 2038 11.
1236 2007 1264 2039 ἅ.
1287 2026 1321 2032 ——
1345 2009 1390 2042 14)
1407 2008 1462 2036 Sic
1487 2007 1542 2036 Gu.
1558 2009 1584 2038 1.
1600 2009 1629 2038 2.
1650 2016 1694 2036 va.
1718 2011 1760 2035 est
1780 2011 1882 2035 rectus
1899 2007 1980 2045 vulg.
2004 2024 2042 2031 -
2073 2008 2120 2045 15)

1177 2051 1232 2081 Vv.
1254 2051 1308 2080 sed
1335 2052 1426 2089 qua-si
1449 2072 1455 2078 .
1480 2072 1487 2079 .
1512 2072 1518 2079 .
1548 2048 1664 2078 extendi
1687 2054 1786 2088 potest
1814 2059 1873 2078 nm.
1904 2048 1969 2077 cod.
1999 2049 2120 2086 Lucan„

1177 2095 1229 2133 qui
1248 2105 1304 2134 pro
1324 2093 1371 2123 his
1394 2091 1529 2122 exhibet:
1554 2094 1579 2121 ei
1600 2091 1688 2130 apud
1707 2093 1838 2120 Lemnos
1852 2092 1956 2128 fuisse
1973 2092 2063 2122 ,Deus
2079 2097 2121 2124 te-

1174 2143 1286 2165 statur.
1304 2154 1340 2158 —
1366 2136 1412 2173 16)
1434 2136 1526 2164 Pluto
1549 2135 1586 2164 al.
1609 2150 1650 2157 —
1674 2133 1718 2174 17)
1738 2135 1800 2165 Dis
1821 2133 1912 2163 aL-—
1937 2134 1984 2171 18)
1998 2134 2046 2162 Sic
2063 2134 2120 2168 Gu,

1178 2183 1204 2211 1.
1230 2180 1342 2208 Orcum
1363 2184 1471 2208 vocant
1491 2178 1528 2207 al.
1549 2194 1593 2199 —
1614 2187 1734 2207 orceum
1755 2177 1793 2206 al.
1811 2192 1853 2198 ——
1876 2175 1922 2215 19)
1946 2177 1995 2205 Sic
2018 2177 2074 2207 Gu.
2091 2179 2118 2210 1.

1175 2225 1204 2254 2.
1228 2239 1264 2244 —
1288 2222 1374 2259 Vulg.
1403 2222 1555 2249 mortium.
1584 2236 1627 2244 --
1655 2221 1702 2257 20)
1720 2219 1772 2249 *Sic
1795 2219 1850 2248 Gu.
1871 2222 1896 2250 1.
1925 2225 2120 2258 nuncupatur

1174 2265 1253 2302 vulg.
1283 2280 1326 2286 -—
1350 2261 1397 2302 21)
1421 2265 1533 2292 Graece
1555 2273 1612 2292 om.
1636 2262 1693 2293 Gu.
1712 2265 1740 2294 2.
1772 2276 1814 2283 ·—-
1843 2261 1894 2297 22)
1918 2263 2062 2300 pingitur
2092 2268 2119 2290 et

1174 2306 1261 2345 apud
1284 2307 1380 2335 Nexso
1402 2307 1508 2343 fuisse
1528 2311 1667 2335 testatur.
1696 2306 1813 2333 Dicunt
1836 2303 1875 2333 al.
1898 2319 1940 2327 -—
1961 2305 2009 2340 23)
2040 2303 2119 2333 dan-s*

1174 2350 1211 2378 al.
1228 2368 1265 2372 —-
1285 2351 1330 2386 94)
1355 2350 1391 2377 al.
1415 2348 1450 2377 id
1471 2355 1513 2378 est
1534 2349 1573 2377 ab
1594 2348 1654 2376 hac
1676 2346 1882 2377 dissolutione.
1897 2362 1939 2368 —
1960 2347 2007 2383 25)
2030 2348 2118 2375 Dio-

1173 2393 1271 2420 nisius
1294 2392 1351 2421 Gu·
1369 2395 1394 2423 1.
1417 2402 1462 2431 pr.
1486 2392 1623 2421 Dionms
1645 2390 1702 2418 Gu.
1717 2392 1746 2422 2.
1769 2405 1811 2412 —-
1838 2390 1884 2428 26)
1907 2394 1932 2417 et
1957 2389 2036 2418 Nisa
2058 2390 2114 2418 Gu.
