2203 2829
192 139 266 173 166

885 118 976 152 ISlD
981 116 1064 152 om
1090 112 1270 148 HISPAL.
1298 109 1443 146 EPISC.

192 228 243 267 et¹
277 218 541 276 postliminium²
575 215 805 256 redeuntibus,
841 212 910 246 hoc
937 216 986 245 est
1013 210 1056 243 de
1091 209 1189 243 exilio
1223 204 1440 245 reducendis,
1473 202 1529 246 qui
1563 197 1658 235 sunt³
1686 199 1781 234 eiecti
1813 194 1972 238 iniuria⁴‚
2004 195 2039 230 id
2073 193 2144 231 est⁵

194 289 286 319 extra
307 281 408 314 limen
435 275 574 321 patriae.

197 438 310 483 palam
338 432 487 515 stgilptus.

200 541 232 573 in
249 536 363 572 crustis
375 530 410 567 ¹⁰.

365 588 428 621 32.
480 584 627 619 Servitus
650 594 668 615 a
696 579 858 614 servando
884 582 1013 612 vocata.

622 631 646 651 12

200 651 270 685 tur,
297 640 380 675 servi
405 638 611 672 vocabantur
648 660 655 667 .

626 267 793 302 Dividitur
820 270 929 298 autem
958 264 1093 296 exilium
1119 261 1151 293 in
1176 259 1333 304 relegatis
1360 262 1393 289 et
1420 255 1612 299 deportatis.

359 329 418 362 29.
471 325 654 367 Belegatus
679 324 743 359 est,
771 329 871 361 quein
896 317 986 349 bona
1012 317 1192 357 sequuntur
1219 307 1314 344 suass:

361 380 421 413 30.
475 373 680 418 Proscriptio
708 371 798 404 exilii
825 368 947 414 procul
975 366 1166 404 damnatio,
1193 363 1285 406 quasi
1312 371 1416 405 porro
1445 358 1581 403 scriptio
1592 355 1614 393 ⁷.

1342 309 1557 352 deportatus,
1581 316 1681 349 quem
1709 313 1775 336 non
1801 304 1991 344 sequuntur.

1667 356 1751 388 Item
1779 352 2004 398 proscriptus,
2031 346 2147 394 quasi⁸

476 476 657 512 Metallum
684 478 749 515 est,
786 472 844 505 ubi
874 471 986 504 exules
1021 469 1226 513 deputantur
1260 463 1303 496 ad
1341 461 1522 495 eruendam
1545 455 1705 501 venam⁹,
1742 464 1979 497 marmoraque
2007 450 2151 486 secanda

1068 574 1171 620 Apud
1200 572 1353 615 antiquos
1380 569 1468 603 enim
1480 565 1502 586 ¹¹
1530 567 1587 611 qui
1610 567 1643 599 in
1669 565 1763 598 bello
1791 575 1810 596 a
1837 567 1945 596 morte
1971 560 2152 594 servaban-

709 633 806 666 Haec
836 636 884 664 est
917 631 986 664 sola
1015 628 1180 662 malorum
1210 624 1358 657 omnium
1385 626 1572 666 postrema,
1607 629 1694 662 quae
1730 615 1841 649 liberis
1867 613 1959 647 omni
1985 611 2153 657 supplicio

202 696 339 743 gravior
369 697 434 730 est3
461 701 537 723 nam
566 687 623 721 ubi
650 686 782 719 libertas
810 683 928 728 periit,
955 693 1020 715 una
1047 680 1091 713 ibi
1119 672 1296 723 pereunt¹³
1323 675 1444 708 omnia.

368 751 428 785 33.
482 747 645 782 Mortium
674 751 747 778 sunt
775 743 894 777 diversi
922 753 1015 776 casus
1026 737 1066 780 ¹⁴,
1091 750 1132 772 ex
1158 738 1278 782 quibus
1306 745 1407 777 crux,
1435 738 1468 765 et
1479 727 1503 748 ¹⁵
1530 729 1730 775 patibulum,
1757 727 1790 759 in
1817 736 1884 769 quo
1912 723 2066 757 homines
2092 733 2155 767 ap-

204 806 299 854 pensi
326 803 530 843 cruciantur,
558 799 611 833 vel
632 798 818 842 patiuntur,
846 794 936 827 unde
963 799 995 826 et
1022 792 1157 824 nomina
1184 789 1320 821 habent.

370 863 430 896 34.
483 859 674 894 Patibulum
708 857 793 890 enim
828 855 933 900 vulgo
974 853 1068 885 furca
1102 851 1240 889 dicitur,
1281 846 1374 891 quasi
1413 844 1523 876 serens
1566 845 1678 885 caput.

206 916 449 963 strangulatum
477 924 518 945 eo
534 909 557 929 ¹⁶
585 910 768 949 exanimat,
792 907 851 940 sed
880 905 1021 951 patibuli
1044 904 1151 937 minor
1178 911 1307 946 poena,
1334 908 1435 942 quam
1458 894 1572 928 crucis.

968 957 1025 989 diu
1053 955 1195 993 cruciat,
1223 951 1313 985 unde
1326 947 1349 967 ¹⁸
1375 950 1408 981 in
1437 945 1624 990 Evangelio
1653 942 1854 981 latronibus,
1880 945 1915 972 ut
1941 942 2159 978 morerentur,

207 971 318 1005 statim
347 967 529 1005 exanimat,
557 973 638 998 crux
665 967 775 994 autem
803 958 940 992 suffixos

1746 838 1953 882 Suspensum
1996 835 2083 868 enim
2124 838 2158 867 et

1628 893 1712 925 Nam
1739 889 1929 934 patibulum
1942 884 1964 904 ¹⁷
1992 896 2158 932 appensos

209 1028 242 1058 et
268 1022 312 1055 de
334 1020 429 1064 liguo
458 1021 535 1050 ante
562 1014 739 1047 sabbatum
763 1012 1020 1056 deponerentur,
1049 1018 1145 1042 crura
1173 1005 1345 1038 confracta
1371 1004 1463 1040 sunt,
1489 999 1569 1042 quia
1597 997 1690 1041 ligno
1718 993 1867 1039 suspensi
1890 992 1956 1025 cito
1982 991 2068 1024 mori
2094 999 2160 1022 non

210 1077 374 1119 poterant.

375 1118 434 1153 35.
487 1118 524 1151 ln
551 1118 625 1162 ipso
654 1110 828 1158 quoque¹⁹
855 1123 979 1158 genere
1006 1109 1096 1143 necis
1122 1107 1247 1141 differt.

1078 1161 1167 1193 fame
1194 1157 1321 1197 necari,
1357 1155 1494 1189 canibus
1528 1156 1560 1185 et
1586 1150 1696 1183 bestiis
1733 1143 1900 1191 exponi²'.
1954 1146 2039 1178 Nam
2075 1144 2164 1177 ferro

932 1213 1074 1248 Gladius
1103 1212 1188 1244 enini
1216 1210 1284 1241 sine
1311 1205 1458 1252 graviori
1470 1201 1495 1221 ²²
1522 1204 1671 1237 cruciatu
1707 1198 1949 1244 compendiosa
1975 1201 2083 1230 morte
2115 1195 2165 1227 vi-

210 1181 333 1221 quente
344 1170 370 1191 ²⁰
398 1170 566 1214 extingui,
598 1167 731 1212 ignibus
760 1165 827 1206 uri,
861 1166 990 1209 frigore
1019 1167 1052 1195 et

211 1227 297 1262 mori
331 1229 420 1258 aetas
446 1232 583 1265 quoque
608 1219 714 1251 maior
742 1216 877 1261 optavit.

211 1285 280 1313 tam
306 1276 401 1310 finire
428 1272 527 1306 novit.

379 1325 439 1359 36.
493 1316 689 1356 culleum²³
720 1324 769 1352 est
802 1315 1006 1363 parricidale
1041 1312 1212 1346 vasculum
1241 1310 1284 1342 ab
1312 1306 1521 1345 occulendo,
1561 1304 1596 1337 id
1624 1308 1671 1336 est
1697 1301 1890 1337 claudendo
1917 1300 2055 1333 dictum.

1301 1103 1479 1138 Crudelius
1513 1105 1561 1133 est
1594 1099 1681 1132 enim
1716 1097 1749 1129 in
1784 1107 1871 1139 aqua
1907 1093 2057 1139 spiritum
2092 1097 2162 1124 tor-

2108 1297 2166 1330 Est

215 1386 327 1415 autem
354 1384 426 1411 uter
454 1387 494 1409 ex
517 1374 611 1408 corio
640 1372 764 1409 factus.
791 1371 824 1403 in
851 1380 918 1412 quo
947 1366 1135 1412 parricidae
1163 1374 1239 1397 cum
1267 1361 1361 1394 simia
1372 1356 1396 1376 ²³
1424 1363 1457 1391 et
1483 1356 1579 1402 gallo
1607 1360 1639 1389 et
1664 1358 1819 1398 serpente
1845 1352 1982 1391 inclusi,
2017 1351 2049 1383 in
2076 1360 2167 1382 rnare

216 1431 486 1478 praecipitantur.
539 1424 700 1461 Omnium
728 1427 837 1455 autem
865 1422 1001 1452 istarum
1030 1417 1186 1451 mortium
1214 1425 1320 1458 genus
1349 1408 1592 1444 animadversio
1620 1407 1819 1440 nominatur.

497 1483 750 1520 Animadversio
779 1482 865 1515 enim
876 1477 900 1497 ²⁵

384 1488 443 1521 37.

928 1484 993 1518 est,
1027 1476 1163 1520 quando
1195 1473 1296 1506 iudex
1333 1482 1426 1504 reum
1456 1469 1568 1514 punit,
1604 1472 1637 1500 et
1663 1466 1785 1500 dicitur
1819 1461 2100 1502 animadvertere,
2134 1459 2168 1493 id

221 1548 270 1577 est
296 1543 443 1575 animum
467 1538 641 1571 advertere
666 1531 800 1574 itluc²⁶,
826 1531 998 1564 intendere
1026 1529 1138 1571 utique
1166 1526 1209 1558 ad
1238 1523 1444 1569 puniendum
1472 1531 1583 1556 reum,
1614 1519 1694 1561 quia
1720 1517 1820 1550 iudex
1847 1519 1905 1550 est,

222 1712 331 1740 turam
359 1712 551 1737 concessum
580 1704 627 1732 est
636 1695 669 1732 ²⁹.

314 1818 338 1848 1)
362 1819 387 1841 et
410 1810 512 1841 addidi
539 1819 554 1838 e
578 1808 634 1837 Gu.
661 1810 687 1838 1.
710 1822 750 1827 -
776 1805 805 1844 Ξ)
824 1803 1017 1844 postliminio
1042 1800 1178 1839 plerique

228 1870 274 1898 ap.
296 1857 385 1885 Arev.
402 1859 431 1884 et
449 1852 570 1891 gothici.
592 1866 634 1873 -—
656 1853 684 1888 3)
704 1850 763 1876 sint
781 1850 837 1876 Gn.
858 1851 883 1878 1.
901 1863 941 1867 —
964 1845 995 1882 4)
1012 1844 1060 1871 Sic
1078 1844 1135 1871 Gn.
1155 1845 1179 1873 1.

228 1904 258 1933 2.
274 1901 323 1929 Ar.
339 1914 380 1920 ——
402 1894 670 1933 Vulg.tni11i‹21·ia.
690 1908 732 1914 —
754 1894 781 1927 5)
814 1890 849 1918 id
870 1895 912 1917 cst
934 1898 990 1916 om.
1016 1887 1064 1916 Ar.
1089 1904 1125 1908 —
1150 1886 1179 1921 6)

229 1944 280 1972 Sic
303 1943 359 1971 Gu.
381 1943 407 1971 1.
433 1936 624 1975 (secuntur.)
649 1935 737 1972 Vulg.
764 1944 822 1961 ,ςιια
844 1937 1012 1972 sequuntur
1028 1928 1182 1968 (secuntur

231 1988 290 2026 pr.)
309 2000 349 2006 --
366 1987 394 2017 7)
406 1982 460 2010 Vv.
473 1982 565 2019 quasi
580 1989 672 2017 porro
688 1979 814 2018 scriptio
830 1987 887 2004 om.
905 1972 1076 2011 gothici.--
1093 1971 1123 2007 S)
1135 1971 1182 1999 Sic

231 2030 287 2058 Gu.
304 2031 332 2059 1.
347 2043 388 2048 —-—
411 2025 487 2064 quia
507 2023 587 2059 vulg.
611 2037 653 2043 —
675 2020 705 2060 9)
729 2019 773 2047 ml
794 2017 927 2047 eruenda
950 2016 1067 2043 moenia
1091 2014 1126 2042 al.
1150 2030 1183 2036 —-

234 2071 278 2110 10)
304 2071 392 2099 AreV.
409 2066 538 2096 coniecit
561 2067 593 2091 m
613 2069 742 2093 crustas,
763 2079 806 2086 -—
834 2062 880 2099 11)
898 2065 999 2087 natvm
1023 2059 1079 2085 (ju.
1096 2059 1124 2087 2.
1144 2072 1185 2078 —

235 2118 281 2146 1⁶2)
306 2112 389 2141 Servi
411 2109 601 2138 vocabuntur
631 2107 667 2134 al.
690 2116 746 2134 om.
779 2121 817 2126 —
857 2107 900 2136 13)
929 2102 977 2130 Sic
1010 2102 1066 2128 Gu.
1095 2102 1123 2128 1.
1146 2114 1187 2120 -ψ

232 2158 389 2196 perierunt
419 2152 518 2190 vulg.,
552 2160 627 2188 quae
652 2148 723 2177 add.
741 2153 786 2183 et,
817 2145 897 2185 quod
918 2144 960 2173 id.
985 2143 1051 2171 cod.
1073 2152 1128 2169 oui.
1154 2157 1188 2162 —

239 2198 282 2238 14)
306 2200 355 2226 Sic
375 2197 430 2225 Gu.
446 2198 473 2226 1.
495 2209 536 2215 -
558 2193 706 2220 fllorn'um
729 2201 797 2218 vero
820 2189 881 2217 div.
898 2198 958 2215 cas,
981 2186 1061 2222 vulg.
1082 2199 1119 2205 -
1148 2182 1189 2221 15)

238 2242 288 2270 Sic
310 2241 368 2269 Gu.
392 2242 418 2269 1.
434 2240 462 2269 2.
486 2247 533 2276 pr.
547 2245 594 2263 va.
613 2250 653 2256 —
670 2233 716 2261 rel
729 2233 808 2269 vulg,
834 2248 872 2253 -
902 2230 945 2269 16)
969 2229 1017 2256 Sic
1040 2229 1096 2255 Gu.
1116 2229 1191 2257 1.-

240 2295 272 2313 ex
296 2295 327 2311 eo
355 2284 405 2311 Ar,
433 2295 477 2303 --
514 2278 589 2306 haec
609 2286 693 2304 esan.
714 2275 795 2312 vulg.
825 2290 867 2295 —
895 2273 969 2300 lzaec
994 2282 1026 2298 επ
1053 2282 1083 2297 w
1107 2278 1190 2296 ezram.

241 2328 299 2357 Gu.
319 2329 348 2357 2.
375 2339 418 2346 -·
449 2323 495 2357 17)
514 2319 654 2359 patibulo
683 2319 737 2346 Gu.
752 2320 779 2347 2.
803 2332 845 2338 -—
876 2318 919 2352 18)
943 2314 1028 2351 Vulg.
1054 2311 1132 2340 ande
1156 2316 1191 2345 et,

243 2370 293 2398 sed
323 2374 350 2396 et
378 2377 434 2394 om.
459 2365 515 2393 Gu.
536 2367 562 2396 1.
590 2378 626 2383 -
663 2364 705 2393 19)
736 2361 773 2387 ln
794 2360 917 2397 ipsoque
943 2357 997 2384 Gu.
1017 2359 1042 2386 1.
1074 2371 1113 2376 —-
1145 2352 1191 2393 90)

243 2413 291 2441 Sic
313 2411 401 2440 Arev.
430 2423 471 2429 —
499 2407 610 2444 spiritu
641 2408 809 2442 torquentes
840 2402 897 2430 Gu.
923 2403 948 2430 1.
979 2414 1019 2420 —
1051 2398 1195 2435 spiritum

499 1597 583 1629 Ideo
618 1600 727 1628 autem
755 1592 900 1627 Romani
929 1601 1051 1633 aquam
1090 1592 1122 1620 et
1151 1580 1300 1630 ignem'fl
1335 1580 1579 1614 interdicebant
1613 1576 1814 1620 quibusdam
1850 1574 2029 1614 damnatis,
2062 1566 2173 1615 quia„

223 1666 280 1688 aer
307 1657 340 1685 et
366 1662 453 1694 aqua
484 1647 608 1682 cunctis
635 1651 747 1692 patet,
787 1650 820 1678 et
846 1643 1000 1676 omnibus
1028 1640 1107 1673 data
1134 1642 1225 1676 sunt,
1260 1640 1295 1668 ut
1320 1634 1369 1667 illi
1397 1643 1463 1666 non
1486 1631 1693 1669 fruerentur,

1724 1627 1818 1672 quod
1848 1625 2000 1658 omnibus
2026 1635 2087 1668 per
2114 1634 2171 1655 na·

1223 1796 1391 1835 torquente&
1414 1793 1494 1830 vulg.
1539 1791 1704 1827 Utrumque
1728 1798 1787 1817 om.
1811 1797 1858 1825 pr.
1878 1796 1923 1814 va.
1952 1799 1994 1806 --
2020 1786 2067 1822 21)
2091 1783 2174 1811 cam>

1223 1841 1278 1869 hus
1301 1844 1326 1866 et
1349 1838 1451 1866 hestiis
1474 1835 1578 1873 exponi
1597 1843 1654 1861 om.
1679 1831 1715 1859 al.
1751 1846 1783 1851 --
1826 1833 1870 1863 22)
1892 1828 2036 1867 graviore
2067 1826 2123 1854 Gu.
2147 1828 2176 1857 2,

1225 1894 1270 1911 va.
1293 1897 1334 1904 -—-
1356 1879 1470 1908 maiori
1492 1878 1542 1905 Ar.
1569 1892 1604 1898 —-
1631 1876 1676 1912 2⁷3)
1691 1873 1740 1902 Sic
1758 1873 1816 1902 Gu.
1835 1875 1861 1903 1.
1882 1875 1911 1904 2.
1929 1871 1966 1899 al.
1986 1880 2032 1899 va.
2048 1885 2089 1892 -
2109 1867 2176 1897 Cul-

1228 1925 1354 1954 leusAr.
1382 1939 1414 1943 —
1445 1920 1557 1949 Galeas
1580 1918 1661 1955 vulg.
1686 1933 1722 1939 —
1748 1914 1795 1954 94)
1805 1916 1894 1942 simio
1916 1914 1971 1942 Gu.
1987 1914 2017 1944 2.
2039 1909 2176 1947 aih—25)

1226 1970 1303 1997 enlm
1330 1964 1397 1994 add.
1421 1964 1476 1992 Gu.
1494 1965 1519 1994 1.
1543 1971 1588 1990 va.
1607 1962 1654 1990 Ar.
1680 1976 1717 1982 --
1741 1956 1909 1986 Animadv.
1925 1962 1967 1985 est
1983 1956 2062 1983 enim
2084 1954 2176 1985 Gu.2.

1226 2027 1267 2033 -—
1289 2009 1334 2047 26)
1359 2008 1406 2036 Sic
1421 2008 1476 2034 Gu.
1493 2008 1518 2037 1.
1542 2021 1581 2026 —
1609 2004 1686 2032 illuc
1717 2008 1825 2029 vertere
1848 1999 1928 2037 vulg.
1950 2013 1992 2020 ·—·
2021 1997 2097 2025 illuc
2119 1992 2177 2023 ad-

1228 2058 1300 2082 swrt.
1324 2052 1379 2079 Gu.
1401 2052 1429 2080 2.
1454 2059 1499 2076 va.
1524 2048 1609 2075 Arev.
1640 2062 1681 2068 —
1714 2045 1762 2082 27)
1785 2053 1869 2082 aqua
1891 2047 1916 2069 et
1939 2041 2007 2078 igni
2028 2039 2114 2068 Arev.
2140 2051 2176 2059 -

1231 2094 1277 2132 28)
1302 2094 1449 2133 quoniam
1473 2091 1528 2119 Gu.
1551 2092 1579 2121 2.
1610 2106 1652 2111 —
1681 2085 1729 2126 29)
1751 2087 1784 2115 ln
1808 2086 1865 2114 Gn.
1888 2087 1919 2115 2.
1953 2083 2043 2111 haec:
2069 2079 2179 2119 Incipit

1230 2138 1304 2167 liber
1330 2136 1378 2164 vl.
1400 2136 1435 2163 de
1465 2133 1556 2162 sacris
1579 2130 1748 2171 scripturis.
1792 2127 1872 2156 Libri
1891 2126 1926 2154 V.
1954 2135 2024 2165 pars
2048 2124 2086 2153 de
2107 2128 2178 2152 tem—

1233 2179 1356 2220 poribus
1378 2182 1422 2206 est
1454 2176 1484 2204 in
1510 2186 1544 2204 eo
1573 2175 1637 2203 cod.
1662 2177 1732 2212 post
1760 2169 1867 2200 Isidori
1893 2169 2002 2197 librum
2026 2167 2063 2196 de
2082 2173 2178 2195 rerum

1233 2227 1348 2251 natura.
1393 2220 1446 2247 [lle
1463 2219 1527 2257 ipse
1542 2222 1639 2246 autem
1658 2216 1734 2245 liber
1755 2214 1792 2242 de
1805 2222 1904 2241 rerum
1927 2215 2033 2239 natura
2048 2207 2180 2247 sequitur

1236 2270 1305 2304 post
1325 2262 1376 2291 lib.
1394 2262 1442 2290 111.
1487 2262 1569 2296 Quae
1587 2265 1683 2288 autem
1700 2257 1746 2286 his
1769 2255 1926 2284 duodecim
1944 2252 2092 2292 capitibus
2107 2259 2178 2280 con-

1234 2309 1387 2340 timentur,
1413 2305 1475 2343 ipse
1492 2303 1622 2331 isidorus
1645 2313 1660 2331 e
1676 2311 1729 2329 suo
1749 2299 1824 2327 libro
1841 2296 2002 2336 copiosiori
2025 2295 2062 2324 de
2083 2301 2178 2323 rerum

1235 2355 1341 2379 natura
1366 2347 1427 2376 huc
1447 2346 1609 2377 transtulit.
1655 2344 1717 2373 Hoc
1741 2345 1838 2370 autem
1864 2340 1931 2368 loco
1958 2338 2051 2367 estin
2076 2337 2132 2365 Gu.
2151 2336 2179 2366 2·

1236 2394 1311 2422 liber
1329 2391 1365 2420 de
1384 2390 1548 2423 medicina,
1573 2398 1661 2427 quem
1685 2385 1819 2424 sequitur
1842 2383 1918 2412 liber
1935 2381 1970 2410 de
1992 2377 2179 2419 temporibus,
