2255 2819
243 120 318 156 570

407 213 440 245 2.
494 211 600 244 Causa
629 204 769 241 vocata¹
798 219 817 239 a
844 218 939 251 casu,
985 219 1052 252 quo
1081 209 1198 241 evenit.

937 115 1114 149 ISIDORl
1140 115 1320 150 HISPAL.
1348 117 1489 152 EPISC.

1270 209 1330 242 Est·
1358 211 1444 243 enim
1471 212 1607 245 materia
1635 208 1690 244 et²
1718 212 1816 257 origo
1852 213 1995 257 negotii,
2036 214 2179 249 necdum

244 265 451 300 discussionis
478 261 625 295 examine
651 259 837 303 patefacta,
873 271 959 302 quae
987 261 1066 292 dum
1094 261 1328 304 praeponitur,
1372 273 1468 294 causa
1496 269 1559 304 est,
1602 264 1682 296 dum
1706 264 1896 304 discutitur,
1938 264 2096 297 iudicium
2121 272 2180 310 est,

243 319 323 351 dum
351 318 476 353 linitur5
518 311 644 344 iustitia.

243 370 404 403 Iudicium
433 369 541 397 autem
569 362 658 406 prius
686 361 849 405 inquisitio
878 364 1068 397 vocabatur.

242 422 295 454 vel
329 422 518 463 quaestores
533 411 545 431 θ’
579 413 786 446 nominamus
799 411 820 449 ἵ,

718 308 905 343 Vocatum³
932 317 1043 344 autem
1070 312 1228 344 iudicium
1255 312 1347 355 quasi
1374 314 1552 347 iurisdictio
1567 312 1594 356 ⁴,
1642 322 1674 348 et
1701 316 1820 348 iustitia
1849 316 1942 358 quasi
1968 316 2044 348 iuris
2069 322 2180 351 status.

1137 360 1259 396 Unde⁵
1294 370 1422 397 actores
1448 366 1646 400 iudiciorum
1675 372 1707 399 et
1733 368 1943 411 praepositos
1980 368 2180 410 quaesitores

403 467 437 502 3,
489 466 670 510 Negotium
698 462 833 498 autem8
870 465 972 498 multa
1006 465 1187 510 significat,
1217 465 1319 498 modo
1347 472 1458 500 actum
1493 468 1539 500 rei
1568 465 1741 510 alicuius⁹‚
1784 470 1836 503 cui
1864 469 2062 504 contrarium
2098 466 2181 503 est¹⁰

241 522 368 561 otium,
403 518 506 552 modo
538 518 702 551 actionem
730 528 863 556 causae,
900 514 1019 560 quae¹¹

240 574 274 606 id
303 577 350 606 est
371 571 438 604 sine
465 570 542 602 otio.

240 631 311 666 tur,
345 629 381 657 ut
411 623 536 655 maiora
566 621 742 654 lucrentur.

1049 523 1096 550 est
1126 518 1270 562 iurgium
1294 518 1367 550 litis.

597 569 778 613 Negotium
806 565 952 601 autem¹²
987 569 1018 600 in
1046 569 1168 610 causis,
1203 570 1384 613 negotiatio
1411 569 1443 602 in
1477 573 1686 604 commerciis
1712 573 1848 612 dicitur,
1883 573 1940 606 ubi
1966 572 2091 616 aliquid
2120 573 2181 605 da-

1436 519 1481 550 Et
1503 519 1628 552 dictum
1655 521 1826 565 negotium
1854 521 1946 565 quasi
1979 532 2041 554 nec
2066 522 2181 562 otium,

404 673 439 707 4.
492 673 643 717 Iurgium
684 671 828 712 dictum,
875 670 967 714 quasi
1008 671 1084 703 iuris
1123 671 1298 715 garrium,
1341 683 1381 704 eo
1423 672 1516 715 quod
1558 669 1639 715 him,
1681 674 1737 718 qui
1778 686 1910 709 causam
1938 674 2069 715 dicunt,
2110 674 2181 707 iure

241 727 428 771 disceptent
440 721 474 757 ¹⁴.

341 778 398 812 Lis
425 789 444 809 a
471 774 680 809 contentione
707 773 817 806 limitis
844 773 934 817 prius
962 784 1082 805 nomen
1109 774 1255 817 sumpsit.

1309 773 1360 806 De
1387 786 1453 817 qua
1468 771 1490 790 ¹⁵
1520 775 1677 821 Virgilius
1690 773 1730 808 ¹⁶:

468 827 585 859 Limes
614 829 689 858 crat
719 825 873 870 positus,
906 824 999 856 litem
1028 828 1061 856 ut
1092 824 1305 857 discerneret
1334 827 1430 870 agri.

405 876 439 910 5.
493 877 602 911 Causa
616 873 639 892 ¹⁷
667 882 722 909 aut
748 881 944 920 argumento
972 880 1028 908 aut
1054 876 1252 919 probatione
1280 883 1417 910 constat.

342 932 588 974 Argumentum
619 940 785 971 nunquam
813 927 964 967 testibus,
1011 938 1179 970 nunquam
1210 927 1330 959 tabulis
1363 928 1421 960 dat
1448 929 1699 972 probationem,
1741 928 1800 962 sed
1832 929 1905 962 sola
1931 928 2181 973 investigatione

241 983 362 1016 invenit
389 982 578 1019 veritatem,
606 980 694 1011 unde
723 985 754 1011 et
782 979 905 1011 dictum
934 985 1183 1022 argumentum,
1210 979 1243 1011 id
1273 984 1321 1011 est
1349 986 1503 1025 argutum
1532 981 1709 1013 inventum.

341 1032 501 1067 Probatio
530 1036 639 1063 autem
667 1031 802 1062 testibus
831 1035 862 1062 et
890 1030 956 1062 lide
983 1030 1167 1062 tabularum
1196 1035 1334 1063 constat.

404 1083 438 1116 6.
491 1083 528 1115 ln
556 1078 679 1114 omni¹8
707 1081 829 1114 iudicio
861 1092 915 1113 sex
949 1092 1111 1124 personae
1146 1089 1363 1123 quaeruntur,
1407 1082 1524 1123 iudex,
1571 1088 1759 1125 accusator,
1802 1094 1875 1115 reus
1911 1087 1943 1114 et
1977 1087 2041 1114 tres
2076 1085 2182 1113 testes.

342 1134 447 1167 Iudex
475 1134 598 1171 dictus,
626 1133 717 1175 quasi
741 1133 788 1164 ius
816 1132 928 1165 dicens
956 1133 1104 1175 populo,
1132 1133 1197 1164 sive
1225 1133 1316 1176 quod
1344 1134 1414 1165 iure
1442 1134 1615 1178 disceptet.

560 1186 634 1216 Non
663 1188 710 1215 est
737 1189 846 1215 autem
868 1183 984 1220 iudex.
1013 1184 1036 1214 si
1064 1195 1129 1215 non
1156 1188 1202 1215 est
1228 1185 1259 1215 in
1288 1196 1327 1216 eo
1356 1184 1484 1216 iustitia.

241 1188 322 1220 iuste
348 1186 506 1219 iudicare.

1673 1134 1748 1167 lure
1783 1139 1892 1166 autem
1921 1134 2107 1177 disceptare
2137 1136 2184 1165 est

404 1237 438 1271 Ἴ.
493 1237 677 1269 Accusator
701 1241 835 1267 vocatur
849 1231 888 1274 ¹⁵³,
915 1235 1007 1277 quasi
1039 1232 1280 1275 adcausator‘*'⁰‚
1308 1235 1385 1277 quia
1414 1235 1457 1267 ad
1485 1246 1617 1268 causam
1644 1240 1741 1268 vocat
1769 1246 1863 1277 eum,
1891 1246 1990 1277 quem
2019 1233 2181 1277 appellat.

341 1289 432 1322 Reus
460 1300 479 1319 a
506 1299 558 1327 re⁷
587 1299 652 1330 qua
680 1287 821 1330 petitur,
850 1291 1058 1329 nuncupatur
1071 1283 1106 1326 ²¹,
1134 1287 1230 1328 quia,
1266 1287 1414 1330 quamvis
1446 1287 1578 1320 sceleris
1613 1287 1761 1320 conscius
1789 1297 1854 1319 non
1881 1287 1936 1328 sit,
1973 1297 2045 1318 reus
2072 1291 2182 1317 tamen

241 1340 380 1384 dicitur,
409 1338 569 1383 quamdiu
596 1340 628 1371 in
656 1338 777 1371 iudicio
806 1349 868 1381 pro
896 1349 931 1369 re
959 1338 1069 1380 aliqua
1097 1338 1229 1381 petitur.

404 1391 438 1426 8.
492 1391 611 1423 Testes
638 1390 812 1432 antiquitus
841 1389 1030 1432 superstites
1060 1389 1272 1429 dicebantur,
1315 1400 1355 1422 eo
1383 1389 1475 1432 quod
1500 1400 1601 1433 super
1627 1394 1746 1422 statum
1774 1399 1891 1422 causae
1918 1386 2182 1432 proferebantur.

241 1443 338 1476 Nunc
365 1448 462 1486 parte
489 1442 600 1474 ablata
627 1442 784 1481 nominis,
814 1446 910 1473 testes
939 1441 1048 1474 vocari
1060 1437 1094 1474 ²².

404 1494 438 1525 9.
490 1494 600 1525 Testis
628 1498 736 1526 autem
765 1493 990 1525 consideratur
1017 1492 1227 1530 conditione,
1262 1496 1376 1523 natura
1405 1496 1436 1523 et
1463 1492 1538 1524 vita.

361 1545 449 1577 Nam
476 1556 577 1587 saepe
604 1556 714 1577 servus
741 1550 830 1576 metu
858 1544 1057 1576 dominantis
1089 1542 1312 1575 testimonium
1341 1543 1517 1588 supprimit
1552 1543 1703 1575 veritatis.

242 1556 308 1578 VUS·

242 1596 374 1631 femina.
425 1596 511 1629 Nam
522 1591 547 1612 ²⁸

475 1655 620 1687 Varium
649 1659 681 1687 et
708 1654 876 1688 mutabile
901 1665 1039 1700 semper

469 1706 616 1739 Femina
628 1702 661 1738 ²⁴.

245 1766 336 1805 vita,
376 1766 400 1797 si
427 1766 583 1799 innocens
611 1770 643 1798 et
676 1765 806 1809 integer
833 1769 917 1799 actu.

245 1817 363 1849 iustitia
390 1828 465 1850 cum
494 1818 656 1851 scelerato
685 1816 811 1849 habere
838 1817 1039 1849 societatem.

332 1922 362 1963 1)
385 1925 432 1952 Sic
453 1924 509 1952 Gu.
539 1928 565 1956 1.
588 1927 617 1955 2.
640 1925 677 1952 al.
708 1942 747 1947 -
780 1930 904 1952 vocatur
926 1924 1004 1962 vulg.
1037 1940 1074 1946 —
1114 1926 1141 1958 2)
1168 1929 1193 1950 et

248 1977 306 1995 om.
327 1966 429 1997 Gu.1.
458 1982 495 1987 —
530 1965 559 2006 3)
593 1966 732 1994 Vocatur
767 1967 822 1995 Gu.
845 1970 874 1998 2.
899 1984 940 1990 -—-
982 1967 1010 2005 4)
1033 1965 1193 1994 iurisdisio

247 2019 294 2037 va.
324 2025 366 2030 —
399 2007 428 2048 5)
460 2008 541 2035 Unde
571 2014 595 2035 ct
621 2010 717 2046 vulg,
750 2009 801 2037 sed
824 2016 848 2036 et
874 2020 930 2038 om.
958 2010 1013 2037 Gu.
1039 2013 1062 2039 1.
1095 2026 1133 2030 —
1165 2012 1193 2046 (3)

247 2052 296 2080 Sic
319 2051 375 2079 Gu.
400 2053 426 2081 1.
452 2066 494 2072 —
518 2057 685 2088 quaestores
711 2052 756 2078 uel
778 2054 962 2090 quaesitores
985 2052 1064 2089 vulg.
1089 2067 1131 2073 -—
1165 2054 1194 2088 7)

249 2094 298 2121 Sic
329 2094 386 2121 Gu.
412 2094 436 2123 1.
466 2108 507 2113 —
535 2104 677 2121 vocamus
700 2094 780 2131 vulg.
803 2111 844 2115 —
874 2098 900 2132 S)
932 2101 1031 2122 autem
1055 2094 1158 2122 addidi
1181 2105 1195 2123 e

250 2136 307 2164 Gu.
334 2139 361 2166 1.
386 2137 415 2165 2.
445 2150 486 2156 -
521 2137 552 2170 9)
582 2137 624 2162 rei
649 2136 750 2164 addidi
774 2147 788 2164 e
811 2137 867 2165 Gu.
899 2140 926 2168 1.
948 2140 976 2168 2.
1001 2147 1045 2175 pr,
1078 2137 1127 2164 Ar.
1158 2153 1193 2158 —

252 2179 298 2214 10)
327 2177 376 2206 Sic
397 2177 453 2204 Gu.
478 2178 505 2207 1.
527 2179 555 2207 2.
580 2187 625 2215 pr.
648 2188 695 2205 va.
720 2179 767 2206 Ar.
796 2195 837 2200 —
867 2186 908 2206 est
935 2185 1028 2208 contr.
1053 2179 1132 2216 vulg.
1155 2195 1196 2200 —-

254 2217 300 2259 11)
331 2220 379 2247 Sic
412 2219 471 2248 Gu.
503 2221 530 2249 l.
554 2221 583 2249 2.
618 2235 658 2240 -—
692 2220 775 2257 quod
804 2221 884 2259 vulg.
909 2238 949 2243 -
983 2223 1029 2258 12)
1054 2227 1095 2248 ‹us-t
1127 2221 1194 2250 add.

252 2262 333 2300 vulg.
358 2278 396 2283 —
435 2262 500 2289 Om.
531 2261 585 2288 Gu.
616 2263 640 2291 1.
664 2264 691 2291 2-
717 2271 761 2289 va.
786 2262 835 2290 Ar.
858 2281 894 2284 —
928 2265 1000 2301 Ncg.
1023 2270 1063 2291 est
1095 2270 1196 2291 autem

254 2315 298 2343 pr.
322 2320 363 2325 —
394 2302 436 2342 13)
465 2303 498 2330 ln·
529 2302 632 2331 addidi
662 2313 677 2331 e
707 2303 763 2333 Gu.
790 2307 866 2335 1.2.
890 2316 934 2334 va.
958 2322 998 2328 —
1033 2308 1057 2333 ιῖί
1081 2307 1129 2336 Ar.
1158 2324 1192 2329 .-

256 2347 302 2383 14)
333 2348 398 2374 iure
429 2345 553 2384 Δι’-περί.
582 2344 640 2374 dic.
674 2345 730 2373 Gu.
756 2348 781 2375 1.
813 2364 849 2367 —
887 2349 951 2375 ιἰιη
982 2347 1040 2377 dic.
1071 2348 1195 2387 dis-cept.

257 2389 313 2418 Gu.
334 2392 363 2421 2.
386 2405 423 2409 —
452 2388 499 2426 15)
523 2388 571 2416 Sic
596 2388 653 2417 Gu.
676 2390 701 2420 1.
724 2389 754 2419 2.
776 2387 814 2416 al.
840 2398 885 2426 pr.
908 2405 949 2410 —
972 2401 1031 2427 quo
1055 2391 1134 2428 vulg.
1155 2406 1196 2412 -

971 1766 1056 1797 Nam
1084 1766 1108 1798 si
1144 1766 1208 1797 vita
1236 1765 1324 1797 bona
1350 1763 1510 1804 defuerit,
1551 1763 1620 1796 fide
1655 1763 1790 1796 carebit.

1594 1491 1812 1529 Conditione,
1841 1490 1866 1522 si
1894 1489 1996 1529 liber,
2022 1499 2088 1521 non
2115 1499 2184 1521 ser-

1770 1542 1915 1581 Natura,
1949 1541 1974 1573 si
2008 1541 2073 1581 vir,
2117 1550 2184 1572 non

1857 1762 1931 1794 Non
1960 1761 2046 1793 enim
2073 1764 2184 1804 potest

1239 1922 1282 1962 16)
1307 1924 1376 1952 Aen.
1406 1922 1476 1958 XII,
1507 1924 1578 1953 898.
1614 1939 1656 1945 -
1695 1920 1741 1961 17)
1771 1926 1873 1949 autem
1901 1920 1968 1949 add.
1991 1930 2036 1949 va.
2067 1936 2109 1942 —
2141 1923 2182 1955 18)

1237 1972 1338 1994 autem
1360 1965 1426 1995 add.
1440 1965 1518 2002 vulg.
1536 1981 1570 1985 —
1587 1975 1643 1993 om.
1661 1966 1794 1994 Gu.1.—
1809 1966 1841 1992 in
1863 1974 1948 1991 omne
1970 1986 1976 1992 .
2002 1985 2007 1991 .
2031 1961 2182 1991 iudicium

1238 2011 1294 2038 Gu.
1316 2012 1344 2040 2.
1365 2025 1406 2031 —
1430 2007 1474 2045 19)
1495 2007 1545 2034 Sic
1569 2007 1624 2035 Gu.
1654 2011 1679 2038 1.
1701 2010 1730 2038 2.
1753 2017 1798 2035 va.
1823 2023 1863 2029 -
1891 2011 2018 2034 vocatas
2039 2005 2119 2042 vulg.
2140 2020 2182 2026 —

1237 2056 1282 2086 ΞΟ)
1307 2050 1470 2079 ιιιΙειιεαίυν
1501 2051 1555 2079 Gu.
1581 2053 1606 2080 1.
1637 2067 1674 2072 -η
1704 2048 1752 2086 21)
1782 2049 1830 2077 Sic
1861 2049 1917 2076 Gu.
1940 2053 1964 2080 1.
1987 2051 2015 2080 2.
2037 2063 2079 2068 —
2099 2058 2182 2076 ιιιιη-

1239 2100 1371 2132 cupatus
1393 2093 1473 2129 vulg.
1504 2108 1544 2113 —
1582 2090 1628 2132 22³)
1653 2092 1702 2119 Sic
1732 2092 1789 2120 Gu.
1812 2094 1837 2122 1.
1860 2094 1887 2123 2,
1911 2091 1948 2119 al.
1975 2107 2011 2111 —
2036 2096 2182 2118 vocantur

1239 2137 1320 2174 vulg.
1347 2152 1383 2156 —
1408 2134 1455 2174 2⁷¹5)
1481 2134 1558 2172 Virg.
1583 2135 1652 2163 Aen.
1678 2134 1726 2167 IV,
1750 2135 1819 2165 569.
1843 2150 1884 2154 —-
1906 2134 1951 2167 24)
1974 2132 2091 2161 dicitur
2112 2132 2181 2161 add.

1239 2179 1295 2206 Gu.
1321 2181 1346 2209 1.
1378 2179 1466 2205 varia
1490 2183 1515 2204 et
1546 2177 1705 2205 mutabilis
1739 2182 1781 2203 est
1804 2177 2065 2214 sempersemina.
2111 2175 2182 2203 Na-

1238 2227 1310 2248 tura
1335 2221 1416 2247 IVam
1448 2222 1569 2247 varium
1598 2227 1623 2247 et
1653 2219 1799 2247 mutabile
1831 2229 1943 2256 Semper
1961 2219 2084 2255 femina
2110 2216 2181 2245 edit.

1237 2273 1285 2291 va.
1310 2279 1346 2284 -
1382 2266 1427 2298 25)
1458 2264 1531 2290 Duo
1556 2268 1656 2290 autem
1684 2267 1755 2289 sunt
1785 2262 1840 2289 Gu.
1862 2264 1893 2292 2.
1924 2271 1970 2290 va.
2000 2276 2039 2281 —-
2077 2256 2124 2298 26)
2148 2257 2183 2286 id

1238 2304 1321 2344 quod
1342 2305 1423 2342 vulg.
1448 2305 1510 2338 bis,
1532 2305 1583 2333 sed
1606 2316 1664 2335 om.
1689 2305 1744 2334 Gu.
1773 2306 1798 2335 1.
1819 2319 1861 2325 —
1887 2303 1933 2340 27)
1957 2302 2005 2329 Sic
2028 2301 2084 2331 Gu.
2105 2305 2129 2332 1.
2153 2304 2180 2332 2.

1237 2364 1279 2369 ——
1301 2347 1442 2385 oblegtcnt
1464 2348 1543 2384 vulg.
1572 2363 1614 2369 —-
1649 2347 1695 2386 28)
1718 2347 1892 2384 semetipsas
1922 2345 1977 2372 Gu.
2001 2346 2027 2373 1.
2055 2359 2097 2366 —
2132 2344 2180 2381 29)

1238 2391 1281 2418 ibi
1303 2391 1335 2420 Z.
1365 2407 1407 2411 -—
1441 2390 1488 2427 30)
1512 2391 1688 2428 inspectatio
1711 2389 1744 2418 Z.
1775 2404 1812 2409 -—
1850 2383 1899 2426 31)
1921 2388 1965 2414 sic
1987 2385 2089 2415 addidi
2112 2396 2126 2416 e
2149 2386 2180 2414 Z.
