2264 2830
779 100 1025 135 ORIGINUM
1066 103 1210 137 LIBER
1236 105 1277 138 X.

1933 105 2004 140 341

228 195 312 231 208.
361 196 493 236 Potens,
521 197 617 229 rebus
636 195 704 227 late
730 199 862 239 patens:
889 195 979 228 unde
1001 201 1033 229 et
1052 202 1206 241 potestas,
1234 199 1327 243 quod
1353 203 1466 243 pateat
1493 199 1541 231 illi
1568 195 1736 242 quaqua²⁹
1759 199 1849 240 velit,
1877 198 2007 234 nemo³⁰

63 248 276 288 intercludat,
303 248 412 280 nullus
435 249 594 280 obsistere
621 247 739 280 valeat.

166 300 401 343 Prueopinius,
428 311 507 343 prae
535 300 672 332 caeteris
700 300 819 342 opibus
843 300 1009 343 copiosus.

229 352 313 384 209.

64 404 98 436 id
127 409 175 436 est
201 414 334 447 pecora.

64 455 154 488 aliud
180 455 374 488 devolutum
401 457 448 485 est
459 449 494 488 ³⁵.

228 505 312 537 210.
363 504 520 536 Pervicax
547 505 685 549 proprie
712 505 849 545 dicitur,
882 503 971 548 qui³⁰
998 506 1028 538 in
1058 507 1233 550 proposito
1261 517 1320 538 suo
1349 505 1390 538 ad
1419 506 1591 539 victoriam
1618 512 1818 551 perseverat.

367 351 567 383 l'ecuuiosos
594 348 762 383 Tullius-'¹¹
793 351 935 394 primum
964 364 1020 384 eos
1048 352 1154 385 dictos
1175 352 1287 392 refert,
1315 353 1371 395 qui
1399 354 1575 396 plurimam
1602 353 1796 386 habuissent
1821 354 2009 397 pecuniam,

387 402 436 434 lta
464 402 550 435 enim
578 414 634 434 eos
662 403 786 445 antiqui
797 400 821 419 ⁵¹²
844 403 1070 446 appellabant.

1124 404 1289 436 Paulatim
1317 402 1462 437 autem³³
1489 416 1550 449 per
1570 406 1763 438 abusionem
1785 416 1905 439 nomen
1933 402 2009 438 ad³⁸

1872 508 2009 551 Antiqui

65 559 151 591 enim
176 557 293 591 viciam
307 552 332 572 ³²
361 555 534 598 dicebant,
568 568 669 599 quam
695 568 754 589 nos
788 558 978 591 victoriam:
1013 558 1135 599 credo,
1169 558 1262 601 quod
1289 557 1366 590 inde
1401 555 1554 591 dicitur³⁸
1581 559 1688 591 herba
1721 556 1858 601 vicia'ffl,
1891 560 1926 592 id
1962 564 2009 592 est

64 609 248 644 victorialis.

226 658 310 692 211.
363 658 482 691 Pernix
510 671 529 691 a
556 659 754 703 pernitendo
781 664 923 693 tractum
936 657 946 675 ‘¹

64 712 214 746 velocem
240 710 428 754 intelligunt
454 711 606 754 pedibus.

289 761 495 795 pernicibus
525 763 635 807 ignea
663 763 817 807 plantis.-

62 815 143 848 sicut
169 813 317 847 celeritas
344 825 528 857 pennarum
554 819 619 853 est,
645 811 731 847 ut⁴²z

293 865 476 909 Celet-ique
491 865 597 910 suga
623 865 686 898 sub
712 865 835 898 sidera
861 865 998 910 lapsae.

949 656 961 676 0

228 915 312 949 212.
366 917 487 960 Piger,
527 917 620 960 quasi
639 916 785 962 pedibus
812 928 923 962 aeger.

62 980 156 1002 usum
183 968 306 1001 transiit
319 964 339 984 ¹³
366 968 410 1000 ad
437 969 591 1002 animum.

163 1021 311 1059 Pernox,
339 1020 541 1064 pervigilans
567 1025 676 1054 nocte.
735 1021 951 1054 Perseverans

971 686 979 701 ‚
1021 660 1055 692 id
1089 664 1135 692 est
1170 659 1201 692 in
1229 661 1401 693 conatibus
1428 661 1684 705 perseverando.

659 712 745 743 Nam
773 713 950 756 pernicitas
977 712 1103 756 pedum
1132 716 1198 752 est,
1228 718 1262 744 ut
1276 708 1316 744 ⁴¹:

963 1016 987 1036 ⁴1
1012 1021 1034 1053 ι.

1747 661 1812 694 Alii
1840 662 2009 707 pernicem

979 917 1041 951 Est
1076 918 1163 950 enim
1194 916 1307 950 tardus
1335 917 1378 950 ad
1406 917 1647 951 incedendum:
1686 916 1779 960 quod
1806 927 1928 949 nomen
1951 927 2011 960 per

164 1071 334 1112 Pertinax,
360 1071 572 1115 impudenter
598 1077 730 1112 tenens,
757 1073 850 1116 quasi
877 1073 1054 1116 pertinens.

224 1121 309 1155 213.
365 1123 518 1155 Petulans
544 1135 632 1157 nunc
658 1124 794 1167 quidem
823 1136 885 1168 pro
913 1124 1041 1156 audace
1068 1128 1100 1155 et
1126 1123 1283 1168 improbo
1311 1123 1462 1167 ponitur:
1497 1122 1578 1155 olim
1602 1127 1712 1155 autem
1724 1118 1749 1138 ⁴⁵
1776 1120 1889 1154 acerbi
1912 1120 2011 1164 flagi-

60 1179 198 1214 tatores,
227 1179 258 1206 et
279 1174 417 1218 proprie
444 1176 707 1219 argentariorum
735 1176 829 1219 pueri
857 1182 1051 1209 coactorum

61 1226 125 1259 rius
152 1226 346 1271 exigebant,
375 1238 393 1258 a
420 1227 568 1270 petendo
595 1227 781 1271 petulantes
808 1224 961 1261 vocatiffl.

223 1285 309 1318 214.
362 1286 493 1319 Procax
526 1287 664 1330 proprie
700 1282 852 1319 (licitur⁴⁰
876 1285 966 1318 idem
999 1284 1092 1328 quod
1124 1288 1236 1328 petax.

61 1337 217 1382 petitores
246 1337 436 1380 nuptiarum
447 1333 471 1353 ⁵¹
498 1338 595 1381 proci
624 1337 786 1370 dicuutur.

1064 1172 1107 1217 ⁴¹³,
1140 1172 1218 1208 (ιοῃ
1249 1175 1343 1219 quod
1378 1175 1486 1219 pretia
1523 1185 1634 1207 rerum
1668 1173 1814 1208 crebrius
1850 1177 1882 1204 et
1909 1182 2010 1216 aspe-

1570 1279 1595 1300 50

1296 1284 1383 1316 Nam
1417 1295 1560 1328 procare
1623 1288 1671 1316 est
1696 1288 1827 1328 petere:
1862 1281 1951 1316 unde
1978 1287 2010 1315 et

210 1387 296 1420 215.
348 1388 515 1432 Prodigus
542 1394 753 1433 sumptuosus
787 1392 889 1431 atque
917 1392 1148 1432 consumptor,
1182 1386 1239 1430 qui
1267 1386 1377 1418 omnia
1410 1397 1513 1430 porro
1548 1385 1618 1430 agit
1652 1389 1685 1418 et
1711 1385 1804 1428 quasi
1831 1380 2007 1429 proiicit⁵².

162 1439 332 1483 Prosugus
359 1441 497 1483 proprie
525 1440 661 1480 dicitur,
689 1440 744 1483 qui
771 1439 892 1483 procul
917 1451 935 1471 a
962 1439 1093 1472 sedibus
1120 1438 1183 1471 suis
1213 1443 1371 1483 vagatur,
1396 1438 1488 1481 quasi
1515 1448 1619 1482 porro
1646 1437 1790 1481 fugatus.

160 1491 359 1536 Peregrinus
385 1491 489 1535 longe
516 1503 535 1523 a
558 1492 665 1536 patria
690 1491 832 1535 positus,
854 1491 937 1524 sicut
962 1490 1159 1535 alienigena.

223 1549 308 1582 216.
359 1550 529 1583 Proiectus
555 1552 647 1594 quasi
674 1551 779 1595 longe
806 1555 838 1583 et
863 1550 985 1594 procul
1016 1551 1154 1584 iactatus
1167 1545 1211 1590 ⁵³,
1259 1549 1342 1582 sicut
1369 1553 1402 1582 et
1429 1547 1606 1593 prodmrit,
1653 1546 1747 1590 quasi
1782 1556 1887 1591 porro
1914 1545 2010 1579 illurn

60 1600 152 1633 duxit
165 1596 206 1640 ⁵⁴,
234 1598 301 1634 et⁵⁵
327 1602 539 1645 provocavit,
573 1600 702 1646 quasifffi
729 1613 832 1646 porro
859 1602 952 1634 illum
976 1602 1116 1636 vocavit.

160 1652 349 1692 Proiectus,
377 1653 469 1696 quasi
496 1664 599 1697 porro
628 1654 751 1687 eiectus
775 1664 815 1687 ac
836 1650 1087 1697 proiactatusffl,
1116 1651 1224 1686 unde:

284 1702 553 1750 Ριίηέῑιταῳιεὲ·Θ
577 1717 671 1739 saxa
696 1705 859 1750 Pachyni

59 1752 95 1786 id
121 1757 169 1787 est
194 1765 297 1800 porro
324 1756 454 1791 iactata.

223 1805 307 1840 217.
359 1807 579 1853 Proscriptus,
595 1807 687 1842 cuius
707 1808 796 1842 bona
810 1807 925 1853 palam
944 1811 976 1841 et
984 1803 1008 1824 ⁵⁹
1030 1810 1146 1851 aperte
1162 1799 1437 1846 describunturffl‘,
1458 1802 1620 1846 bonisque
1637 1801 1708 1836 fisci
1723 1800 2009 1846 agglomerantur.

60 1915 205 1954 telligitur
226 1915 311 1944 loeus
334 1926 350 1945 e
373 1916 432 1946 Cic.
457 1917 493 1946 de
515 1917 588 1957 Rep.
610 1918 654 1953 11,
678 1920 708 1949 9.
735 1922 812 1947 extr.
845 1916 890 1946 ed.
916 1915 1009 1945 Orell.

59 1959 137 1997 Opp.
161 1957 221 1986 Cic.
244 1975 285 1980 ——-
313 1960 360 1997 39)
385 1960 433 1987 Sic
455 1960 556 1991 Gu.1.
580 1976 621 1982 -
643 1960 730 1998 Vulg.
755 1961 878 1998 antiqui
898 1970 945 1986 eos
967 1974 1008 1981 —

59 2007 86 2029 et
109 2006 171 2029 ant.
192 2012 239 2028 eos
263 2002 362 2032 Gu.2.
384 2012 428 2040 pr.
455 2020 489 2024 -—
526 2004 573 2040 33)
596 2005 674 2031 enim
697 2004 753 2031 Gu.
774 2006 799 2033 1.
823 2019 865 2025 —
894 2000 942 2040 34)
966 2000 1011 2029 ud

59 2054 116 2073 om.
141 2044 197 2074 Gu.
215 2047 242 2074 1.
259 2046 288 2074 2.
312 2044 348 2072 al.
371 2054 416 2074 va.
452 2061 492 2067 —
522 2046 553 2072 in
583 2056 688 2073 nomen.
710 2044 803 2074 aliud
823 2046 861 2074 al.
896 2062 931 2066 —
962 2046 1007 2081 35)

59 2087 255 2125 dirulgatum
278 2092 319 2114 es!
344 2087 379 2115 al.
413 2103 454 2107 —
487 2087 534 2124 36)
559 2089 633 2126 quia
656 2089 713 2118 Gu.
732 2091 758 2119 1.
792 2104 832 2111 —
862 2088 1011 2115 pervicax

60 2130 148 2167 qua-512
171 2140 226 2166 per
253 2130 365 2157 vicium
394 2128 498 2156 audax
522 2141 568 2168 pr.
602 2135 654 2159 etc.
686 2141 731 2160 va.
753 2147 796 2153 -
829 2131 876 2166 37)
910 2131 1010 2157 vicam

61 2173 115 2199 Gu.
136 2174 164 2202 2.
189 2188 227 2193 —-
252 2173 368 2209 vigiam
392 2182 454 2200 var.
478 2172 544 2200 lect.
567 2183 614 2210 ap.
638 2172 727 2203 Goth.
751 2190 793 2195 —
815 2174 864 2209 38)
889 2172 937 2200 Sic
950 2173 1007 2200 Gu.

62 2217 88 2245 1.
110 2229 151 2235 —
175 2212 295 2242 dicatur
316 2215 398 2252 vulg.
421 2231 462 2236 —-
495 2215 543 2251 39)
568 2216 649 2242 sicea
674 2216 772 2247 Gu.2.
794 2232 837 2237 —
860 2217 947 2254 vigia
970 2214 1007 2243 al.

64 2273 97 2277 —
127 2256 176 2292 40)
200 2255 287 2292 vulg.
309 2257 375 2285 add.
399 2263 456 2289 est,
482 2256 562 2294 quod
585 2267 642 2286 orn.
666 2258 721 2285 Gu.
739 2261 766 2288 1.
791 2274 830 2280 —
854 2259 903 2296 41)
928 2257 1007 2294 Virg.

63 2298 206 2335 Aen.X1‚
230 2300 301 2330 218.
325 2317 363 2321 —
387 2300 434 2338 42)
460 2299 539 2337 Virg.
564 2299 636 2327 Aen.
659 2299 718 2335 ΙΙΙ,
740 2301 811 2331 243.
839 2316 881 2322 —
909 2301 958 2337 43)
982 2305 1008 2327 et

65 2341 128 2369 add.
142 2341 192 2369 Ar.
216 2350 262 2368 va.
285 2357 328 2362 —
349 2342 394 2372 44)
419 2341 466 2369 Sic
484 2351 550 2369 curn
572 2341 697 2371 lacunae
720 2342 803 2379 signo
826 2343 875 2371 Ar.
897 2358 939 2364 --
962 2342 1008 2370 Al.

65 2383 128 2411 add.
153 2382 278 2418 ardens,
301 2389 460 2421 strenuas,
488 2383 671 2412 laboriosus.
701 2400 739 2405 —
769 2383 818 2422 45)
849 2386 927 2413 enim
951 2385 1009 2413 Gu-

1054 1919 1081 1947 1.
1103 1931 1145 1936 —
1173 1915 1219 1949 46)
1244 1915 1293 1942 Sic
1317 1914 1374 1943 Gu.
1392 1916 1420 1945 1.
1443 1927 1485 1934 —
1508 1911 1596 1949 Vulg.
1626 1922 1694 1950 arg.
1725 1916 1820 1939 coact.
1848 1910 1946 1948 pueri.
1969 1923 2011 1930 —-

1053 1963 1225 1986 coactorum
1248 1968 1307 1987 om.
1332 1957 1389 1985 Gu.
1405 1959 1433 1987 2.
1470 1971 1512 1976 —
1549 1953 1599 1993 47)
1623 1965 1654 1982 eo
1678 1953 1781 1982 addidi
1806 1962 1821 1981 e
1844 1953 1901 1980 Gu.
1919 1954 1946 1983 1.
1968 1965 2009 1972 ——

1052 2000 1099 2040 48)
1123 2000 1210 2037 Vulg.
1234 2000 1301 2028 add.
1325 2004 1412 2034 sant,
1451 1996 1533 2036 quod
1565 2007 1625 2027 om.
1650 1997 1706 2025 Gu.
1726 2000 1753 2028 1.
1768 1998 1797 2027 2.
1825 2005 1870 2023 va.
1894 1995 1944 2023 Ar.
1967 2008 2009 2014 —

1051 2045 1096 2077 49)
1119 2042 1234 2071 dicitur
1256 2042 1358 2070 addidi
1372 2052 1387 2070 e
1403 2041 1457 2068 Gu.
1478 2042 1505 2071 1.
1530 2043 1635 2075 —-50)
1661 2039 1709 2068 Sic
1733 2039 1792 2068 Gu.
1809 2041 1836 2070 1.
1851 2040 1879 2069 2
1902 2045 2008 2074 pava.

1053 2086 1104 2114 Ar.
1130 2103 1169 2108 —-
1190 2087 1318 2124 precari
1340 2085 1422 2121 vulg.
1451 2098 1488 2104 -—
1522 2081 1568 2121 51)
1593 2082 1642 2111 Sic
1661 2083 1717 2111 Gu.
1735 2084 1762 2112 1.
1786 2095 1826 2102 -
1849 2084 1935 2116 nupt.
1954 2088 2008 2116 pe-

1053 2131 1100 2156 tit.
1122 2129 1202 2166 vulg.
1225 2144 1268 2149 —-
1289 2128 1338 2164 52)
1356 2127 1458 2165 procit
1482 2135 1528 2164 pr.
1558 2141 1600 2146 —
1629 2126 1679 2161 53)
1709 2125 1757 2151 Sic
1781 2122 1837 2150 Gu.
1861 2123 1887 2152 1.
1910 2123 1938 2151 2.
1961 2129 2006 2147 va.

1052 2172 1104 2201 Ar.
1126 2187 1168 2192 —
1189 2172 1290 2198 iactus
1312 2171 1396 2208 vulg.
1421 2185 1459 2190 —-
1493 2166 1540 2203 54)
1564 2166 1654 2195 duxit
1676 2175 1734 2195 om.
1759 2164 1816 2194 Gu.
1835 2165 1865 2194 2.
1887 2179 1928 2184 —
1960 2159 2007 2197 55)

1052 2220 1079 2242 et
1101 2223 1157 2241 om.
1182 2214 1276 2245 Gu.1.
1299 2229 1341 2234 —
1363 2214 1410 2249 56)
1434 2211 1527 2250 quasi
1549 2219 1607 2238 om.
1633 2208 1690 2237 Gu.
1707 2209 1737 2238 2.
1758 2224 1794 2229 —
1816 2209 1860 2240 57)
1885 2205 1933 2232 Sic
1950 2203 2004 2230 Gu.

1051 2259 1080 2288 2.
1097 2256 1126 2287 4.
1149 2255 1200 2285 Ar.
1229 2272 1272 2278 —
1300 2256 1438 2283 iactatus
1460 2253 1516 2280 Gu.
1533 2255 1561 2282 1.
1585 2267 1622 2272 —
1645 2251 1838 2289 proiectatus
1861 2246 1941 2282 vulg.
1962 2259 2004 2265 --

1051 2301 1096 2334 58)
1115 2309 1171 2337 que
1193 2309 1249 2327 oni.
1268 2298 1362 2328 Gu.2.
1378 2307 1425 2326 va.
1436 2312 1478 2319 --
1494 2295 1592 2323 Locus
1611 2298 1655 2322 est
1671 2293 1752 2331 Virg.
1776 2294 1848 2320 Aen.
1862 2287 1913 2322 Ill,
1929 2286 2001 2317 669-

1052 2357 1093 2362 -
1114 2340 1162 2379 59)
1184 2347 1211 2369 et
1234 2351 1292 2371 om.
1317 2340 1374 2369 Gu.
1390 2342 1416 2371 1.
1439 2354 1480 2360 —
1501 2335 1552 2377 60)
1575 2336 1754 2364 scribuntur
1776 2334 1829 2361 Gu.
1848 2331 1875 2358 2.
1899 2327 1949 2355 Ar·
