2203 2829
149 129 224 166 246
847 124 1024 158 lSlDORl
1050 124 1230 158 HISPAL.
1258 124 1405 160 EPISC.

313 219 347 253 2.
399 219 516 252 Petrus
542 229 562 250 a
587 220 683 261 petra
711 227 832 250 nomen
860 219 1010 262 accepit,
1037 217 1106 252 hoc
1135 222 1182 252 est
1209 230 1228 252 a
1256 218 1402 259 Christo,
1429 231 1529 264 super
1556 232 1656 265 quern
1687 220 1826 254 fundata
1852 219 1923 256 est¹
1951 223 2101 258 ecclesia.

152 275 228 308 Non
255 272 340 305 enim
369 283 389 303 a
416 271 516 303 Petro
544 275 655 312 petra,
682 268 742 300 sed
769 269 886 302 Petrus
914 282 933 302 a
961 275 1057 314 petra
1083 282 1204 303 nomen
1231 271 1360 303 sortitus
1387 276 1445 313 est,
1476 272 1560 305 sicut
1587 284 1652 305 non
1680 272 1830 305 Christus
1857 284 1877 305 a
1904 273 2103 316 Christiano,

153 326 213 361 sed
239 322 442 358 Christianus
467 333 485 353 a
512 320 647 353 Christo
669 325 824 361 vocatur,
858 321 1003 364 ideoque
1030 318 1119 354 iam²
1146 322 1189 355 ait
1216 322 1393 356 Dominus:
1436 323 1487 358 Tu
1510 335 1546 358 es
1570 325 1697 357 Petrus
1724 328 1756 357 et
1779 335 1886 368 super
1912 325 2005 358 hunc
2034 337 2103 371 pe..

154 383 247 411 tram
275 372 476 420 aedf‘ficubo
505 371 690 404 ecclesium
715 368 864 413 meumst,
892 374 970 416 quia
998 373 1126 406 dixerat
1143 375 1274 406 Petrus:
1321 373 1371 407 Tu
1400 385 1435 407 es
1459 375 1619 409 Christus
1627 375 1734 422 filius
1755 375 1826 408 Dei
1834 372 1862 414 ⁴;
1889 376 2012 410 deinde
2039 374 2103 410 ait⁵

153 429 332 463 Dominus:
372 424 490 468 Super
517 423 621 464 hanc,
648 423 752 466 inquit
764 422 786 466 ⁶,
810 428 974 469 petrum,
1002 437 1107 470 quam
1132 425 1310 471 confessus
1337 437 1383 466 es,
1415 426 1616 472 aedificabo
1651 428 1836 460 ecclesiam
1862 439 1990 462 meam.
2036 429 2103 462 Pe-

153 487 203 515 tra
231 479 317 513 enim
346 482 415 509 erat
443 475 612 515 Christus,
639 487 739 519 super
761 477 853 519 quod
881 477 1134 510 fundamentum
1162 479 1259 510 etiam
1288 478 1359 521 ipse
1387 478 1582 512 aedificatus
1610 485 1657 512 est
1684 480 1810 512 Petrus.

318 527 352 560 3.
405 526 543 571 Cephas
570 527 695 567 (lictus,
724 539 764 560 eo
793 528 884 571 quod
914 529 945 560 in
973 531 1083 572 capite
1110 530 1149 561 sit
1182 530 1374 563 constitutus
1406 531 1650 574 apostoloruum
1689 528 1825 577 κεᾳαλή
1854 530 1941 564 enim
1971 530 2104 568 Graece

153 586 256 627 eaput
285 580 421 619 dicitur,
455 584 487 611 et
514 579 624 622 ipsum
653 576 796 612 nomen⁷
823 581 855 612 in
882 581 981 613 Petro
1008 581 1130 624 Syrum
1158 587 1214 613 est.

314 630 349 663 4.
402 630 518 663 Simon
546 630 708 663 Bar-iona
732 632 763 663 in
791 632 941 676 linguam
968 638 1112 665 nostram
1140 637 1235 664 sonat
1262 632 1348 664 lilius
1371 632 1562 672 columbae,
1591 638 1623 664 et
1650 637 1699 666 est
1720 644 1842 666 nomen
1864 633 1987 677 Syrum
2011 635 2103 678 pari-

152 692 202 720 ter
229 689 261 718 et
287 682 492 716 Hebraeum.

152 738 272 772 dicitur
292 730 473 768 barionam.

319 784 334 793 ι

544 682 613 714 Bar
640 683 770 728 quippe
797 684 883 728 Syra
915 682 1051 729 linguat*
1085 684 1189 725 filius,
1223 684 1304 716 lona
1338 683 1532 718 Hebraice²'
1561 684 1739 728 columba,
1773 691 1916 729 utroque
1949 697 2103 721 sermone

317 796 351 818 o.
405 785 470 818 Alii
494 785 687 829 simpliciter
714 786 900 830 accipiunt,
929 786 1021 830 quod
1050 787 1185 827 Simon,
1213 786 1248 818 id
1277 791 1324 820 est
1347 787 1463 819 Petrus
1490 787 1578 819 filius
1604 787 1735 819 loannis
1762 784 1856 828 situ,
1888 787 1977 821 iuxta
2008 788 2104 823 illam

152 837 464 882 interrogationem:
511 836 634 869 Simon
663 836 806 870 Ioannis
832 838 957 883 diligis
982 838 1065 871 me?
1114 844 1145 870 et
1174 838 1289 870 volunt
1317 839 1518 882 scriptorum
1535 836 1556 854 ¹²
1583 839 1663 871 vitio
1695 838 1933 883 depravatum,
1976 845 2011 872 ut
2038 850 2102 884 pro

153 892 214 925 bar
240 891 381 929 lomina,
422 888 492 920 hoc
525 893 572 921 est
605 888 691 920 filius
705 885 726 905 ¹³
754 889 900 931 loannis,
939 891 1076 923 bariona
1103 890 1261 934 scriptum
1289 891 1346 931 sit,
1381 902 1446 923 una
1474 890 1622 924 detracta
1649 890 1790 934 syllaba.

153 944 386 987 interpretatur
414 940 546 972 Domini
573 940 691 984 gratia.

1842 891 1965 923 loanna
1991 897 2102 925 autem

319 991 352 1025 6.
407 992 451 1024 Et
484 992 582 1024 fuisse
617 987 768 1024 εείιῃιιεΗ
796 992 933 1024 Petrum
961 991 1170 1025 trinomium:
1204 993 1358 1034 Petrum,
1392 992 1556 1037 Cepheni,
1589 997 1621 1026 et
1644 993 1760 1026 Simon
1788 993 1948 1026 Bariona:
1986 992 2103 1026 Simon

153 1051 263 1078 autem
290 1043 459 1076 Hebraice
485 1043 718 1086 interpretatur
745 1040 924 1076 audiensff.

319 1093 352 1126 ἵ.
406 1094 525 1127 Saulus
549 1094 708 1128 Hebraeo
724 1092 746 1111 ¹¹⁵
779 1106 930 1128 sermone
957 1095 1093 1127 tentatio
1122 1092 1293 1137 ‹licitur¹⁷‚
1334 1107 1374 1128 eo
1409 1096 1502 1138 quod
1537 1096 1629 1139 prius
1663 1095 1696 1128 in
1730 1096 1910 1128 tentatione
1943 1095 2104 1129 ecclesiae

153 1147 193 1180 sit
219 1150 429 1180 conversatus
441 1143 464 1162 ¹⁸

153 1198 369 1233 Christianos,

465 1172 474 1180 .
518 1146 715 1179 Persecutor
742 1146 828 1178 enim
856 1151 942 1187 erat,
971 1151 1002 1178 et
1030 1144 1126 1178 ideo¹

1130 1144 1142 1162 ⁹
1169 1159 1291 1179 nomen
1314 1144 1496 1180 habebat²⁰
1523 1143 1654 1187 istud²¹‚
1681 1147 1817 1189 quando
1842 1147 2105 1191 persequebatur

317 1248 351 1281 8.
404 1248 525 1280 Postea
547 1252 674 1280 mutato
702 1248 835 1280 nomine
862 1247 905 1280 de
933 1247 1037 1280 Saulo
1063 1247 1167 1281 sactus
1194 1253 1241 1280 est
1265 1249 1405 1290 Paulus,
1440 1249 1532 1292 quod
1566 1250 1799 1292 interpretatur
1833 1248 2006 1289 mirabilis,
2038 1249 2105 1282 sive

154 1301 288 1335 electus.

154 1352 277 1386 Christi
304 1351 336 1383 in
364 1351 516 1383 omnibus
543 1351 697 1395 gentibus
722 1351 935 1394 praedicarit.

342 1299 523 1339 Mirabilis,
552 1297 638 1331 νεΙ22
664 1300 740 1342 quia
768 1300 871 1331 multa
898 1301 993 1343 signa
1022 1299 1111 1341 fecit,
1138 1300 1192 1332 vel
1219 1300 1296 1343 quia
1324 1301 1367 1332 ab
1394 1301 1520 1333 oriente
1541 1312 1644 1343 usque
1655 1297 1680 1316 ²³
1708 1312 1864 1334 occasum
1892 1301 2106 1346 evangelium

320 1401 354 1436 9.
407 1403 562 1442 Electus,
589 1403 671 1435 sicut
704 1403 736 1434 in
758 1403 898 1436 Actibus
925 1402 1153 1446 apostolorum
1165 1398 1189 1418 ²⁴
1216 1402 1357 1446 Spiritus
1383 1407 1512 1436 sanctus
1540 1402 1636 1436 dicit:
1665 1401 1873 1447 Segregale
1899 1402 1985 1435 mihi
2009 1402 2102 1435 Bar·

154 1453 286 1486 nahum
314 1457 346 1485 et
374 1453 527 1486 Paulum
561 1454 612 1486 ud
647 1451 786 1498 opus-²⁵,
821 1454 872 1486 ad
899 1454 992 1497 qnod
1025 1453 1120 1497 clegi
1151 1464 1217 1486 cos.

155 1505 283 1544 (lictus,
321 1505 409 1537 unde
437 1511 470 1537 et
496 1504 568 1548 ipse
595 1505 657 1538 ait:
704 1505 789 1549 Ego
818 1503 942 1537 cnim²¹⁵
967 1516 1043 1537 sum
1072 1505 1234 1537 1111'111'111us
1259 1506 1496 1549 apostolorum
1508 1502 1541 1539 ²⁷.

1270 1454 1390 1486 Latino
1428 1459 1538 1486 autem
1572 1465 1725 1486 sermone
1758 1453 1882 1486 Paulus
1917 1466 1936 1486 a
1971 1454 2105 1488 modico

1597 1505 1743 1547 Quando
1772 1505 1857 1538 enim
1885 1505 2023 1547 Saulus,
2050 1517 2104 1539 su-

157 1557 298 1602 perbus,
328 1556 448 1594 elatus3
474 1556 611 1598 quando
640 1557 778 1595 Paulus,
812 1556 963 1597 humilis,
991 1556 1142 1589 modicus
1154 1553 1189 1587 ²⁹.

156 1659 263 1692 sactus
291 1655 392 1699 θείῃ,
435 1659 507 1702 ipse
534 1659 632 1693 dicit:
678 1659 764 1704 Ego
793 1661 883 1692 enim

156 1714 359 1744 sanctorum
368 1707 402 1742 ³².
457 1710 594 1754 Cephas
607 1707 632 1727 ³³

158 1762 253 1801 novi,
280 1763 361 1796 sicut
388 1762 562 1794 Abraham
587 1767 618 1795 et
645 1763 737 1795 Sara.

894 1657 918 1676 Ἀθ

436 1606 519 1643 Ideo
548 1608 593 1640 sie
620 1608 803 1651 loquimur:
830 1609 932 1652 paulo
960 1614 1038 1652 post
1064 1607 1188 1639 videbo
1216 1612 1259 1649 te,
1286 1606 1321 1639 id
1349 1611 1395 1640 est
1422 1612 1497 1651 post
1520 1607 1699 1640 modicum.
1732 1607 1819 1639 Nam
1847 1608 1926 1650 quia
1953 1608 2108 1642 modicus

945 1671 1020 1692 sum
1048 1659 1210 1692 minimus

658 1717 691 1743 et
722 1712 841 1744 Saulus
869 1712 946 1744 ideo
973 1716 1099 1743 mutato
1128 1710 1261 1743 nomine
1283 1716 1357 1743 sunt
1384 1711 1510 1753 vocati⁷
1548 1714 1584 1743 ut
1610 1714 1715 1744 essent
1742 1709 1841 1742 etiam
1869 1710 1943 1754 ipso
1971 1711 2105 1744 nomine

1221 1655 1244 1675 31

1279 1659 1527 1703 apostolorum.
1582 1663 1614 1691 et
1657 1657 1750 1691 Mihi
1779 1658 1920 1691 minimo
1953 1659 2106 1692 omnium

1506 1812 1699 1845 Secundum
1741 1812 1933 1844 Hebraeam
1974 1817 2105 1856 etymo-

160 1863 285 1907 logiam
314 1864 546 1908 iuterpretatur
573 1865 735 1907 decorus,
763 1866 829 1898 sive
852 1866 1075 1909 respondens,
1110 1876 1262 1898 sermone
1290 1870 1399 1898 autem
1428 1863 1562 1897 Graeco
1589 1876 1609 1896 a
1636 1864 1706 1896 viro
1733 1863 1834 1896 virilis
1854 1864 2054 1909 appellatur.

328 1813 381 1845 ll.
438 1814 587 1846 Andreas
619 1814 721 1846 frater
754 1814 843 1847 Petri
881 1825 997 1851 carne,
1042 1818 1075 1846 et
1107 1813 1268 1847 cohaeres
1308 1812 1445 1857 gratiae.

226 1953 253 1994 1)
277 1961 319 1982 est
340 1955 483 1992 fistulata
509 1958 564 1986 Gu.
587 1962 615 1990 2.
638 1975 678 1980 -
708 1957 740 1998 9)
764 1960 828 1986 iam
849 1957 950 1986 addidi
973 1967 987 1984 c
1011 1957 1067 1985 Gu.
1086 1959 1111 1988 1.

161 1998 259 2026 LOCUS
275 2002 318 2025 est
338 1998 440 2026 Massh.
465 2002 518 2034 16,
544 2002 590 2031 18.
614 2018 656 2022 -
677 2002 708 2039 3)
734 2001 846 2030 verba:
870 2000 1038 2037 aedificabo
1064 2011 1111 2026 ec-

160 2041 283 2068 clesiam
314 2051 410 2067 msam
438 2041 538 2069 addidi
562 2053 576 2071 e
600 2044 656 2071 Gu.
676 2047 701 2074 1.
723 2047 750 2075 2.
774 2054 822 2072 va.
845 2060 887 2065 —-·
909 2043 996 2079 Vulg.
1021 2048 1045 2069 el
1064 2054 1112 2069 ce-

160 2089 234 2112 tera.
250 2099 290 2104 —
313 2086 341 2115 4)
367 2083 451 2120 vulg.
475 2084 541 2112 add.
565 2087 638 2121 vivi,
662 2086 742 2123 quod
766 2097 822 2116 orn.
843 2086 901 2115 Gu.
917 2089 998 2117 1.—
1015 2088 1042 2117 5)
1062 2086 1110 2113 Sic

162 2127 217 2154 Gu.
241 2128 265 2157 1.
292 2136 347 2164 pro
371 2125 449 2162 vulg.
475 2128 509 2154 εἰ.
539 2143 581 2148 -
616 2132 646 2162 o)
669 2128 717 2156 Sic
746 2129 802 2156 Gu.
821 2131 846 2158 1.
868 2131 896 2160 2.
926 2137 972 2155 va.
998 2127 1046 2155 Ar.
1070 2145 1110 2149 —

162 2168 246 2206 Vulg.
263 2172 331 2206 post
348 2167 523 2206 ‹tedisii-abo.
548 2186 588 2190 —
616 2172 643 2202 7)
667 2181 772 2198 nomen
789 2176 831 2198 ist
847 2172 880 2198 in
895 2172 984 2197 Petro
1003 2171 1111 2207 {irum

162 2221 209 2239 va.
224 2227 261 2231 --
287 2209 316 2249 8)
340 2213 370 2238 in
386 2213 462 2249 bflra
480 2212 590 2248 lingua
603 2212 641 2240 al.
668 2230 697 2234 --
727 2217 754 2247 9)
773 2213 924 2240 llebrm'ce
937 2223 992 2240 om.
1012 2214 1058 2240 Ar.
1071 2231 1108 2235 —

165 2252 210 2292 10)
221 2253 351 2281 bariona
363 2264 419 2281 om.
435 2254 485 2283 Ar.
500 2254 538 2281 ita
550 2259 582 2282 ut
592 2256 663 2281 iona
673 2260 701 2283 et
711 2257 818 2293 Syrum
832 2261 860 2284 et
873 2255 1036 2283 Hebraeum
1048 2266 1110 2284 esse

164 2296 250 2325 dicat.
274 2313 313 2318 —
344 2296 389 2334 11)
413 2296 461 2324 Sic
480 2296 536 2325 Gu.
552 2299 577 2326 1.
601 2298 641 2323 sit
661 2297 744 2325 Imm.
761 2299 840 2336 vulg.
865 2299 959 2325 Locus
982 2303 1024 2325 est
1047 2298 1109 2327 loll.

163 2341 213 2375 21,
238 2341 267 2369 6.
291 2355 329 2360 —
356 2338 398 2376 12)
421 2341 646 2377 scripturarum
663 2340 719 2369 Gu.
739 2342 766 2370 2.
791 2357 832 2362 —
859 2342 904 2375 13)
919 2340 992 2377 filio
1011 2341 1066 2368 Gn.
1082 2344 1109 2372 2,

164 2381 202 2410 al.
228 2398 260 2402 -—
302 2382 344 2417 14)
369 2382 417 2409 Sic
442 2382 498 2411 Gu.
527 2384 552 2412 1.
587 2388 705 2409 constat
728 2383 809 2420 vulg.
840 2383 979 2410 Neutrum
1002 2382 1110 2412 horum

167 2424 223 2451 Gu.
248 2426 276 2455 2.
300 2424 337 2452 al.
357 2440 398 2445 —
424 2423 470 2464 15)
493 2424 542 2452 Sic
566 2424 621 2453 Gu.
643 2428 668 2456 1.
686 2427 715 2457 2.
739 2425 776 2454 al.
795 2434 858 2454 var.
874 2425 942 2454 lect.
959 2436 1005 2464 ap.
1022 2426 1110 2454 Goth.

1160 1976 1195 1980 —
1220 1957 1306 1995 Vulg.
1332 1955 1476 1984 obediens.
1500 1972 1542 1977 —
1574 1954 1620 1995 16)
1650 1956 1700 1984 Sic
1725 1957 1781 1986 Gu.
1802 1959 1827 1989 1.
1845 1960 1873 1989 2.
1894 1956 1930 1985 al.
1951 1956 2103 1987 Hebraico

1155 2000 1236 2037 vulg.
1263 2017 1296 2020 —
1324 2002 1367 2033 17)
1392 1999 1440 2026 Sic
1457 1999 1513 2027 Gu.
1533 2002 1558 2029 1.
1583 1998 1685 2026 dumus
1701 1999 1782 2037 vulg.
1806 2015 1849 2021 -—-
1874 2001 1920 2036 18)
1941 1999 1990 2026 Sic
2004 1999 2059 2029 Gu.
2077 2002 2104 2030 1.

1156 2047 1293 2070 versatus
1316 2042 1396 2078 vulg.
1434 2057 1474 2062 —
1511 2040 1555 2080 19)
1579 2041 1627 2069 Sic
1652 2043 1708 2069 Gu.
1733 2045 1758 2072 1.
1783 2042 1891 2070 omisso
1914 2047 1941 2069 et
1963 2056 2006 2063 —
2034 2040 2105 2069 inde

1156 2085 1265 2114 omisso
1284 2089 1311 2111 ct
1333 2086 1387 2113 Gn.
1405 2086 1432 2114 2.
1449 2094 1495 2122 pr.
1513 2093 1557 2111 va.
1577 2090 1603 2111 et
1618 2084 1687 2111 inde
1704 2084 1783 2122 vulg.
1806 2099 1847 2106 --
1870 2083 1916 2123 20)
1940 2083 2029 2110 habet
2046 2084 2103 2113 Gu.

1157 2132 1184 2159 1,
1208 2143 1248 2149 --
1271 2125 1320 2166 21)
1344 2125 1427 2154 illud
1448 2126 1485 2154 al.
1508 2141 1551 2147 —-
1573 2128 1620 2163 22)
1645 2127 1692 2154 vel
1712 2137 1769 2155 om.
1791 2136 1838 2155 va.
1867 2142 1907 2149 -—
1936 2127 1985 2163 23)
2019 2126 2101 2164 vulg.

1154 2170 1223 2198 add.
1242 2168 1292 2205 ad,
1316 2169 1396 2207 quod
1413 2179 1469 2196 om.
1489 2171 1544 2197 (ἆυ.
1566 2172 1590 2200 1.
1604 2187 1641 2191 —
1665 2168 1712 2208 24)
1736 2179 1800 2207 cap.
1820 2171 1867 2204 13,
1891 2171 1974 2199 2.-—-
1996 2170 2041 2206 25)
2061 2167 2106 2196 ad

1153 2223 1229 2251 opu-9
1251 2222 1307 2241 om.
1332 2212 1401 2240 edit.
1427 2211 1514 2239 Goth.
1529 2210 1573 2238 tul
1586 2220 1663 2249 opus
1678 2210 1760 2250 quod
1772 2211 1828 2240 Gu.
1849 2214 1874 2241 1.
1896 2229 1933 2233 —-
1958 2214 2003 2243 26)
2025 2214 2104 2239 em‘m

1153 2254 1257 2284 addidi
1278 2264 1292 2282 e
1312 2254 1368 2284 Gu.
1394 2256 1418 2285 1.
1443 2260 1544 2282 (tutem
1565 2255 1619 2282 Gu.
1638 2256 1667 2284 2.
1697 2254 1792 2281 Locus
1811 2258 1856 2281 est
1879 2256 1893 2284 1
1919 2254 1986 2281 cor.
2005 2253 2051 2289 15,
2074 2256 2104 2286 9.

1152 2314 1192 2319 —
1215 2297 1263 2333 27)
1288 2296 1375 2334 Vulg.
1399 2296 1465 2326 add.
1490 2298 1642 2333 omnium,
1666 2295 1745 2334 quod
1764 2306 1820 2323 om.
1838 2296 1894 2325 Gu.
1916 2298 1941 2326 1.
1967 2297 2103 2323 omnium

1153 2345 1251 2378 apost.
1276 2339 1331 2367 Gu.
1347 2342 1374 2370 2,
1408 2356 1441 2360 -
1474 2337 1523 2379 QS)
1546 2339 1631 2377 Vulg.
1653 2345 1678 2366 et
1699 2338 1855 2374 modicus,
1885 2343 1911 2366 et
1928 2347 1984 2366 om.
2001 2338 2057 2366 Gu.
2076 2341 2102 2369 1.

1153 2386 1181 2414 2.
1202 2392 1248 2410 va.
1271 2398 1313 2403 ——
1345 2381 1389 2419 29)
1414 2381 1552 2410 modicus
1571 2388 1611 2409 εει
1635 2381 1684 2412 Ar.
1709 2381 1849 2409 modicus
1861 2382 1972 2418 factus
1992 2380 2103 2409 omisso

1153 2431 1195 2454 est
1211 2425 1280 2454 edit.
1298 2424 1439 2454 Goth.—·
1460 2426 1505 2462 30)
1525 2426 1603 2453 enim
1618 2434 1674 2453 om.
1689 2433 1735 2453 va.
1760 2442 1797 2446 —
1821 2422 1869 2462 31)
1891 2424 1941 2453 Sic
1964 2422 2021 2453 Gn.
2034 2425 2101 2454 1.2.
