2255 2819
230 125 252 147 x
945 95 1455 137 PRAEFATIONES.

1018 191 1038 222 1.
1070 191 1215 223 Lucretius
1245 189 1412 221 Oesiander.

726 262 788 293 Καὶ
811 259 847 292 σύ
869 258 935 301 μάλ’
957 259 1098 299 ἔξέφυγες
1119 257 1171 289 τόν
1194 256 1308 296 Λήθης
1330 254 1455 296 χάλκεον
1477 254 1589 294 οὐδόν,

815 300 993 341 (’(οσι’πατρ’,
1022 300 1125 340 ’ἠελίου
1149 301 1179 337 ἐς
1202 299 1282 338 φάος
1304 298 1469 339 ἐρχόμενος.

728 347 887 389 Θαρσήσας
908 343 1032 385 πρόμολ’
1056 341 1128 382 οὖν,
1156 342 1279 374 πάντων
1300 343 1363 372 ἐπεὶ
1387 343 1484 380 ἔξοχος
1506 341 1569 371 ἐσσί

813 391 1046 432 Γραμματικών,
1069 387 1142 427 μέγα
1163 383 1257 425 θαῦμ’
1281 384 1466 424 ἐσσομένοισι
1487 382 1612 414 λιπών.“

234 484 284 517 Ad
312 482 429 515 calcem
453 480 523 513 libri
545 480 678 524 legitur:
703 477 866 523 „Neapoli
890 487 931 510 ex
953 475 1079 510 officina
1101 473 1283 509 Sulsbachii
1309 471 1537 517 Hagenoensis
1561 470 1730 516 Germani,
1754 469 1848 504 Anno
1872 469 1920 504 M.
1942 469 1983 504 D.
2005 465 2181 502 XXX11.“

397 574 500 607 Huius
528 572 673 605 editionis
696 571 876 613 exemplum
902 571 931 603 in
956 569 1144 603 bibliotheca
1160 568 1335 600 Dresdensi
1363 566 1454 610 regia
1471 567 1667 608 asservatur,
1691 564 1772 607 quod
1793 567 1883 597 notas
1905 564 1998 596 habet
2016 574 2091 597 mSS.
2108 562 2181 594 Ge-

234 628 314 672 orgii
336 626 470 659 Fabricii
490 623 741 667 Chemnicensis,
769 625 850 655 tales
879 621 1013 666 quidem,
1044 631 1084 653 ex
1104 621 1212 663 quibus
1241 621 1405 663 appareat,
1426 617 1485 649 hoc
1509 618 1608 661 ipsum
1636 615 1814 659 exemplum
1841 626 1913 648 esse
1940 614 2029 659 illud,
2055 624 2095 646 ex
2121 623 2181 656 quo

233 679 434 712 Frobeniana
461 676 554 709 editio
582 676 668 719 typis
695 676 734 707 sit
760 676 930 718 exscripta.
983 673 1066 706 Nam
1092 672 1234 715 exceptis
1263 671 1372 714 paucis
1400 670 1521 711 omnia,
1557 678 1635 711 quae
1662 667 1702 699 ad
1729 669 1902 711 marginem
1929 667 2012 699 illius
2045 665 2182 707 exempli

233 742 252 763 a
274 730 410 763 Fabricii
433 739 528 761 manu
553 728 703 773 leguntur
729 729 856 772 notata,
882 727 913 759 in
941 725 1109 759 editionem
1134 722 1221 756 illam
1250 721 1416 755 transiisse
1442 721 1656 752 inveniuntur.
1708 718 1799 751 llaec
1826 719 1893 763 ipsa
1923 721 2028 751 autem
2049 716 2183 750 Basile-

234 784 319 815 ensis
347 781 441 814 editio
467 781 512 813 sic
542 782 591 813 est
616 780 788 823 inscripta:

399 871 474 906 '’Fl.
498 871 658 917 Sosipatri
684 871 824 907 Charisii
851 871 940 905 Artis
966 869 1199 904 Grammaticae
1225 866 1312 900 Libri
1340 863 1509 910 quinquef‘

402 968 469 1000 Iam
491 969 664 1009 sequuntur
687 966 855 1000 Oesiandri
881 963 1029 997 versiculi
1056 963 1192 1005 Graeci,
1219 970 1296 1004 quos
1323 959 1415 993 modo
1444 959 1657 1001 transscripsi.
1712 955 1795 988 Tum
1821 956 1946 1000 signum
1970 953 2190 986 Frobenianae

239 1019 386 1053 officinae
413 1021 564 1062 apparet,
593 1017 676 1049 duae
703 1028 812 1050 manus
839 1016 985 1048 baculum
1013 1017 1174 1057 tenentes,
1203 1023 1293 1055 quem
1320 1010 1608 1044 circumvolvuntur
1635 1009 1697 1041 duo
1725 1017 1849 1052 angues
1875 1006 2011 1051 cristati,
2038 1004 2192 1037 insidente

237 1072 390 1105 columba.
444 1069 646 1112 Arsscrsptum
672 1078 786 1101 nomen
814 1065 974 1111 Froben,
1003 1066 1228 1109 subscriptum:
1258 1062 1430 1095 Basileae
1457 1061 1510 1095 M.
1537 1060 1583 1094 1).
1609 1058 1674 1092 LI.

402 1163 454 1196 Ad
482 1173 607 1197 manum
631 1161 729 1195 fuisse
755 1164 924 1206 praeterea
950 1161 1011 1193 scis
1035 1158 1231 1202 exemplaria
1254 1156 1315 1190 duo
1343 1157 1413 1189 libri
1441 1154 1622 1188 Putschiani
1647 1154 1693 1186 sic
1719 1152 1876 1195 inscripti:
1909 1148 2192 1182 Grammatieae

241 1214 399 1248 Latinae
430 1215 609 1247 ,ductores
638 1213 804 1257 Antiqui,
838 1223 970 1257 quorum
997 1222 1092 1244 uuum
1119 1220 1241 1253 meum,
1276 1207 1357 1252 quod
1384 1208 1455 1239 huie
1482 1206 1609 1239 editioni
1640 1204 1725 1237 volui
1750 1213 1820 1235 esse
1848 1202 2104 1245 fundamentum,
2138 1201 2191 1232 al-

238 1271 339 1300 terum
366 1267 547 1306 Niebuhr-ii,
584 1267 632 1299 cui
660 1266 836 1309 adscriptae
865 1267 935 1297 sunt
967 1264 1077 1295 variae
1104 1262 1276 1303 lectiones,
1316 1270 1392 1302 quas
1420 1259 1473 1290 ille
1501 1268 1542 1290 cx
1569 1257 1694 1298 antiquo
1722 1254 1791 1287 cod.
1819 1254 2052 1297 Neapolitano,
2079 1251 2191 1285 eodem

239 1330 299 1362 quo
323 1330 399 1351 usus
424 1321 472 1351 est
496 1318 619 1351 Pierius
637 1317 806 1360 Cyminius
828 1318 857 1349 in
882 1315 1017 1348 editione
1041 1315 1192 1359 principe,
1222 1314 1271 1355 qui
1300 1311 1357 1343 suit
1381 1310 1455 1343 olim
1478 1309 1545 1341 Iani
1569 1307 1748 1349 Parrhasii,
1772 1305 1921 1338 enotavit.
1964 1304 2050 1344 Quas
2075 1306 2191 1336 enota-

238 1372 340 1403 tiones
368 1371 439 1403 stilo
468 1372 629 1403 cerussato
659 1372 688 1402 in
716 1370 825 1402 charta
853 1370 1009 1400 vetustate
1037 1366 1127 1411 gilt'a
1154 1365 1230 1396 satis
1257 1363 1380 1407 quidem
1408 1361 1590 1405 diligenter,
1618 1358 1670 1390 vel
1697 1358 1798 1401 potius
1826 1355 2080 1399 diligentissime,
2106 1364 2192 1387 non-

240 1432 398 1465 nunquam
424 1424 527 1454 tamen
556 1423 600 1454 sic
626 1423 759 1466 scriptas
788 1430 880 1463 esse,
909 1422 943 1452 ut
964 1418 1106 1461 dubites,
1139 1415 1211 1460 quid
1238 1416 1269 1447 iu
1296 1414 1404 1448 codiee
1431 1413 1579 1456 legatur,
1612 1411 1666 1442 tibi
1697 1419 1760 1442 non
1789 1410 1836 1440 est
1864 1407 2049 1448 obscurum,
2076 1408 2109 1438 ut
2136 1405 2193 1437 fa-

240 1473 300 1505 cile
333 1474 497 1517 coniicias,
534 1475 668 1516 quantae
701 1482 797 1517 saepe
831 1481 949 1516 operae
980 1469 1090 1511 suerit,
1135 1470 1331 1511 quantaeque
1364 1464 1569 1506 cessationis,
1605 1462 1709 1495 omnia
1742 1458 1783 1492 ad
1821 1458 1971 1503 liquidum
2005 1457 2192 1502 perducere.

239 1523 395 1557 Diuturno
427 1527 530 1557 tamen
567 1536 627 1558 usu
660 1524 775 1558 sactum
808 1526 876 1568 est,
906 1525 939 1555 ut
973 1522 1114 1565 exceptis
1140 1520 1247 1564 paucis
1276 1518 1353 1551 nihil
1379 1517 1504 1549 dubium
1530 1513 1605 1547 mihi
1632 1514 1673 1546 sit
1699 1512 1842 1545 relictum
1869 1511 1899 1543 in
1925 1508 2192 1554 recognoscendis

238 1575 400 1608 Niebuhrii
426 1577 601 1621 scripturis.

407 1669 520 1703 Helias
550 1670 738 1707 Putschius,
774 1669 889 1712 optime
917 1668 971 1699 ille
997 1668 1127 1699 meritus
1157 1665 1196 1697 de
1224 1662 1445 1696 Grammaticis
1472 1659 1631 1693 veteribus
1654 1657 1798 1699 Latinis,
1831 1656 1862 1687 in
1891 1652 2089 1698 praefatione
2123 1653 2192 1685 libri

246 1730 342 1763 supra
368 1720 438 1753 dicti
462 1733 496 1754 se
523 1733 614 1754 usum
641 1731 713 1754 esse
740 1724 874 1753 testatur
903 1721 932 1751 iu
960 1718 1082 1751 edendo
1111 1717 1261 1751 Charisia
1289 1714 1396 1747 codice
1422 1714 1489 1746 lani
1517 1712 1647 1744 Douzae
1674 1709 1722 1740 his
1750 1707 1870 1740 verbis:
1898 1705 2025 1738 “Flavii
2052 1704 2192 1748 Sosipa-

244 1771 283 1802 tri
305 1770 442 1805 Charisii
470 1774 696 1806 institutionum
718 1772 1000 1805 Grammaticarum
1023 1770 1111 1802 Libri
1135 1769 1175 1801 V.
1229 1766 1281 1800 Ex
1305 1766 1412 1799 codice
1435 1764 1577 1797 nobiliss.
1604 1761 1670 1794 lani
1694 1760 1822 1792 Dousae
1844 1757 1969 1789 infinitis
1996 1757 2075 1788 locis
2098 1756 2193 1797 aucti,

246 1822 398 1865 suppletiq
427 1824 620 1859 en1emlati.‘·⁶
673 1825 799 1856 verem-
832 1826 937 1856 tamen
965 1831 1180 1865 magnopere,
1208 1829 1249 1851 ne
1284 1818 1333 1850 hic
1361 1817 1483 1860 quidem
1510 1814 1623 1849 Codex
1651 1811 1746 1844 fuerit
1781 1810 1897 1842 nullus.
1950 1807 2086 1840 Videtur
2118 1807 2192 1839 mihi

245 1872 359 1905 Douza
385 1874 589 1920 descripsisse
616 1875 754 1910 Charisii
784 1876 917 1917 librum,
944 1876 978 1906 ut
1006 1873 1174 1905 editionem
1200 1871 1427 1915 praepararet,
1455 1872 1546 1910 atque
1573 1866 1602 1897 in
1629 1864 1690 1896 hoc
1717 1861 1903 1906 apographo
1932 1859 1971 1892 de
1994 1870 2052 1892 suo
2078 1868 2193 1890 emen-

245 1923 360 1968 dasse,
395 1928 534 1969 quicquid
570 1932 731 1971 peceatum
768 1929 823 1959 sibi
858 1925 1029 1958 videretur.
1090 1924 1235 1958 Suhnata
1272 1925 1377 1954 tamen
1410 1919 1484 1952 mihi
1517 1925 1738 1958 nonnunquam
1772 1915 1820 1946 est
1855 1912 2012 1955 suspicio,
2045 1909 2192 1942 Douzam

245 1974 410 2008 Parrhasii
446 1978 551 2010 codice
578 1980 632 2011 illo
661 1990 751 2012 usum
783 1989 874 2020 esse3
909 1981 939 2009 et
967 1978 1060 2009 habet
1093 1975 1245 2019 quaedam
1274 1972 1461 2014 Putschius,
1497 1978 1576 2012 quae
1603 1969 1630 1999 si
1658 1977 1719 1999 non
1752 1975 1792 1998 ex
1818 1964 1873 1997 illo
1901 1962 2026 2006 codice,
2060 1971 2101 1994 ex
2128 1961 2191 1994 alio

246 2029 351 2059 tamen
375 2028 508 2070 quodam
532 2030 617 2062 sonte
641 2031 781 2063 hauserit
805 2040 937 2062 necesse
961 2033 1028 2072 est,
1056 2032 1090 2061 ut
1113 2038 1189 2071 pag.
1214 2026 1297 2058 123.
1323 2023 1431 2069 (186.
1453 2018 1514 2064 P.)
1538 2020 1590 2052 lib.
1607 2018 1649 2062 ll,
1676 2017 1735 2061 l-l,
1758 2016 1842 2049 133.
1870 2016 1901 2047 in
1924 2023 2004 2047 voce
2024 2013 2191 2050 Nocte,

246 2079 297 2110 ubi
321 2079 356 2113 P.
380 2080 507 2112 exhibet
532 2081 696 2113 lectionem
723 2083 878 2126 prioribus
905 2080 1004 2113 Editt.
1032 2081 1233 2122 ignoratam:
1272 2074 1388 2108 Rus-ci
1414 2082 1556 2116 nomen,
1587 2080 1667 2114 quac
1694 2070 1725 2101 in
1752 2067 1835 2104 Cod.
1862 2068 1912 2099 est
1939 2063 2053 2096 Rusei
2078 2074 2191 2096 nonen

246 2130 266 2160 i·
294 2140 322 2163 e.
351 2129 605 2165 Ruscinonem.
658 2132 760 2164 Multa
794 2135 897 2165 tamen
931 2134 1003 2163 suut
1034 2122 1097 2163 alia
1131 2129 1298 2172 exempla,
1334 2136 1413 2170 (pute
1446 2124 1521 2157 mihi
1555 2123 1636 2155 hanc
1668 2131 1736 2153 rem
1768 2117 1866 2151 valde
1892 2116 2017 2149 dubiam
2044 2114 2191 2159 reddunt,

246 2182 381 2214 maxime
414 2194 483 2215 cum
516 2183 632 2226 integri
663 2194 799 2227 versus,
835 2185 872 2215 ab
900 2183 1084 2216 Editoribus
1111 2182 1268 2225 prioribus
1302 2178 1425 2220 omissi,
1460 2185 1538 2219 quos
1565 2173 1715 2218 suggerit
1742 2170 1878 2213 Codex,
1911 2169 1943 2201 in
1965 2167 2002 2200 P.
2030 2177 2093 2201 non
2120 2169 2192 2199 sunt

246 2233 382 2276 expleti,
410 2233 491 2276 quod
518 2233 584 2266 fieri
607 2243 738 2266 neeesse
766 2238 853 2281 erat,
880 2236 907 2267 si
935 2235 1066 2267 Douzae
1093 2234 1147 2266 ille
1175 2231 1289 2266 Codex
1316 2240 1357 2263 ex
1381 2228 1593 2272 Neapolitano
1621 2227 1706 2258 esset
1729 2221 1924 2256 emendatus.

409 2326 537 2370 Duplex
567 2327 641 2358 mihi
670 2326 863 2370 prae-sidium
897 2329 1022 2370 paravit
1054 2325 1212 2360 Bondami
1245 2324 1419 2368 diligentia.
1486 2320 1683 2354 Asservatur
1716 2318 1746 2349 in
1781 2313 1968 2348 bibliotheca
1998 2308 2191 2343 Academiae

247 2377 471 2420 Lugdunensis
500 2378 692 2411 Batavorum
718 2378 898 2421 exemplum
925 2378 1164 2415 Putschianum,
1192 2377 1320 2410 chartae
1343 2374 1530 2418 scriptoriae
1556 2370 1694 2415 plagulis
1720 2366 1943 2412 adglutinatis,
1967 2362 2076 2405 quibus
2098 2359 2192 2392 Bon-

248 2426 357 2460 damus
383 2430 591 2463 Fabricianae
624 2429 767 2462 editionis
799 2429 906 2460 varias
938 2428 1092 2460 lectiones
1126 2428 1306 2460 adscribere
1341 2427 1464 2469 coepit⁷
1505 2433 1571 2456 rem
1603 2424 1706 2453 tamen
1738 2428 1801 2452 non
1835 2416 1876 2449 ad
1908 2415 2000 2447 finem
2032 2410 2191 2455 perduxit.

248 2476 307 2511 His
342 2480 501 2514 immixtae
536 2483 608 2515 sunt
643 2481 752 2514 variae
784 2478 940 2513 Bondami
974 2481 1088 2521 notae,
1128 2478 1357 2511 emendandam
1388 2475 1527 2509 Charisii
1562 2472 1738 2505 orationem
1772 2469 1959 2512 spectantes.
2026 2462 2095 2496 Has
2122 2473 2192 2495 cum
