2203 2829
194 66 269 101 192

675 157 704 192 C
731 158 762 191 A
789 157 826 190 P.
880 157 941 193 111.

190 281 342 331 βιβλίων
369 280 550 320 librorum,
577 276 670 326 θήκη
696 275 879 323 repositio³
906 278 1148 323 interpretatur.

894 62 1070 98 ISIDORI
1097 63 1279 101 H1SPAL.
1307 65 1450 101 EPlSC.

1021 157 1105 192 De
1157 158 1662 194 bibliothecis.

357 228 389 262 1.
443 227 659 262 Bibliotheca
695 239 714 259 a
748 223 904 260 Graeco¹
932 237 1055 260 nomen
1089 229 1238 274 accepit,
1274 230 1318 263 ab
1355 240 1396 262 eo
1429 228 1523 272 quod
1556 227 1625 262 ibi²
1652 228 1877 263 recondantur
1910 231 1997 265 libri.

2058 235 2089 268 N
2093 246 2144 268 am

359 331 394 365 2.
447 330 696 364 Bibliothecam
724 330 843 363 veteris
870 331 1057 364 testamenti
1083 332 1207 365 Esdras
1233 331 1342 365 scriba
1373 336 1450 376 post
1476 331 1642 366 incensam
1670 332 1784 377 legem
1813 344 1832 365 a
1848 332 2041 375 Chaldaeis,
2065 336 2146 370 dum

193 385 311 421 ludaei
337 383 479 428 regressi
506 382 642 415 fuissent
668 382 701 414 in
727 380 979 426 Hierusalem,
1014 383 1126 416 divino
1153 384 1283 417 afflatus
1314 384 1430 428 spiritu
1457 385 1640 428 reparavit,
1673 389 1859 428 cunctaque
1887 385 1972 430 legis
1998 399 2038 421 ac
2065 399 2149 431 pro-

193 438 373 484 phetarum
400 434 587 475 volumina,
624 445 712 477 quae
739 430 891 467 fuerant⁵
918 446 937 466 a
963 435 1118 479 gentibus
1152 441 1312 480 corrupta
1338 436 1498 475 correxit,
1539 442 1712 479 totumque
1741 443 1831 469 vetus
1857 442 2087 472 testamentum
2114 440 2147 473 in

194 488 311 535 viginti
337 486 423 520 duos
446 487 548 519 libros
574 485 759 527 constituit,
788 491 822 518 ut
848 491 897 518 tot
924 486 1002 519 libri
1028 492 1135 520 essent
1160 487 1193 520 in
1220 488 1316 532 lege,
1345 492 1426 530 quot
1452 486 1663 521 habebantur
1693 493 1726 520 et
1752 487 1868 521 literae
1880 485 1901 523 Β.

359 547 394 579 3.
447 545 553 590 Apud
581 545 731 579 Graecos
758 551 868 579 autem
896 545 1137 581 bibliothecam
1172 549 1298 593 primus
1332 547 1505 580 instituisse
1532 548 1716 580 Pisistratus
1743 545 1929 589 creditur⁷,
1959 550 2147 583 Athenien-—

193 597 300 634 siumss
326 603 498 642 tyrannus,
525 609 626 641 quam
654 594 838 642 deinceps⁹
866 598 908 631 ab
935 599 1193 633 Atheniensibus
1220 604 1351 633 auctam
1374 599 1500 631 Xerxes
1520 599 1656 632 incensis
1683 599 1823 633 Athenis
1851 601 1957 634 evexit
1970 598 1993 618 ¹⁰
2015 602 2049 634 in
2064 603 2146 635 Per-

195 664 262 693 sas,
290 651 465 695 longoque
493 654 570 694 post
596 655 751 693 tempore
777 650 937 683 Seleucus
963 651 1110 684 Nicanor
1137 663 1245 684 rursus
1272 651 1304 683 in
1332 651 1512 684 Graeciam
1535 651 1657 684 retulit.

359 709 396 743 4.
448 710 538 743 Hinc
564 709 706 742 studium
730 710 864 754 regibus
892 711 1096 755 urbibusque
1123 710 1260 744 caeteris
1287 717 1401 745 natum
1428 718 1476 745 est
1503 710 1722 755 comparandi
1749 711 1918 744 volumina
1945 712 2146 746 diversarum

197 762 366 808 gentium,
395 767 428 794 et
450 773 514 807 per
537 761 733 805 interpretes
759 762 790 793 in
820 762 986 795 Graecam
1014 763 1164 807 linguam
1191 763 1350 798 vertendi.

363 820 398 856 5.
450 817 616 855 Dehinc¹¹
643 833 784 866 magnus
811 822 1000 855 Alexander
1013 818 1052 862 ¹²,
1080 823 1133 855 vel
1160 834 1364 857 successores
1392 824 1460 857 eius
1474 819 1497 839 ¹³
1517 821 1712 856 instruendis
1739 822 1886 855 omnium
1907 823 2068 855 librorum
2095 822 2148 855 bi-

197 872 377 907 bliothecis
411 873 556 906 animum
587 873 817 914 intenderunt,
856 874 998 906 maxime
1033 875 1244 907 Ptolemaeus
1278 880 1505 920 cognomento
1538 873 1788 918 Philadelphus
1821 876 1927 907 omnis
1959 875 2149 907 literaturae

197 924 440 970 sagacissimus,
478 935 554 958 cum
583 924 692 958 studio
721 924 999 958 bibliothecarum
1026 926 1229 961 Pisistratum
1256 927 1495 965 aemularetur,
1523 937 1589 958 non
1616 926 1724 958 solum
1752 926 1901 970 gentium
1914 923 1935 944 ¹⁴

197 977 257 1010 sed
288 977 386 1009 etiam
421 981 453 1009 et
484 976 608 1009 divinas
642 977 751 1009 literas
784 977 815 1008 in
849 977 1092 1011 bibliothecam
1126 989 1218 1011 suam
1252 980 1400 1013 contulit.

198 1029 296 1062 huius
323 1029 531 1073 temporibus
557 1028 782 1061 Alexandriae
809 1029 940 1061 inventa
967 1034 1049 1062 sunt.

726 1114 755 1148 C
781 1115 811 1147 A
839 1115 876 1148 P.
931 1115 987 1147 lv.

1962 926 2149 970 scripturaS‚

1467 980 1554 1011 Nam
1589 978 1801 1023 septuaginta
1835 978 1925 1011 milia
1940 975 1961 996 ¹⁵
1988 979 2149 1011 librorum

1063 1115 1137 1149 De
1189 1115 1624 1162 interpretibus.

367 1182 398 1215 1.
454 1178 554 1215 Hic¹⁶
580 1183 679 1215 etiam
714 1184 756 1215 ab
789 1183 955 1216 Eleazaro
997 1194 1092 1218 sacro
1134 1185 1296 1228 pontifice
1339 1190 1454 1229 petens
1495 1184 1672 1228 scripturas
1714 1183 1830 1216 veteris
1872 1185 2077 1225 testamenti,
2119 1186 2150 1218 in

200 1233 368 1267 Graecam
406 1244 524 1267 vocem
559 1245 598 1265 ex
633 1231 839 1268 Hebraica¹³
867 1235 983 1279 lingua
1010 1247 1072 1279 per
1099 1236 1311 1280 septuaginta
1345 1237 1540 1280 interpretes
1575 1236 1751 1268 transferre
1765 1231 1786 1252 ¹⁵
1813 1236 1940 1269 curavit
1953 1232 1993 1277 ¹⁹,
2036 1234 2152 1279 quas²⁰

199 1286 232 1318 in
262 1284 487 1318 Alexandrina
499 1282 521 1301 ²¹
552 1285 762 1319 bibliotheca
789 1286 917 1320 habuit.

367 1335 401 1369 2.
455 1336 630 1380 Siquidem
660 1338 782 1382 singuli
795 1334 820 1354 ²²
851 1338 883 1370 in
919 1338 1056 1382 singulis
1093 1338 1186 1371 cellis
1198 1335 1222 1355 ²³
1249 1339 1393 1383 separati
1405 1335 1428 1355 ²⁴
1460 1338 1505 1370 ita
1539 1337 1651 1370 omnia
1688 1348 1749 1381 per
1776 1337 1938 1382 Spiritum
1967 1343 2116 1372 sanctum
2128 1335 2152 1355 ²⁵

201 1388 405 1432 interpretati
432 1394 522 1429 sunt,
550 1393 586 1421 ut
612 1389 695 1422 nihil
723 1391 755 1422 in
780 1390 917 1424 alicuius
944 1401 1059 1422 eorum
1087 1390 1206 1424 codice
1233 1391 1400 1423 inventum
1428 1395 1522 1429 esset,
1556 1389 1648 1433 quod
1676 1389 1708 1421 in
1738 1390 1855 1422 ceteris
1883 1389 1935 1422 vel
1968 1390 2000 1423 in
2030 1391 2151 1423 verbo-

201 1452 275 1473 rum
303 1440 420 1472 ordine
444 1439 658 1484 discreparet.

368 1490 401 1522 3.
455 1490 604 1524 Fuerunt
629 1498 660 1524 et
687 1491 741 1524 alii
764 1492 968 1536 interpretes,
996 1492 1053 1535 qui
1081 1503 1120 1524 ex
1146 1492 1316 1526 Hebraica
1344 1493 1459 1537 lingua
1486 1492 1518 1524 in
1541 1487 1729 1524 Graecam²

1731 1488 1743 1509 ⁶
1769 1503 1860 1525 sacra
1888 1493 2021 1536 eloquia
2047 1498 2153 1526 trans-

201 1542 364 1584 tulerunt,
393 1541 475 1575 sicut
501 1543 642 1585 Aquila,
669 1542 891 1586 Symmachus
919 1549 950 1575 et
976 1543 1215 1583 Theodotion,
1243 1544 1326 1577 sicut
1352 1545 1451 1575 etiam
1463 1540 1487 1560 ²⁷
1517 1543 1672 1587 Vulgaris
1699 1543 1756 1575 illa
1784 1543 2028 1588 interpretatio,
2062 1545 2151 1579 cuius

204 1600 319 1628 auctor
346 1604 412 1626 non
433 1601 576 1638 apparet
604 1600 635 1627 et
663 1596 707 1627 ob
736 1594 802 1627 hoc
829 1596 897 1627 sine
919 1596 1051 1628 nomine
1079 1596 1263 1640 interpretis
1291 1596 1415 1636 Quinta
1443 1594 1544 1627 editio
1577 1600 1795 1638 nuncupatur.

292 1706 317 1735 1)
342 1702 467 1731 Graoeis
490 1703 545 1732 Gu.
569 1706 595 1735 2,
611 1720 646 1725 -
666 1704 780 1732 Gracco
798 1714 929 1731 sermone
942 1704 979 1732 ul.
1000 1720 1042 1725 —
1065 1706 1094 1742 Ξ)
1110 1704 1158 1733 Sic

207 1755 222 1774 e
247 1745 377 1782 vestigiis
400 1746 457 1774 Cu.
476 1748 500 1776 1.
521 1747 645 1785 scripsi,
668 1747 699 1774 in
722 1757 782 1785 quo
797 1751 841 1775 est
864 1747 902 1774 ub
920 1759 951 1774 eo
976 1747 1085 1775 omisso
1105 1747 1157 1776 ibi.

206 1805 246 1809 —
277 1790 307 1823 3)
331 1789 379 1815 Sic
409 1789 496 1817 Arev.
518 1806 559 1811 —
589 1789 646 1820 Gu.
667 1792 696 1820 2.
725 1799 771 1828 pr.
798 1799 843 1818 va.
876 1789 968 1817 biblio
999 1789 1156 1827 librorum,

206 1831 290 1858 theca
313 1832 454 1868 repo-silio
472 1847 511 1852 ——
533 1832 588 1860 Gu.
609 1835 636 1863 1.
656 1832 819 1860 bibliorum
845 1833 930 1859 theca
954 1833 1157 1870 reposicititio.

205 1889 246 1895 -
263 1873 348 1910 Vulg.
369 1874 487 1912 βιβλίου
509 1875 623 1902 librum
646 1875 779 1913 (βιβλίον
803 1874 977 1911 Gothosr.)‚
1002 1873 1088 1913 θήμη
1111 1887 1156 1903 rc-

200 1917 382 1955 po-sitionem
411 1932 453 1937 --
481 1916 512 1956 4)
536 1918 781 1954 Iliacus-obtutam
804 1918 840 1948 al.
866 1937 902 1940 —
936 1917 966 1956 5)
990 1918 1039 1945 Sic
1055 1919 1112 1947 Gu.
1132 1921 1157 1949 1.

206 1962 235 1990 2,
252 1969 298 1998 pr.
318 1977 354 1980 —
366 1960 495 1995 suerunt
518 1960 598 1997 vulg.
619 1977 660 1981 —-
684 1963 712 1997 6)
726 1961 775 1988 Sic
791 1961 847 1991 Gu.
865 1963 890 1992 1.
908 1963 935 1991 2.
953 1961 1002 1991 Ar.
1018 1977 1052 1981 —
1070 1960 1156 1998 Vulg.

207 2007 280 2041 quot
309 2007 335 2028 et
362 2002 466 2029 literae
490 2001 687 2032 habebantur.
713 2020 755 2025 —
777 2002 805 2040 7)
830 2002 967 2031 traditur
987 2013 1034 2031 va.
1061 2020 1095 2024 —-
1129 2006 1156 2041 8)

207 2045 263 2074 Vv,
288 2044 519 2072 Athenien-viimi
547 2054 642 2083 usque
667 2046 703 2074 ad
728 2045 865 2084 deinceps
895 2046 934 2074 ab
960 2056 1017 2074 oui.
1049 2046 1106 2075 Gu.
1132 2050 1156 2077 1.

207 2103 249 2109 —-
270 2089 301 2124 9)
324 2087 538 2115 Demosthenes
561 2087 628 2115 add.
652 2088 688 2118 al.
712 2105 750 2111 —
788 2090 832 2126 10)
853 2090 951 2116 ιιιίιιίἰ
975 2089 1024 2118 Ar.
1048 2106 1081 2109 —
1112 2086 1157 2128 11)

209 2128 279 2157 inde
300 2129 367 2158 add.
392 2131 448 2158 Gu.
466 2132 492 2160 1.
520 2145 562 2151 —-
592 2131 638 2167 12)
665 2130 835 2158 Alexander
855 2142 957 2168 magn.
988 2131 1044 2158 Gn.
1067 2134 1094 2162 2.
1119 2148 1156 2151 -

210 2171 255 2211 13)
276 2183 378 2200 eorum
402 2173 460 2201 Gu.
480 2175 505 2203 1.
519 2174 547 2203 2.
574 2189 609 2195 —
635 2172 682 2210 14)
695 2175 832 2210 gentium
849 2174 952 2202 addidi
975 2183 990 2201 e
1008 2174 1064 2201 Gu.
1086 2177 1111 2204 1.
1129 2177 1157 2205 2.

212 2225 256 2252 pr.
279 2225 323 2242 va.
349 2215 397 2243 Ar.
419 2231 460 2237 —
485 2214 531 2252 15)
552 2213 613 2242 duo
636 2216 725 2243 milia
748 2217 785 2243 al.
813 2234 853 2238 —
891 2216 935 2254 16)
959 2217 1043 2244 Jltnc
1065 2216 1102 2244 al.
1117 2232 1157 2238 —

214 2257 297 2295 vulg.
316 2259 408 2285 etiam
437 2263 480 2293 et,
510 2257 561 2286 sed
584 2263 610 2285 et
634 2268 690 2287 om.
715 2258 771 2286 Gu.
797 2262 823 2289 1.
843 2274 886 2280 —
909 2269 995 2286 sacro
1021 2259 1121 2287 addidi
1144 2268 1158 2287 e

213 2300 271 2329 Gu.
288 2303 313 2332 1.
333 2316 375 2322 -—
393 2305 422 2328 et
440 2306 544 2338 petens
566 2302 738 2339 scripturas
760 2311 796 2329 ex
821 2301 885 2329 eod.
912 2311 967 2339 pro
991 2303 1158 2339 scripturas

211 2348 269 2380 pet.
291 2359 332 2364 —
355 2349 475 2381 praeter
497 2344 668 2382 scripturas
689 2354 744 2382 pro
767 2343 812 2372 his
839 2344 895 2372 Gu.
912 2346 939 2374 2.
959 2360 999 2365 -
1027 2343 1073 2383 17)
1097 2345 1158 2371 Πε-

1200 1704 1291 1732 braca
1307 1704 1344 1732 al.
1365 1720 1407 1725 —
1432 1706 1473 1739 18)
1484 1704 1616 1741 perferre
1639 1704 1696 1732 Gu.
1721 1706 1748 1733 1.
1770 1718 1811 1723 —
1834 1703 1941 1738 referre
1957 1704 1993 1732 al.
2015 1720 2049 1724 —-
2069 1706 2151 1741 serre

1201 1747 1237 1776 al.
1255 1763 1297 1769 —-
1321 1745 1365 1784 19)
1377 1748 1555 1784 procurat-it
1578 1746 1614 1774 al.
1628 1762 1668 1767 -·
1691 1749 1736 1780 ΞΟ)
1752 1756 1887 1784 ‘lucisque
1912 1746 1970 1776 Gu.
1987 1748 2016 1777 2.
2039 1763 2081 1768 —
2101 1745 2151 1786 21)

1199 1788 1392 1818 Alexandria
1415 1789 1450 1816 al.
1472 1799 1519 1819 va.
1542 1804 1583 1810 —
1613 1786 1661 1828 25¹)
1685 1788 1802 1826 singuli
1825 1799 1882 1817 om.
1906 1788 1943 1816 al.
1966 1805 2008 1810 —
2029 1787 2077 1829 23)
2101 1790 2150 1818 Sic

1202 1834 1258 1861 Gu.
1276 1836 1301 1863 1.
1323 1848 1363 1854 -—
1384 1831 1503 1859 cellulis
1526 1831 1582 1859 Gu.
1605 1834 1633 1862 2.
1655 1841 1700 1869 pr.
1719 1833 1768 1860 Ar.
1795 1846 1835 1852 —-
1861 1832 1906 1866 24)
1924 1833 2090 1869 separatim
2113 1833 2151 1861 al.

1200 1893 1241 1898 -—-·
1271 1878 1317 1911 25)
1341 1874 1412 1903 Cod.
1446 1874 1539 1902 Tolet.
1564 1873 1585 1901 Ι.
1620 1878 1703 1901 notat
1733 1873 1781 1901 vel
1803 1873 1902 1902 addit:
1932 1875 2150 1903 sanctissimus

1199 1920 1404 1957 Jlt'eronymns
1426 1915 1461 1944 de
1483 1917 1587 1945 LXA‘.
1610 1916 1823 1954 intflprctibus
1845 1916 1921 1944 dicit
1944 1917 2028 1955 (sort.
2051 1916 2150 1945 dih-sc·-

1200 1963 1240 1989 rit
1264 1961 1296 1989 A
1302 1972 1339 1988 re
1351 1959 1406 1997 tu),
1428 1965 1455 1987 et
1476 1970 1524 1987 eos
1539 1960 1642 1996 fuisse
1664 1965 1754 1997 negat
1777 1958 1894 1987 divisos
1915 1964 1942 1987 et
1963 1960 2063 1987 multa
2085 1959 2149 1987 ad—

1200 2003 1315 2032 didisse
1335 2003 1384 2030 vel
1404 2001 1551 2030 ademisse
1573 2003 1670 2039 raefert.
1686 2019 1725 2023 ——-
1749 2000 1796 2042 96)
1811 2002 1860 2030 Sic
1877 2002 1932 2030 Gu.
1952 2004 1978 2032 1.
1998 2018 2030 2023 —
2055 2002 2149 2030 Grae-

1201 2058 1268 2075 cum
1290 2045 1373 2083 vulg.
1395 2060 1437 2066 —-
1467 2043 1515 2084 27)
1539 2044 1623 2082 Vulg.
1649 2046 1740 2072 etiam
1763 2050 1805 2082 et,
1838 2044 1890 2074 sed
1912 2049 1939 2072 et
1962 2055 2019 2073 om.
2046 2044 2102 2074 Gu.
2122 2048 2148 2076 1.

1200 2092 1308 2126 -.23)
1331 2088 1380 2116 Sic
1399 2087 1455 2115 Gu.
1474 2090 1499 2117 1.
1516 2103 1556 2107 —
1575 2089 1682 2126 reperit
1705 2087 1786 2125 vulg.
1805 2104 1847 2109 —
1871 2089 1903 2115 in
1926 2097 2019 2115 unum
2041 2088 2147 2126 reperit

1200 2132 1238 2161 al.
1262 2149 1298 2153 —
1332 2132 1377 2167 29)
1400 2129 1586 2157 editionibus
1609 2130 1646 2158 al.
1671 2141 1730 2159 om.
1752 2146 1795 2151 —
1818 2129 1866 2167 30)
1882 2130 2091 2167 peritissimus
2111 2130 2147 2159 al.

1200 2191 1241 2196 —-
1271 2172 1318 2213 31)
1342 2172 1418 2201 Edit.
1441 2172 1580 2202 Gothosr.
1602 2178 1629 2201 et
1657 2174 1742 2203 Arev.
1765 2183 1811 2211 pr.
1833 2171 1948 2200 addunt
1970 2178 2074 2211 atque,
2098 2178 2147 2200 ut-

1195 2222 1267 2255 pote
1289 2227 1308 2243 (ι
1331 2215 1498 2243 christiano
1522 2217 1696 2254 interprete,
1720 2217 1835 2252 verior,
1863 2225 1938 2254 quae
1962 2225 2017 2244 om.
2042 2215 2097 2244 Gu.
2120 2217 2146 2245 1.

1201 2262 1230 2290 2.
1249 2269 1294 2287 va.
1335 2258 1380 2286 Al.
1406 2258 1576 2286 christiana
1595 2259 1811 2297 interpretatio.
1830 2273 1866 2279 -—
1884 2258 1921 2286 al.
1944 2269 1964 2286 a
1978 2258 2145 2285 christiano

1201 2302 1466 2341 interpretatio.--
1487 2302 1608 2329 clarior
1630 2312 1686 2341 pro
1709 2302 1806 2329 verior
1820 2310 1865 2339 pr.
1889 2317 1929 2321 --
1951 2301 2000 2336 32)
2015 2300 2146 2328 Romam

1201 2345 1249 2374 Ar.
1273 2361 1315 2366 —
1338 2346 1387 2380 33)
1408 2345 1503 2373 Persa
1526 2344 1581 2372 Gu.
1597 2347 1626 2376 2.
1650 2355 1694 2384 pr.
1716 2354 1762 2373 va.
1789 2360 1819 2365 --
1850 2344 1948 2372 Xerxe
1972 2343 2028 2372 Gu.
2053 2345 2079 2373 1.
2107 2358 2142 2364 —
