2264 2830
786 81 1033 117 0R1G1NUM
1066 84 1210 118 LIBER
1238 85 1293 118 lv.

1944 83 2017 117 149

236 179 271 215 5.
325 179 438 213 Stacte
449 176 472 196 ³⁹
501 186 549 211 est
569 179 747 221 incensum,
776 177 867 221 quod
886 188 924 210 ex
942 188 1096 221 pressura
1114 184 1235 220 manat,
1260 178 1385 211 dictum
1403 190 1422 210 a
1437 176 1575 211 Graecis
1591 173 1690 223 παρά
1712 173 1756 211 τό
1771 173 1965 218 στάζεσθαι
1980 175 2014 215 ω;

71 233 104 265 id
133 237 180 266 est
206 232 379 277 optimum.

236 292 270 326 6.
323 289 602 334 Myrobalanum,
628 290 707 332 quia
734 289 770 321 fit
798 299 838 320 ex
863 288 1001 333 glande,
1018 289 1167 322 odorata.

816 348 863 380 Ει

297 397 464 435 Pressa⁴¹
493 399 560 432 tuis
589 398 740 431 balanus
767 400 916 444 capillis.

71 453 196 488 Oleum
222 458 271 486 est
298 464 418 497 purum
445 451 594 494 nullique
621 451 668 483 rei
695 451 877 484 admixtum
890 447 923 483 ⁴².

1222 290 1273 322 De
1300 300 1369 332 quo
1398 289 1571 322 Horatius:

233 512 450 557 Unguentum
478 522 557 543 vero
586 516 634 543 est
660 522 777 549 omne,
813 511 905 554 quod
934 520 973 542 ex
1009 511 1178 543 communi
1213 511 1290 543 oleo
1319 510 1510 544 consectum
1545 512 1683 544 aliarum
1710 509 1895 555 specierum
1924 517 2019 541 com-

70 565 227 599 mixtione
255 569 414 609 augetur,
442 563 555 595 odoris
582 563 819 595 iocunditatem
847 572 977 595 sumens
1004 566 1036 594 et
1064 562 1195 606 longius
1223 563 1387 596 redolens.

513 619 537 639 ⁴15

234 623 266 656 7.
321 623 502 668 Unguenta

70 676 115 709 nit
125 703 134 720 ‚
161 675 291 709 dicens:

561 628 671 656 autem
699 623 865 666 quaedam
893 622 1048 656 dicuntur
1071 635 1089 656 a
1118 623 1219 664 loeis,
1246 628 1282 656 ut
1307 622 1463 663 telinum,
1498 622 1589 655 cuius
1618 621 1720 654 lulius
1748 619 1873 653 Caesar
1900 618 2015 650 memi-

301 725 506 770 Corpusquc
533 722 667 759 smwi⁴⁴
695 726 800 759 telino
812 722 833 742 ¹5
860 727 1026 772 ungimus
1036 723 1071 760 ⁴⁶.

69 786 148 820 Hoc
174 786 414 820 conficiebatur
441 782 508 818 ἱιιΠ
529 786 632 818 insula
660 785 767 827 Delo,
795 798 880 829 qnae
908 791 956 819 est
982 783 1080 819 ιιῐιει48
1108 796 1147 818 ex
1177 783 1392 828 Cycladibus.

232 846 267 880 8.
322 846 408 879 Sunt
435 851 467 878 et
480 842 503 862 ⁴⁹
530 846 697 890 quaedam
724 847 766 879 ab
796 846 1021 880 inventoribus

69 895 192 937 dam⁵¹‚
213 898 343 943 regium
358 897 525 941 quendam
553 910 695 942 puerum
720 899 922 931 Amaracum
949 898 1082 931 nomine
1110 891 1313 940 complura5

68 950 266 995 prolapsum
299 962 386 991 esse,
428 954 460 982 et
493 950 652 983 maiorem
687 961 727 983 ex
762 950 998 983 commixtione
1033 949 1174 982 odorem
1209 958 1346 982 creasse.

1056 840 1275 885 nominata⁵⁰‚
1318 849 1353 876 ut
1377 843 1612 877 amaracinum.
1666 842 1754 875 Nam
1786 841 1920 873 tradunt
1947 841 2021 884 qui-

1315 892 1327 912 ²
1355 900 1599 941 unguentorum
1616 905 1741 939 genera
1765 892 1925 926 serentem
1944 903 2022 925 casu

1409 947 1510 981 Unde
1522 943 1547 964 ⁵³
1580 958 1667 980 nunc
1695 945 1824 990 optima
1850 949 2021 989 unguenta

69 1002 256 1036 amaracina
283 1002 453 1035 dicuntur:
480 1007 553 1034 sunt
579 1006 690 1034 autem
718 1013 758 1034 ex
785 1013 911 1046 genere
938 1002 1071 1034 florum.

233 1060 269 1096 9.
322 1062 406 1094 ltem
433 1066 506 1093 sunt
536 1058 650 1102 alia⁵¹‚
674 1072 760 1104 quae
788 1073 807 1093 a
834 1063 993 1095 materiae
1020 1073 1098 1094 suae
1125 1059 1285 1104 qualitate
1320 1059 1496 1099 dicuntur,
1524 1063 1560 1090 ut
1587 1068 1759 1092 rosaceum
1787 1067 1807 1088 a
1834 1066 1928 1096 rosa,
1963 1065 2021 1098 cy-

69 1113 199 1158 prinum
209 1109 233 1129 ⁵⁵
260 1124 279 1145 a
306 1113 389 1146 flore
416 1108 563 1157 cypri⁵⁰‚
590 1113 679 1146 unde
707 1118 739 1146 et
749 1109 773 1130 5³
800 1114 959 1157 propriae
986 1113 1144 1147 materiae
1172 1111 1313 1143 odorem
1341 1110 1498 1143 referunt.

234 1171 291 1205 10.
346 1173 400 1205 Ex
425 1172 476 1205 liis
503 1172 669 1215 quaedam
694 1173 859 1217 simplicia
887 1178 1056 1217 unguenta
1091 1176 1186 1211 sunt,
1235 1182 1322 1213 quae
1356 1166 1430 1203 ex⁵⁸
1467 1180 1533 1201 una
1567 1173 1693 1201 tantum
1728 1166 1839 1211 specie
1870 1165 2022 1206 existunt,

69 1223 158 1257 unde
185 1229 218 1256 et
245 1224 293 1257 sui
320 1224 460 1256 nominis
488 1224 634 1256 referunt
661 1224 858 1264 odoratum,
883 1230 919 1256 ut
946 1224 1112 1256 arietinum
1122 1220 1163 1255 ⁵⁹:

202 1275 400 1319 Composita
427 1280 538 1306 autem
563 1279 655 1314 sunt,
692 1286 779 1318 quae
808 1271 994 1319 pluribus⁸⁵⁰
1028 1273 1180 1306 admixtis
1207 1273 1307 1311 fiunt,
1343 1271 1432 1304 unde
1468 1276 1501 1303 et
1536 1270 1677 1302 nominis
1706 1268 1754 1301 sui
1785 1268 1926 1300 odorem
1955 1278 2021 1298 non

68 1281 150 1309 tum.

1199 1227 1248 1254 est
1275 1222 1362 1254 enim
1389 1221 1551 1255 sincerum
1582 1230 1622 1251 ex
1656 1219 1733 1251 oleo
1762 1222 1795 1250 et
1823 1221 1919 1249 aneto
1946 1220 2021 1248 tan-

69 1327 214 1367 habent,
240 1328 318 1370 quia
345 1325 569 1358 obtinentibus
595 1325 682 1366 aliis,
710 1337 796 1369 quae
823 1325 1063 1368 admiscentur,
1091 1324 1253 1358 incertum
1281 1323 1422 1356 odorem
1449 1317 1620 1362 ducuntffl,
1648 1316 1716 1352 ιηω
1743 1324 1911 1359 cerotum,
1936 1318 2021 1352 cha-

70 1378 221 1411 lasticum
229 1375 255 1394 “³
262 1402 272 1419 ,
299 1377 504 1411 marciatum.

69 1469 115 1508 38)
139 1471 206 1508 igni
223 1470 278 1497 Gu.
294 1473 321 1501 2.
344 1485 386 1491 -
407 1472 456 1507 39)
481 1470 602 1497 Stacten
617 1469 673 1498 Gu.
692 1472 719 1499 1.
735 1471 764 1499 2.
781 1470 810 1499 3.
826 1478 872 1497 va.
898 1483 934 1489 —
960 1470 1021 1496 Sa·-

70 1518 135 1540 cten
145 1523 191 1550 pr.
213 1528 255 1534 —
280 1510 328 1551 40)
352 1512 401 1540 Sic
417 1512 473 1539 Gu.
492 1514 526 1547 1.,
544 1512 573 1539 in
591 1521 650 1549 quo
674 1516 718 1539 est
732 1516 1022 1549 tapsctocstapepmfz

71 1555 127 1583 Gu.
144 1558 178 1586 2:
212 1557 271 1584 π·Λ
282 1553 570 1584 ΡτοΛΖΗΝΟΘ
581 1555 642 1583 ΛΘ
654 1555 685 1582 Ν
705 1554 761 1583 Gu.
777 1555 806 1584 3.
823 1559 1023 1592 paratostaze

68 1603 100 1625 ἱη
113 1602 238 1625 staaraz
256 1596 311 1625 Gu.
322 1598 350 1628 4.
360 1597 590 1634 paratostazein
608 1601 740 1625 etms-cm.
754 1611 795 1617 —-
810 1598 1021 1634 naptoctazeln

69 1640 188 1676 ctakc'n,
218 1638 284 1667 ideo
308 1639 496 1667 obstructam
513 1640 666 1677 optimum.
691 1638 738 1667 Al.
757 1649 777 1665 a
796 1639 923 1667 Graecis
938 1637 1019 1678 παρά

68 1681 101 1713 τὸ
124 1679 238 1718 στάζειν
259 1681 296 1710 al.
314 1691 425 1712 στακαν
441 1681 479 1710 al.
495 1690 620 1720 στακτη,
643 1680 679 1709 id
691 1687 732 1708 est
747 1681 893 1709 oltritam.
917 1682 1019 1721 sisyro-

69 1725 225 1753 halanum.
253 1724 296 1752 Ita
314 1724 402 1752 codd.
426 1723 548 1762 gothici.
566 1725 584 1752 i.
607 1734 647 1761 e.‚
672 1724 729 1752 nisi
751 1723 853 1759 fallor,
881 1722 963 1762 napo?
985 1722 1018 1754 τό

69 1764 186 1803 στάζειν
207 1763 318 1802 στάξιν.
351 1767 416 1797 Om.
438 1767 550 1795 Graeca
573 1777 617 1805 pr.
638 1766 726 1804 Vulg.
741 1762 801 1796 οἷπό
820 1768 876 1796 τοῦ
893 1763 1018 1802 στάζειν.

69 1810 140 1838 Post
155 1807 235 1847 παρά
251 1807 284 1838 τὸ
305 1807 462 1845 στάζεσθαι
476 1814 519 1838 est
533 1809 563 1837 in
583 1810 639 1838 Gu.
664 1813 689 1840 1.
705 1811 733 1840 2.
749 1811 778 1840 3.
799 1809 894 1847 princ.
913 1810 969 1836 Gu.
987 1812 1017 1840 2.

70 1851 106 1879 id
126 1857 168 1879 est
189 1851 377 1879 obstructum
400 1852 441 1880 al.
465 1853 621 1890 optimum.
645 1852 731 1889 Vulg.
750 1848 809 1881 αἠὸ
823 1853 877 1881 τοῦ
894 1849 1018 1888 στάζειν,

70 1893 152 1934 quod
163 1900 206 1922 est
222 1904 347 1922 manare
360 1899 386 1922 et
403 1893 563 1923 distillare.
585 1910 628 1916 —-
650 1892 697 1934 41)
721 1905 858 1932 expressa
874 1895 930 1922 Gu.
949 1897 975 1924 1.
990 1897 1018 1925 2.

69 1947 126 1976 pro
143 1942 169 1964 et
184 1947 300 1975 pre-ssa.
321 1953 362 1958 —
387 1943 507 1975 pressat
529 1947 574 1976 pr.
605 1953 646 1959 -—
674 1936 842 1965 izchalanzls
869 1937 925 1964 Gu.
945 1939 973 1967 1.
988 1939 1017 1967 2.

70 1990 115 2018 pr.
132 1989 178 2009 va.
206 1996 240 2000 —
267 1980 313 2006 tui
339 1979 397 2007 hal.
423 1980 476 2010 Gu.
497 1981 525 2011 3.
550 1980 645 2008 Locus
669 1984 714 2008 est
738 1979 818 2019 apud
840 1979 943 2008 Horat.
961 1979 1019 2007 Od.

70 2022 126 2057 111,
145 2024 203 2058 29,
226 2021 255 2052 4.
279 2036 321 2042 -
341 2022 388 2056 42)
411 2021 466 2050 Vv.
488 2022 594 2051 Oleum
611 2032 705 2060 usque
728 2023 763 2051 ad
781 2021 952 2050 admixtum
970 2021 1019 2050 ad-

70 2064 134 2092 didi
155 2073 170 2092 e
189 2064 244 2092 Gu.
265 2066 292 2095 1.
308 2066 336 2095 2.
353 2065 382 2095 3.
398 2074 446 2103 pr.
469 2074 514 2092 va.
536 2066 586 2093 Ar.
608 2081 649 2085 —
678 2064 724 2104 43)
748 2065 834 2094 Hunc
858 2063 1017 2093 articulum

72 2107 172 2138 Gu.1.
198 2106 229 2134 in
252 2105 310 2134 fine
337 2116 404 2144 cap.
419 2106 498 2136 XIII.
522 2106 649 2136 exhibet.
687 2126 724 2130 —
761 2109 809 2145 44)
842 2107 1019 2145 Corpzcsque

71 2159 164 2177 suum
178 2149 234 2177 Gu.
249 2152 273 2179 1.
299 2167 337 2171 -
365 2149 537 2187 Cot-ptusque
548 2150 699 2178 suavitate
711 2150 773 2178 lino
786 2166 827 2171 —
843 2150 1020 2187 Corpus-que

71 2193 161 2220 suavi
174 2201 235 2224 νας
259 2202 316 2229 qne
331 2191 432 2230 recepi
450 2201 464 2219 e
481 2192 533 2219 Gu.
551 2195 577 2222 1.
601 2208 642 2214 —-
664 2194 709 2229 45)
734 2193 838 2220 telinio
855 2193 891 2221 al.
908 2197 937 2221 et
955 2202 1017 2220 var.

72 2234 139 2263 lect.
154 2244 200 2272 ap.
217 2233 306 2264 Goth,
323 2234 448 2264 Vulcan.
463 2234 589 2262 coniecit
604 2234 735 2263 Delinz‘o.
761 2235 798 2263 At
811 2240 854 2263 est
871 2246 885 2263 a
904 2236 1017 2263 Graeco

71 2279 169 2315 τῆλις,
194 2275 276 2315 quod
299 2281 343 2304 est
358 2277 489 2314 foenum
507 2276 665 2306 Graecum.
684 2277 749 2306 Ant.
766 2278 920 2316 Augustin.
937 2277 1017 2305 hunc

72 2328 190 2348 versum
209 2329 269 2347 non
293 2319 425 2348 Caesaris
452 2319 627 2356 metatoris,
653 2318 704 2347 sed
726 2320 878 2348 Strabonis
900 2319 1017 2357 Tragici

72 2361 213 2400 putabat,
237 2361 322 2390 cuius
341 2362 444 2391 Cicero
459 2361 592 2391 meminit
607 2362 636 2390 in
653 2361 736 2391 Brut.
754 2373 781 2392 e.
798 2363 847 2395 48.
864 2367 893 2392 et
911 2363 1015 2392 Festus

1065 1467 1095 1495 in
1118 1467 1306 1505 Prophe-tas,
1339 1466 1423 1504 quod
1445 1464 1578 1494 senarius
1595 1463 1658 1502 ipse
1677 1471 1773 1502 prope
1794 1461 1907 1499 integer
1933 1461 2020 1489 etiam

1065 1510 1178 1538 Grialio
1204 1509 1327 1548 probat,
1360 1519 1448 1547 quem
1477 1507 1625 1544 integrum
1648 1505 1688 1533 ita
1717 1505 1808 1533 fuisse
1832 1504 2020 1541 suspicatur:

1068 1552 1241 1590 Cotym-§que
1256 1553 1347 1579 suavi
1365 1551 1458 1579 'stlini
1476 1550 1609 1588 unguine
1624 1548 1779 1585 ungimur.
1810 1546 1905 1574 Telirzc'
1917 1555 2021 1574 menu-

1064 1595 1110 1623 nit
1132 1595 1219 1623 etiam
1244 1594 1368 1623 Tertull.
1392 1594 1423 1622 in
1448 1592 1498 1621 lib.
1523 1591 1560 1620 de
1583 1591 1675 1630 pallio
1697 1600 1722 1618 c.
1737 1589 1765 1621 4.
1789 1594 1818 1617 et
1841 1587 1947 1618 Athen,
1969 1587 2019 1618 lib,

1064 1637 1128 1666 XV.
1158 1648 1224 1675 cap.
1244 1638 1292 1668 15.
1331 1637 1375 1665 Ad
1405 1636 1497 1664 libros
1522 1634 1654 1662 Caesaris
1684 1633 1720 1661 de
1749 1631 1883 1669 analogia
1915 1630 2018 1659 retulit

1062 1679 1136 1708 haec
1161 1680 1226 1708 Ful.
1247 1680 1342 1708 Ursin.
1372 1678 1446 1707 Vide
1467 1677 1526 1706 hoc
1540 1677 1736 1714 fragmentum
1756 1675 1787 1703 in
1805 1673 1875 1703 edit.
1902 1674 2017 1702 caesar.

1063 1722 1174 1752 Daehn.
1193 1733 1223 1761 p.
1239 1724 1309 1753 337.
1333 1722 1460 1751 Incerta.
1485 1737 1523 1742 -
1547 1722 1592 1757 46)
1616 1719 1664 1746 Sic
1685 1718 1742 1746 Gu.
1756 1721 1832 1749 1.—
1851 1717 2018 1755 unguimus

1062 1765 1144 1802 vulg.
1166 1783 1201 1787 —
1227 1766 1374 1803 ungimur
1390 1764 1429 1794 al.
1453 1779 1495 1785 -
1517 1762 1565 1799 47)
1590 1763 1621 1789 in
1637 1771 1694 1789 om.
1709 1760 1765 1790 Gu.
1786 1762 1813 1791 1.
1829 1775 1868 1780 --
1889 1759 1946 1786 telo
1960 1768 2016 1797 pro

1062 1808 1141 1836 Delo
1166 1818 1212 1846 pr.
1233 1808 1280 1836 Ar.
1303 1824 1346 1829 —
1368 1809 1414 1843 43)
1439 1816 1502 1834 ιιηα
1525 1815 1581 1833 om.
1608 1803 1643 1832 al.
1674 1819 1716 1824 —
1752 1802 1797 1841 49)
1823 1802 1900 1830 Sunt
1917 1806 2017 1829 aute-m

1063 1852 1118 1880 Gu.
1138 1853 1166 1882 2.
1190 1866 1232 1872 —
1255 1856 1280 1878 et
1299 1861 1356 1880 om.
1373 1860 1420 1880 va,
1446 1866 1483 1870 —
1508 1847 1553 1885 50)
1578 1846 1626 1875 Sic
1644 1846 1700 1876 Gu.
1719 1848 1798 1876 1.—
1822 1844 1861 1872 ab
1882 1846 2016 1872 invento-

1060 1904 1129 1922 rum
1147 1895 1266 1922 nomine
1280 1893 1360 1931 vulg.
1385 1908 1428 1913 —
1455 1889 1504 1930 51)
1527 1890 1576 1918 Sic
1598 1889 1654 1917 Gn.
1671 1891 1697 1920 1.
1721 1904 1763 1909 —
1791 1886 1920 1926 quidam
1943 1892 2015 1914 tra-

1062 1935 1141 1964 dunt
1156 1936 1237 1974 vulg.
1259 1952 1296 1958 —
1321 1935 1365 1972 52)
1383 1935 1431 1962 Sic
1450 1934 1506 1961 Gu.
1525 1935 1551 1964 1.
1568 1935 1596 1964 2.
1612 1941 1658 1971 pr.
1674 1941 1721 1959 va.
1746 1930 1797 1959 Ar.
1814 1930 1902 1967 Vulg.
1923 1939 2014 1967 qaum

1055 1980 1164 2018 plura.
1186 1995 1228 2000 —-
1251 1980 1300 2014 53)
1325 1976 1404 2005 unde
1418 1982 1444 2004 et
1461 1976 1515 2005 Gu.
1534 1977 1562 2005 2.
1586 1991 1627 1997 -
1650 1974 1699 2011 54)
1722 1972 1837 2001 Verba:
1859 1977 1931 2000 sunt
1948 1972 2014 1999 alia

1063 2021 1167 2050 addidi
1185 2031 1199 2050 e
1216 2022 1271 2051 Gu.
1292 2024 1319 2051 1.
1343 2035 1381 2042 —
1410 2020 1484 2048 Item
1499 2018 1581 2054 alia,
1605 2027 1683 2055 quae
1708 2017 1765 2045 Gu.
1783 2018 1811 2047 2.
1829 2025 1876 2043 va.
1900 2016 1949 2042 Ar.
1977 2030 2011 2035 —-

1062 2064 1110 2101 55)
1135 2075 1210 2103 quae
1225 2065 1362 2102 primum
1379 2063 1435 2093 Gu.
1453 2065 1481 2094 2.
1497 2077 1539 2082 -
1562 2060 1741 2099 quipsinum
1757 2067 1805 2088 va.
1819 2074 1861 2079 -
1875 2066 2012 2095 c-Jperum

1060 2111 1103 2136 est
1119 2117 1222 2136 verum
1244 2116 1359 2134 nomen.
1382 2121 1424 2127 —-
1447 2104 1493 2140 56)
1516 2104 1599 2141 cipro
1619 2102 1676 2131 Gu.
1692 2104 1717 2132 1.
1740 2110 1786 2139 pr.
1807 2117 1849 2121 —
1872 2110 1928 2128 om.
1955 2099 2010 2126 Gu.

1059 2152 1088 2180 2.
1112 2160 1157 2178 va.
1194 2166 1232 2170 —
1272 2147 1319 2187 57)
1343 2148 1392 2176 Sic
1421 2148 1476 2176 Gu.
1495 2148 1522 2177 1.
1538 2147 1568 2176 2.
1582 2145 1618 2175 al.
1645 2145 1694 2174 Ar.
1716 2144 1787 2172 edit.
1810 2142 1900 2171 Goth.
1925 2141 2009 2178 Vulg.

1060 2202 1137 2229 quae
1147 2190 1277 2230 proinde
1293 2197 1327 2219 et.
1358 2207 1400 2213 —
1434 2191 1482 2226 58)
1506 2199 1538 2216 ex
1556 2186 1659 2217 addidi
1685 2196 1699 2215 e
1725 2187 1781 2214 Gu.
1799 2188 1826 2216 1.
1843 2188 1872 2216 2.
1898 2194 1942 2222 pr.
1961 2193 2007 2211 va.

1061 2234 1111 2262 Ar.
1141 2234 1224 2263 Unde
1248 2243 1342 2272 usque
1358 2233 1396 2261 ad
1414 2231 1575 2260 odoratum
1594 2230 1630 2258 al.
1645 2239 1701 2258 om.
1724 2245 1767 2250 —
1788 2226 1834 2266 59)
1857 2227 2006 2254 aneticzcm

1061 2276 1116 2306 Gu.
1136 2279 1161 2308 1.
1184 2292 1225 2298 —
1247 2276 1293 2315 60)
1320 2276 1436 2315 aplzcr.
1456 2275 1512 2304 GU.
1527 2277 1558 2305 2.
1587 2283 1633 2312 pr.
1657 2287 1699 2293 -—
1726 2271 1773 2308 61)
1796 2268 1945 2297 inducunt
1967 2265 2005 2294 al.

1061 2336 1099 2340 -
1123 2318 1168 2357 6‘.)
1193 2325 1226 2346 ut
1241 2329 1297 2347 om.
1316 2319 1372 2347 Gu.
1388 2321 1417 2350 2.
1432 2318 1482 2346 Ar.
1505 2332 1548 2338 —
1568 2314 1616 2353 63)
1639 2315 1688 2343 Sic
1708 2313 1763 2341 Gu.
1781 2315 1806 2343 1.
1820 2313 1869 2339 Ar.
1884 2326 1926 2333 —
1941 2308 2004 2337 cal-

1058 2362 1207 2390 casticum
1224 2361 1260 2391 al.
1277 2371 1322 2402 pr.
1345 2377 1386 2384 —
1408 2361 1533 2390 caleast.
1546 2368 1593 2388 va.
1616 2373 1655 2379 —
1677 2356 1777 2383 celest.
1789 2353 1870 2391 vulg.
