2255 2819
232 112 307 145 430

930 97 1107 133 ISlDORI
1132 97 1313 132 HISPAL.
1340 97 1483 132 EPlSC.

399 198 457 232 14.
510 197 648 230 Bactrus
688 192 802 225 fluvius
836 191 968 224 orientis
1002 204 1021 224 a
1054 203 1136 236 rege
1179 192 1303 225 Bactro
1337 195 1472 225 vocatus
1504 191 1632 235 fertur,
1683 204 1702 224 a
1736 203 1802 236 quo
1840 196 1872 225 et
1908 192 2096 234 Bactriani,
2139 198 2172 226 et

234 256 310 288 urbs
338 262 463 286 eorum.

401 309 457 342 15.
511 300 696 348 Choaspis¹
732 303 906 336 Persarum
940 299 1096 343 fluvius²‚
1146 299 1302 335 vocatus³
1338 313 1453 334 eorum
1493 302 1624 347 lingua,
1673 302 1766 346 quod
1807 303 1925 336 miram
1959 302 2173 336 dulcedinem

234 360 367 410 aquae⁴
394 361 532 397 habeat,
560 355 646 388 adeo
675 360 710 387 ut
737 355 860 387 Persici
887 366 985 399 reges
1009 354 1169 397 quamdiu
1195 355 1278 386 inter
1305 353 1392 397 ripas
1420 354 1560 387 Persidis
1587 360 1660 387 sunt
1670 351 1691 395 5,
1720 353 1779 387 sibi
1807 365 1846 387 ex
1874 365 1914 388 eo
1942 354 2068 399 pocula
2093 365 2173 388 ven-

235 415 374 451 dicarint
386 410 405 443 ⁰.

460 409 512 442 Ex
538 407 607 440 hoc
634 418 730 439 amne
757 407 892 450 quidam
921 402 1100 450 Cydnum⁷
1128 405 1266 439 Ciliciae
1292 405 1430 438 fluvium
1457 405 1599 438 derivari
1626 406 1819 439 existimant.

400 470 457 502 16.
514 467 630 501 Araxis
659 463 799 499 fluvius*
825 466 1020 506 Armeniae,
1055 465 1111 508 qui
1139 466 1180 498 ab
1205 477 1270 498 uno
1298 470 1410 498 monte
1438 476 1512 499 cuni
1546 463 1743 511 Euphrate*J
1774 466 1884 510 specie
1919 463 2046 498 diversa
2058 461 2081 482 ¹⁰
2107 466 2174 497 ori-

235 533 305 565 tur,
335 523 458 560 dictus,
486 519 578 563 quod
605 519 786 562 rapacitate
813 522 929 551 cuncta
950 513 1181 562 prosternat¹¹.

234 582 337 623 ponte
364 574 546 610 fabricato,
571 575 659 603 tanta
686 570 717 602 vi
744 569 929 614 inundarit,
969 575 1002 601 ut
1030 575 1166 612 pontem
1191 568 1348 601 dirueret.

1235 515 1337 549 Unde
1373 521 1404 549 et
1431 528 1506 550 cum
1536 516 1724 551 Alexander
1752 529 1826 550 eum
1854 516 2039 561 transgredi
2065 517 2175 558 vellet,

1415 568 1483 602 Hic
1516 568 1670 602 brevibus
1704 569 1882 602 intervallis
1916 569 1959 601 ab
1995 566 2177 612 Euphratis

235 635 309 662 ortu
337 629 438 670 caput
463 623 561 663 tollit,
588 633 627 655 ac
654 621 775 654 deinde
803 621 959 665 Caspium
987 621 1091 652 fertur
1118 621 1150 652 in
1177 630 1277 652 mare.

403 676 459 708 17.
513 674 649 707 Fluvius
677 673 792 716 Syriae
807 669 850 713 ¹²,
876 673 932 715 qui
959 677 1095 704 vocatur
1123 671 1266 705 Orontes
1282 668 1319 712 ¹³,
1353 671 1441 703 iuxta
1468 670 1668 704 Antiochiae
1700 682 1810 704 muros
1846 670 2040 710 decurrens,
2075 669 2132 713 qui
2158 681 2178 702 a

238 731 316 763 solis
343 733 417 761 ortu
439 727 545 760 oriens
572 736 637 757 non
666 725 768 769 longe
796 725 838 756 ab
866 725 948 756 urbe
976 720 1094 756 mai-1¹⁴
1121 719 1328 763 con‹litur¹³‚
1367 734 1466 766 quem
1494 722 1537 755 de
1565 722 1700 766 originis
1727 734 1804 755 suae
1831 727 1937 754 tractu
1970 720 2141 754 Orientem
2154 717 2177 738 ¹⁸

236 787 362 815 veteres
390 778 605 823 appellavere
632 776 739 808 Latini
752 772 783 808 ¹⁷.

838 775 938 808 Cuius
967 774 1095 807 fluentis
1123 786 1162 806 ex
1189 775 1262 818 ipso
1295 774 1422 819 impetu
1450 774 1698 819 frigidioribus,
1734 778 1765 806 et
1791 772 1946 817 zephyris
1972 773 2018 805 ihi
2051 772 2179 806 assidue

237 828 467 878 spirantibus-¹⁸
494 834 563 861 tota
591 828 703 860 civitas
730 828 904 860 momentis
928 838 1037 871 prope
1066 826 1217 858 omnibus
1243 827 1468 870 refrigeratur.

407 889 463 921 18.

238 944 321 977 alter
348 941 431 974 Dan.

239 995 391 1039 pellatur.

240 1046 392 1079 circuitus
419 1043 507 1075 iuxta
534 1041 665 1075 Iericho
693 1043 725 1073 in
754 1053 846 1073 mare
874 1047 1038 1074 mortuum
1067 1040 1181 1073 influit.

405 1101 463 1134 19.
518 1102 633 1135 Phasis
646 1097 668 1117 ²¹
698 1100 873 1133 Caucaseis
910 1101 1076 1133 montibus
1106 1102 1195 1134 fusus
1218 1112 1295 1135 cum
1332 1099 1482 1143 pluribus
1494 1095 1519 1115 ²²

240 1167 339 1188 mare.
393 1152 493 1186 Unde
519 1160 550 1186 et
575 1156 791 1195 nuncupatur.

517 887 666 921 Iordanis
693 887 838 920 iudaeae
860 887 988 925 fluvius,
1016 899 1034 919 a
1051 886 1182 918 duobus
1198 880 1220 899 ¹⁰
1248 885 1392 919 fontibus
1420 881 1649 927 nominatus'm,
1675 896 1818 928 quorum
1845 884 1927 917 alter
1953 888 2090 916 vocatur
2112 883 2179 923 lor,

486 940 547 972 His
573 940 674 984 igitur
701 939 819 983 procul
849 951 867 971 a
894 951 928 971 se
957 937 1150 970 distantibus
1176 937 1207 968 in
1236 949 1336 969 unum
1365 938 1494 969 alveum
1522 937 1721 977 foederatis,
1756 936 1906 968 Iordanis
1933 934 2091 979 deinceps
2118 946 2180 978 ap-

458 991 611 1025 Nascitur
639 996 748 1023 autem
776 990 835 1022 sub
862 990 990 1022 Libano
1025 993 1158 1029 monte,
1204 992 1236 1020 et
1267 989 1383 1021 dividit
1409 988 1569 1021 Iudaeam
1597 994 1629 1021 et
1658 988 1837 1029 Arabiam,
1880 987 1936 1030 qui
1963 998 2025 1031 per
2059 985 2180 1018 multos

1552 1099 1623 1131 aliis
1657 1099 1689 1130 in
1724 1098 1888 1130 Euxinum
1917 1108 1952 1130 se
1986 1095 2183 1141 praecipitat

405 1212 463 1244 20.
518 1207 687 1255 Cydnus²³³
715 1211 849 1243 Cilicia(¹
884 1207 1035 1242 lluvius²⁸
1073 1221 1111 1242 ex
1139 1210 1254 1242 Tauro
1292 1214 1403 1241 monte
1431 1209 1668 1253 progrediens,
1702 1209 1818 1240 miram
1856 1218 2017 1250 aquarum
2055 1205 2183 1238 habens

242 1266 452 1305 suavitatem,
495 1269 527 1296 et
553 1263 630 1306 quia
642 1259 666 1279 ²⁵
694 1262 855 1305 quicquid
884 1262 1063 1294 candidum
1087 1266 1151 1304 est,
1187 1261 1303 1305 gentili
1330 1261 1446 1304 lingua
1478 1257 1667 1303 Cydnum²⁶
1694 1260 1770 1302 Syri
1797 1259 1920 1291 dicunt.

242 1318 328 1350 amni
355 1316 436 1348 huic
463 1326 583 1347 nomen
612 1314 744 1355 datum,
773 1314 850 1356 quia
877 1318 981 1346 tumet
1011 1318 1149 1351 aestate,
1185 1312 1320 1356 quando
1348 1312 1436 1344 nives
1463 1307 1683 1344 solvunturffi:

241 1369 345 1401 tenuis
373 1372 420 1399 est
447 1371 478 1399 et
505 1367 640 1409 quieti-as.

346 1418 451 1462 Hylas
482 1419 599 1450 fluvius
630 1417 736 1450 Asiae.

408 1477 467 1510 21.

683 1527 915 1569 Pactolusque
941 1526 1075 1569 irrigat
1103 1535 1199 1558 ιιιινο.

868 1575 878 1587 'fl

1994 1257 2095 1290 Unde
2119 1253 2183 1289 et²⁷

1717 1310 1851 1353 reliquis
1879 1309 1953 1341 anni
1980 1308 2184 1352 temporibus

521 1477 676 1510 Pactolus
704 1475 819 1506 fluvius
849 1475 947 1507 Asiae
959 1472 1001 1514 ²³¹.
1031 1486 1143 1506 amulas
1170 1485 1283 1506 aureas
1310 1473 1438 1506 habeus
1449 1471 1489 1505 ³⁰:
1524 1473 1566 1505 de
1594 1484 1661 1516 quo
1690 1469 1897 1517 Virgilius³³¹2

246 1592 345 1623 quem
374 1590 436 1623 pro
473 1584 588 1611 aurato
616 1578 721 1609 fluore
749 1578 843 1609 aliter
855 1576 879 1594 ²³·
908 1577 1177 1620 Chrysorrhoam
1204 1582 1334 1609 vocant.

249 1691 353 1722 arenis⁴
376 1690 511 1734 plenu-s,
540 1701 558 1721 a
586 1700 652 1732 quo
682 1685 746 1720 et³⁴
774 1691 915 1732 Smyrna
943 1694 1059 1721 vocata
1087 1694 1142 1721 est.

414 1749 471 1781 23.

337 1867 364 1898 1)
397 1864 538 1902 Caaspim.
562 1866 618 1893 Gu.
646 1869 671 1896 1.
698 1881 737 1886 —-
778 1866 809 1903 Ξ)
834 1865 881 1893 Sic
906 1866 962 1894 Gu.
986 1868 1011 1896 1.
1038 1867 1065 1895 2.
1092 1865 1200 1894 412-

243 1908 323 1944 μην.
345 1908 425 1934 Per-5.
449 1907 528 1943 vulg.
554 1926 590 1929 —
615 1907 644 1947 3)
670 1914 795 1936 vocatur
819 1910 874 1936 Gu.
898 1910 924 1939 1.
946 1925 987 1929 —
1018 1911 1048 1945 4)
1073 1908 1120 1935 sie
1145 1908 1199 1935 Gu.

255 1953 280 1980 1,
306 1964 346 1970 —
370 1959 467 1986 aquae
489 1949 569 1977 dulc.
594 1951 673 1987 vulg.
699 1967 741 1972 —
766 1952 797 1987 5)
820 1951 869 1978 Sic
888 1951 944 1980 Gu.
966 1954 991 1981 1.
1014 1967 1054 1972 —
1070 1952 1202 1987 fuerunt

253 1991 334 2028 vulg.
357 2007 398 2012 -—
421 1992 540 2027 silwim
571 1993 607 2019 al.
634 2003 677 2030 pr.
694 2003 741 2021 va.
764 2010 806 2015 —
828 1994 913 2031 firmil
938 1994 992 2022 Gu.
1010 1996 1039 2024 2.
1064 2009 1105 2014 —
1125 1994 1202 2030 fluit

254 2036 341 2062 Arev.
367 2048 404 2054 -—
437 2031 465 2072 6)
489 2033 721 2062 vetulieaverztnl
750 2036 806 2065 Gu.
832 2038 862 2066 2.
894 2053 936 2057 -
966 2039 992 2069 7)
1016 2036 1063 2063 Sic
1094 2036 1149 2063 Gu.
1176 2038 1203 2066 1.

255 2076 303 2105 ΑΓ.
328 2091 368 2097 ·-
393 2075 621 2113 Cignumvulg.
644 2093 684 2098 —
708 2077 737 2116 s)
759 2079 807 2105 Sic
831 2079 928 2108 Gu.1.
947 2095 988 2099 -
1005 2079 1105 2106 amnis
1122 2078 1203 2115 vulg.

254 2135 295 2140 .-.
320 2117 349 2157 9)
373 2118 509 2154 Eusralcc
534 2118 589 2145 Gu.
609 2121 636 2148 2.
659 2134 700 2140 —-
732 2118 777 2159 10)
803 2121 851 2148 Sic
873 2121 928 2148 Gu.
952 2124 977 2152 1.
1000 2137 1041 2142 —
1061 2120 1123 2149 (liv.
1140 2130 1204 2158 spe-

256 2164 298 2188 cie
328 2159 408 2197 vulg.
439 2176 474 2181 —
516 2159 561 2197 11)
586 2163 749 2196 prosternit
780 2162 835 2190 Gu.
862 2166 889 2194 2,
917 2180 955 2184 —-
988 2161 1033 2200 12)
1064 2163 1204 2201 Scythiae

258 2204 314 2232 Gu.
334 2204 360 2233 2.
385 2211 430 2230 va.
454 2201 500 2230 ed.
529 2200 617 2230 Golh.
640 2218 679 2223 —
717 2202 760 2241 13)
784 2206 908 2231 orientis
933 2206 988 2232 Gu.
1014 2207 1040 2234 1.
1084 2223 1116 2226 -
1158 2202 1204 2241 14)

258 2255 339 2272 mare
362 2243 418 2273 Gu.
441 2245 469 2274 2.
491 2260 532 2265 —
556 2243 600 2282 15)
623 2243 763 2271 conditas
788 2247 843 2274 Gu.
866 2250 891 2276 1.
910 2264 951 2268 -—
972 2246 1145 2274 reconditur
1159 2256 1205 2284 pr.

261 2304 295 2308 —
328 2284 373 2325 16)
400 2286 538 2313 Orontem
562 2285 612 2314 Ar.
635 2302 677 2307 ——
707 2289 749 2319 17)
775 2288 821 2315 Sic
844 2288 900 2316 Gu.
924 2292 950 2320 1.
971 2289 1008 2316 al.
1031 2305 1071 2311 —
1094 2291 1206 2317 Latine

259 2327 489 2366 appellaverunt
503 2328 583 2366 vulg.
601 2345 639 2349 ——
665 2327 708 2366 18)
734 2328 781 2356 Sic
799 2330 854 2357 Gu.
872 2333 896 2360 1.
914 2329 1035 2370 (aspir.)
1053 2348 1093 2353 —
1118 2331 1204 2368 Vulg.

260 2383 319 2399 <ts-s.
345 2370 386 2398 ibi
408 2372 479 2408 spir.
505 2387 539 2391 —
579 2373 620 2405 19)
645 2372 676 2398 in
700 2369 817 2398 duobus
840 2372 895 2400 Gu.
918 2375 943 2402 1.
972 2388 1007 2393 —
1038 2376 1082 2411 20)
1101 2375 1206 2401 nomi-

524 1633 703 1670 Ηεῑιιιιιε33
731 1637 847 1669 fluvius
874 1637 991 1679 Asiae,
1035 1638 1091 1680 qui
1127 1638 1307 1680 Smyrneos
1341 1640 1431 1668 secat
1462 1643 1619 1677 campos,
1663 1639 1694 1666 et
1727 1634 1799 1676 ipse
1833 1631 1986 1665 fluctibus
2020 1630 2124 1662 aureis
2156 1635 2187 1661 et

529 1748 714 1781 Maeander
741 1749 843 1781 amnis
869 1748 966 1780 Asiae
994 1749 1175 1789 flexuosus,
1204 1747 1259 1791 qui
1288 1745 1530 1780 recurrentibus
1557 1743 1635 1788 ripis
1647 1740 1672 1760 35
1699 1743 1783 1775 inter
1809 1741 1942 1776 Cariam
1953 1737 1979 1758 ³⁰
2001 1745 2034 1774 et
2060 1740 2187 1773 Ioniam

1244 1864 1379 1892 nubatur
1408 1864 1444 1891 al.
1470 1866 1497 1890 et
1520 1861 1692 1889 vocabatur.
1722 1876 1759 1881 -
1791 1858 1841 1901 21)
1865 1859 1912 1888 Sic
1936 1858 2022 1887 Arev.
2053 1866 2091 1886 ex
2117 1857 2187 1885 Am—

1244 1907 1324 1935 bros.
1348 1906 1382 1935 11.
1406 1905 1546 1934 Hexaem.
1572 1913 1596 1931 c.
1621 1906 1648 1933 3.
1671 1904 1766 1930 Ensis
1788 1902 1869 1940 vulg.
1899 1918 1941 1923 —
1972 1900 2021 1938 22)
2040 1900 2189 1938 plurimis

1248 1950 1303 1977 Gu.
1324 1951 1352 1980 1.
1374 1958 1421 1976 va.
1445 1962 1486 1969 —-
1509 1946 1556 1983 23)
1576 1946 1699 1983 (signas
1720 1955 1765 1984 pr.
1783 1955 1829 1974 va.
1848 1945 1901 1973 bis.
1924 1959 1966 1966 —-
1988 1943 2036 1980 24)
2060 1942 2110 1970 Sic
2131 1942 2188 1971 Gu.

1248 1995 1276 2024 1.
1300 2008 1334 2012 —
1356 1992 1455 2018 amnis
1478 1989 1534 2017 (Ἠ.
1559 1988 1640 2025 vulg.
1663 2003 1704 2010 —
1732 1989 1856 2016 Siciliae
1878 1997 1923 2026 pr.
1943 1996 1990 2014 va.
2010 2001 2053 2007 —
2074 1995 2108 2012 ex
2131 1994 2189 2023 pro

1247 2045 1266 2061 α
1295 2034 1351 2061 Gu.
1368 2037 1394 2064 1.
1416 2047 1454 2054 --
1482 2031 1534 2069 qui
1566 2042 1584 2058 a
1607 2037 1698 2058 tauro
1721 2041 1769 2060 va.
1802 2046 1844 2052 —-
1871 2027 1918 2069 25)
1945 2028 2020 2066 quia
2050 2026 2152 2055 addidi
2174 2035 2190 2055 e

1247 2077 1304 2104 Gu.
1330 2078 1356 2106 1.
1377 2078 1407 2106 2.
1437 2084 1483 2103 va.
1514 2074 1550 2101 al.
1577 2089 1619 2095 —
1649 2073 1697 2110 26)
1726 2073 1774 2101 Sic
1796 2073 1853 2101 Gu.
1876 2074 1901 2103 1.
1925 2086 1966 2092 —
1992 2068 2085 2107 Cidn.
2109 2073 2191 2108 gent·

1245 2120 1320 2156 ling.
1345 2117 1424 2153 vulg.
1446 2133 1488 2138 —
1516 2116 1653 2153 (signnm
1678 2116 1734 2144 Gu.
1751 2118 1780 2146 2.
1812 2131 1847 2136 ·--
1881 2116 1926 2148 27)
1953 2112 2002 2141 Sic
2025 2112 2081 2140 Gu.
2105 2115 2189 2143 1.—

1246 2159 1324 2189 unde
1349 2159 1472 2197 (sidua-s·
1495 2160 1579 2186 amni
1602 2158 1679 2196 vulg.
1704 2174 1745 2179 —
1767 2156 1846 2185 unde
1871 2156 1968 2194 Qvgni
1990 2156 2074 2183 amni
2096 2154 2151 2181 Gu.
2161 2156 2189 2184 2.

1247 2213 1292 2231 va.
1317 2221 1353 2224 —
1384 2201 1462 2229 unde
1485 2203 1569 2229 amni
1594 2201 1649 2229 Gu.
1675 2202 1700 2231 1.
1731 2216 1773 2222 —
1807 2198 1856 2240 28)
1884 2200 1959 2237 quia
1987 2202 2132 2225 autumno
2163 2200 2189 2222 et

1246 2249 1376 2280 aestate,
1400 2243 1520 2282 quando
1543 2245 1624 2271 nives
1647 2243 1821 2278 solvuntur,
1844 2242 1983 2269 tmnercit
2003 2240 2039 2267 al.
2062 2254 2103 2261 —
2139 2237 2188 2273 29)

1247 2288 1428 2325 Pact.fl1t1·.
1453 2288 1506 2315 As.
1532 2296 1588 2315 om.
1612 2287 1668 2314 Gu.
1692 2288 1717 2316 1.
1739 2299 1781 2306 --
1809 2287 1858 2321 30)
1883 2283 1931 2311 Sic
1956 2282 2012 2310 Gu.
2031 2283 2057 2311 1.
2072 2285 2188 2307 ——tra-

1246 2330 1318 2357 lzens
1339 2330 1420 2366 vulg,
1446 2348 1482 2352 -—
1511 2327 1559 2368 31)
1585 2328 1652 2356 Aen.
1676 2327 1714 2363 X,
1739 2327 1807 2357 142.
1831 2343 1868 2348 —-
1899 2325 1945 2360 32)
1967 2322 2015 2351 Sic
2041 2322 2097 2350 Gu.
2116 2325 2141 2353 1.
2161 2323 2190 2352 2.

1248 2371 1286 2400 al.
1302 2388 1344 2393 —
1367 2373 1424 2400 alii
1447 2372 1527 2409 vulg.
1555 2386 1597 2392 —
1625 2370 1674 2407 33)
1694 2369 1743 2398 Sic
1761 2369 1848 2397 Arev.
1877 2376 1893 2395 e
1922 2365 1994 2394 Plin.
2018 2364 2053 2402 V,
2076 2366 2127 2396 29.
2148 2379 2189 2385 —
