2203 2829
191 92 266 127 17⁴

873 80 1055 116 ISIDORI
1088 79 1269 115 HISPAL.
1306 80 1451 118 EPISC.

358 181 392 215 3.
442 178 500 212 Sic
528 173 581 210 et¹
609 180 715 209 aestas
742 175 774 207 in
801 175 866 210 suis
895 175 998 208 tribus
1026 175 1203 216 mensibus,
1230 187 1327 218 nova,
1354 176 1481 219 adulta,
1507 180 1541 210 et
1563 187 1737 222 praeceps.
1774 177 1859 211 Item
1887 176 2019 212 hiems²
2046 190 2142 222 nova,

193 237 327 279 adulta,
355 238 388 267 et
411 240 591 276 praecepS,
615 229 684 260 sive
711 232 865 260 extrema.

424 282 620 316 Extremae
644 278 708 312 sub
735 275 880 312 οαεςιινη4
905 279 1040 315 hiemis.

194 342 266 376 Ver
292 342 401 372 autem
428 334 574 372 dictum,
600 330 693 374 quod
719 331 802 364 viret
814 327 835 364 ⁵.

196 397 316 429 cuncta
340 389 538 432 rumpuntur
550 378 573 418 ⁷.

919 226 1020 260 Unde
1048 233 1080 261 et
1106 225 1234 262 illud³z

887 331 988 365 Tunc
1022 331 1110 364 enim
1137 335 1214 376 post
1246 330 1393 364 hiemem
1426 329 1562 363 vestitur
1587 330 1684 364 tellus
1709 329 1843 373 herbis,
1877 336 1912 366 et
1944 331 1977 364 in
2004 330 2144 366 florem⁶

355 438 392 473 4.
443 437 560 469 Aestas
585 432 706 467 dicitur
731 433 775 467 ab
802 437 910 475 aestu,
936 433 974 466 id
1001 437 1049 467 est
1075 430 1230 475 casotae,
1258 437 1291 466 et
1314 437 1419 465 aestas
1442 433 1535 476 quasi
1560 438 1650 475 usta,
1683 433 1717 466 id
1745 438 1793 467 est
1820 430 1954 467 exusta⁹
1981 438 2015 468 et
2041 434 2145 470 arida.

195 497 282 530 Nam
309 491 403 527 calor
428 487 538 521 aridus
562 490 618 518 est.

359 539 393 573 5.
445 539 633 572 Autumnus
666 540 778 570 autem
793 533 817 553 ¹⁰
850 548 870 569 a
903 540 1104 580 tempestate
1138 540 1274 569 vocatus
1287 532 1329 578 ¹¹,
1375 535 1511 579 quando
1556 540 1589 569 et
1630 536 1711 569 folia
1744 536 1904 571 arborum
1939 536 2081 579 cadunt,
2113 543 2147 572 et

196 596 307 631 omnia
327 594 560 627 maturescunt.

359 643 395 680 6.
449 642 606 676 Hiemem
632 649 712 672 vero
723 635 747 656 ¹²
773 639 857 671 ratio
884 638 1124 683 hemisphaerii
1161 638 1384 682 nuncupavit,
1413 638 1492 682 quia
1518 642 1598 672 tunc
1619 635 1806 671 breviore¹³
1832 639 1881 671 sol
1909 640 2052 674 volvitur
2079 641 2146 674 cir-

195 700 284 735 culo.

337 695 440 730 Unde
467 699 500 727 et
525 692 595 726 hoc
620 696 753 736 tempus
780 691 899 723 bruma
926 691 1064 732 dicitur,
1099 690 1192 734 quasi
1218 687 1353 736 βραχύς
1366 686 1399 731 ¹⁴,
1427 690 1461 722 id
1496 694 1543 723 est
1577 686 1738 732 brevis¹⁵‚
1765 691 1818 723 vel
1847 703 1866 723 a
1893 691 1988 733 cibo,
2016 689 2146 736 quod16

196 752 302 786 maior
329 749 369 782 sit
395 742 506 780 ωηοΠ
533 743 689 777 vescendi
716 742 890 787 appetitus.
932 742 1088 776 Edacitas
1117 739 1237 775 enimn*
1265 741 1398 775 Graece
1424 738 1593 789 βρῶμα19
1620 742 1811 786 appellatur
1823 738 1859 783 ²⁰,
1887 743 1976 776 unde
2005 749 2038 777 et
2064 745 2146 777 bru-

197 802 309 838 matici
319 798 342 819 ²¹
371 799 545 837 dicuntur,
573 795 692 839 quibus
719 794 890 827 fastidium
903 790 928 811 ²²
955 799 1003 827 est
1028 794 1191 828 ciborum.

359 849 394 884 7.
448 849 617 882 Hibernus
645 850 756 879 autem
778 846 862 878 inter
888 845 1034 879 hiemem
1062 851 1096 878 et
1119 855 1257 878 vernum
1284 848 1350 884 est,
1376 844 1470 887 quasi
1495 840 1724 886 hievernus²³,
1759 845 1838 888 quia
1848 841 1874 862 ²⁴
1901 846 2102 890 plerumque
2127 858 2148 880 a

197 909 294 952 parte
315 907 422 937 totam
448 900 597 933 hiemem
624 898 800 943 significat.
851 897 949 931 Haec
975 902 1129 941 tempora
1156 896 1292 941 singulis
1320 896 1419 928 etiam
1446 896 1534 930 coeli
1564 897 1713 940 partibus
1740 897 1956 930 ascribuntur.

364 953 400 988 8.
453 952 522 985 Ver
549 951 677 995 quippe
705 950 821 982 orienti
848 949 963 989 datur,
989 949 1065 992 quia
1092 954 1170 981 tunc
1198 959 1237 981 ex
1263 947 1355 980 terris
1384 948 1493 980 omnia
1515 948 1682 987 oriuntur3
1716 953 1821 981 aestas
1844 961 1924 982 vero
1950 948 2148 990 meridiano,

199 1019 240 1042 eo
267 1005 359 1051 quod
371 1002 396 1022 ²⁵
422 1015 499 1049 pars
526 1003 596 1036 eius
622 1002 736 1035 calore
763 1001 957 1046 flagrantior
991 1001 1046 1039 sit3
1077 1000 1184 1033 hiems
1219 1000 1466 1043 septemtrioni,
1503 1011 1544 1032 eo
1574 1000 1667 1043 quod
1700 1000 1881 1045 frigoribus
1916 1006 1948 1034 et
1983 1006 2148 1045 perpetuo

199 1060 282 1105 gelu
307 1062 421 1101 torpet
432 1053 475 1094 ²⁶3
501 1060 675 1087 autumnus
698 1053 861 1093 occidue,
888 1058 1030 1096 propter
1056 1052 1149 1095 quod
1177 1063 1296 1096 graves
1322 1051 1460 1084 morbos
1487 1049 1644 1093 habet²⁷‚
1680 1052 1769 1085 unde
1797 1058 1830 1085 et
1855 1058 1934 1087 tunc
1957 1052 2067 1085 omnia
2093 1053 2150 1085 fo-

199 1108 278 1144 haze
304 1110 463 1143 arborum
486 1106 645 1139 defluunt.
687 1104 734 1138 Ut
761 1110 872 1138 autem
896 1110 1071 1137 autumnus
1083 1100 1108 1120 ‘²⁰
1135 1103 1284 1136 abundet
1310 1103 1446 1144 morbis,
1474 1103 1555 1138 facit
1580 1103 1650 1138 hoc
1677 1104 1857 1138 confinium
1886 1105 2020 1150 frigoris
2040 1109 2073 1138 et
2090 1114 2149 1138 ca-

199 1163 298 1203 loris,
326 1166 358 1195 et
385 1157 648 1204 compugnantia
674 1156 758 1189 inter
771 1152 796 1172 ³⁰
823 1168 856 1188 se
883 1156 1124 1189 contrariorum
1151 1166 1275 1189 aerum.

793 1255 822 1290 C
849 1257 879 1290 A
906 1256 944 1292 P.
999 1255 1154 1290 xxxvl.

1231 1254 1310 1288 Dc
1361 1256 1571 1289 annis.

369 1337 401 1369 l.
453 1335 568 1368 Annus
595 1337 642 1366 est
668 1332 745 1365 solis
772 1332 956 1374 anfractus,
991 1344 1067 1366 cum
1104 1332 1249 1376 peractis
1283 1332 1438 1364 trecentis
1472 1328 1585 1364 lxv³¹
1619 1331 1740 1365 diebus
1769 1332 1813 1365 ad
1850 1333 1969 1366 eadem
2003 1332 2150 1366 siderum

202 1392 279 1424 loca
290 1385 316 1406 ³²
342 1387 437 1421 redit.

490 1386 604 1418 Annus
630 1390 740 1418 autem
769 1385 893 1425 dictus,
917 1385 995 1428 quia
1023 1385 1187 1417 mensibus
1214 1384 1246 1415 in
1274 1395 1308 1416 se
1337 1384 1584 1417 recurrentibus
1597 1379 1623 1400 ³³
1650 1384 1803 1417 volvitur.
1845 1384 1946 1418 Unde
1979 1390 2010 1418 et
2044 1396 2149 1418 annu-

202 1443 254 1476 lus
281 1440 400 1474 dicitur
410 1435 434 1455 ³⁴
458 1437 551 1480 quasi
577 1448 720 1477 annuus,
750 1437 784 1468 id
813 1441 860 1469 est
886 1437 1043 1477 circulus,
1071 1435 1164 1479 quod
1190 1436 1224 1467 in
1251 1446 1286 1467 se
1313 1435 1437 1469 redeat.

1491 1435 1653 1481 Virgilius
1666 1432 1710 1469 ³⁵:

432 1488 548 1532 Atque
574 1488 608 1520 in
634 1499 672 1521 se
697 1499 763 1521 sua
788 1498 855 1532 per
880 1488 1034 1532 vestigia
1060 1488 1209 1520 volvitur
1235 1497 1348 1519 annus
1358 1482 1392 1518 ³⁶.

368 1540 403 1572 2.
455 1540 512 1573 Sic
539 1539 625 1572 enim
653 1540 746 1583 apud
774 1540 963 1583 Aegyptios
990 1539 1200 1572 indicabatur
1231 1543 1307 1570 ante
1338 1538 1486 1569 inventas
1512 1536 1641 1577 literas,
1675 1533 1800 1581 picto³⁷
1827 1537 1975 1572 dracone
2009 1537 2152 1573 caudam

205 1604 297 1627 suam
325 1591 516 1629 mordente,
552 1592 631 1634 quia
653 1591 685 1622 in
712 1602 747 1623 se
774 1592 921 1624 recurrit.

205 1644 399 1679 novatione:
422 1647 599 1676 renovatur
628 1642 715 1675 enim
741 1654 883 1687 semper.

206 1754 309 1783 nativo
326 1757 438 1792 postea.
460 1767 499 1772 —-
524 1751 552 1790 1)
566 1756 591 1778 et
608 1761 664 1781 om.
683 1750 739 1779 Gu.
755 1753 784 1782 2,
804 1767 845 1773 —-
869 1750 1051 1780 Exciderunt
1065 1749 1155 1780 hacc:

207 1798 259 1826 Sic
275 1819 280 1824 .
296 1817 305 1825 .
323 1817 331 1825 .
357 1805 500 1834 praeceps
521 1794 550 1822 in
576 1794 644 1822 edit.
669 1793 809 1826 Gotliusr,
841 1811 878 1815 —-
907 1793 936 1833 2)
954 1794 1025 1822 Item
1047 1805 1080 1822 vx
1097 1794 1157 1821 hie-

207 1841 265 1867 mis
286 1839 341 1866 Gu.
364 1841 392 1869 2.
412 1854 452 1859 —
474 1840 502 1874 3)
533 1835 615 1864 Unde
638 1842 681 1864 est
704 1836 786 1865 illud
812 1837 940 1875 lsirgilii
959 1837 995 1866 al.
1015 1853 1051 1858 —
1077 1835 1157 1864 unde

208 1888 250 1912 est
271 1879 353 1909 illud
374 1880 423 1908 Ar.
451 1897 485 1900 ——
517 1879 545 1918 4)
565 1890 638 1907 cusu
662 1880 718 1908 Gu.
735 1882 760 1910 1.
779 1882 807 1911 2.
826 1879 856 1909 4.
877 1890 921 1918 pr.
944 1889 989 1907 va.
1010 1895 1051 1901 —
1075 1879 1157 1908 Vul-

208 1929 274 1965 gata
298 1928 340 1952 est
360 1933 407 1961 ap.
427 1922 530 1960 virgil.
551 1922 656 1960 Georg.
682 1923 704 1959 Ι,
725 1922 796 1954 340.
821 1938 858 1943 -
884 1921 912 1961 5)
937 1922 985 1950 Sic
1004 1922 1060 1950 Gu.
1085 1925 1110 1953 1.
1129 1923 1156 1952 2.

208 1969 260 1997 Ar.
282 1985 319 1989 --
345 1967 440 1993 ι’ίιέιιι
464 1965 543 2001 vulg.
575 1980 617 1986 —
651 1965 681 2002 6)
705 1970 730 1992 et
749 1966 830 2003 flore
854 1965 910 1993 Gu.
935 1966 964 1995 2.
994 1981 1035 1987 —
1057 1965 1088 1999 7)
1108 1964 1157 1992 Sic

210 2010 267 2039 Gu.
286 2012 312 2040 1.
326 2008 376 2037 Ar.
391 2018 452 2036 var.
469 2007 538 2036 lect.
554 2017 599 2046 ap.
624 2007 712 2035 Goth.
731 2024 773 2029 —
793 2013 1035 2046 prorumpanmr
1058 2007 1094 2036 al.
1118 2022 1159 2028 —·

210 2057 369 2090 erumpunt
393 2050 448 2078 Gu.
463 2053 492 2081 2.
517 2068 553 2072 -—
573 2056 780 2089 prorumpunt
802 2050 885 2088 vulg.
909 2066 951 2072 —-
979 2052 1006 2086 ὃ)
1029 2049 1113 2086 Vulg.
1140 2059 1159 2075 a

211 2095 326 2130 calore,
350 2093 401 2122 sed
424 2104 444 2120 a
467 2103 527 2121 om.
552 2092 608 2121 Gu.
633 2095 658 2122 1.
681 2108 722 2113 —
752 2091 782 2133 9)
803 2094 894 2131 quasi
916 2097 1022 2120 extas-ta
1052 2092 1109 2120 Gu.
1132 2094 1160 2122 2.

212 2139 250 2169 al,
271 2154 305 2159 --
338 2137 384 2173 10)
407 2141 509 2163 autem
532 2134 634 2163 addidi
657 2145 671 2163 e
696 2135 753 2163 Gu.
777 2138 803 2166 1.
835 2151 875 2156 -—
912 2137 955 2173 11)
981 2135 1030 2162 Sic
1054 2135 1109 2162 Gu.
1134 2137 1159 2165 1.

213 2181 249 2210 al.
273 2196 314 2202 —
337 2184 463 2207 vocatur
484 2178 565 2216 vulg.
588 2193 629 2199 —
654 2176 699 2215 12)
716 2177 764 2204 Sic
780 2178 835 2207 Gu.
853 2180 879 2207 1.
896 2193 938 2199 ·-—
961 2183 1062 2206 autem
1080 2177 1161 2213 vulg.

212 2223 359 2252 Neutrum
382 2220 504 2250 exhibet
525 2230 572 2250 va.
603 2235 645 2241 —
675 2221 783 2248 Iliems
808 2230 827 2247 α
849 2222 966 2247 ratione
998 2222 1048 2247 Sui
1073 2230 1161 2248 mmo,

215 2266 272 2295 Gu.
286 2268 317 2297 2.
339 2282 377 2286 —
409 2262 454 2303 13)
476 2263 524 2292 Sic
547 2263 603 2291 Gu.
619 2264 647 2293 1.
667 2278 709 2284 —
730 2262 859 2304 breviori
876 2262 955 2300 vulg.
978 2279 1019 2283 —
1049 2262 1094 2298 14)
1113 2263 1161 2290 Sic

216 2309 275 2338 Gu.
294 2311 320 2339 1.
334 2311 363 2340 2.
379 2308 407 2338 3.
420 2305 450 2336 4.
466 2317 511 2345 pr.
525 2315 571 2334 va.
597 2321 631 2326 —-
658 2305 780 2344 βραχεῖα
796 2306 877 2343 ἡμαρ
892 2305 971 2342 vulg.
991 2320 1033 2326 —-
1051 2303 1162 2343 βραχύς

215 2350 311 2391 ἡμέρα
328 2352 376 2379 Ar.
398 2364 439 2370 —
473 2349 518 2385 15)
543 2347 607 2376 dies
629 2348 667 2376 al.
687 2347 755 2376 add.
778 2363 820 2368 —
841 2345 884 2386 16)
911 2348 986 2386 quia
1010 2347 1064 2375 Gu.
1081 2350 1159 2378 2.-

974 1591 1042 1624 Alii
1070 1601 1191 1623 annum
1222 1589 1336 1622 dicunt
1363 1586 1437 1624 ἀπό
1463 1588 1531 1623 τοῦ
1557 1587 1826 1631 ἀνανεοῦσθαι,
1862 1589 1897 1621 id
1925 1586 2012 1622 est³⁸
2038 1590 2080 1622 ab
2101 1589 2153 1622 in-

1201 1747 1246 1787 17)
1268 1749 1317 1777 Sic
1341 1748 1397 1777 Gn.
1419 1751 1445 1780 1.
1469 1750 1497 1779 2.
1525 1764 1566 1769 —
1596 1753 1669 1775 tunc
1691 1749 1731 1775 ⁶it
1754 1748 1834 1786 vulg.
1861 1767 1897 1770 —
1924 1751 1970 1783 18)
1993 1749 2072 1776 enim
2095 1758 2152 1778 om.

1200 1792 1271 1822 edit.
1299 1791 1388 1820 Goth.
1412 1801 1456 1830 pr.
1478 1808 1511 1812 —
1543 1789 1588 1830 19)
1612 1791 1661 1818 Sic
1685 1792 1773 1820 Arev.
1802 1806 1844 1812 -—
1874 1791 1983 1818 brzmza
2007 1791 2087 1830 vulg.
2112 1807 2154 1813 —-

1200 1835 1246 1874 20)
1271 1833 1386 1861 dicitur
1408 1844 1455 1863 va.
1477 1849 1518 1855 -—
1541 1835 1585 1868 21)
1610 1834 1659 1861 Sic
1674 1834 1729 1862 Gu.
1750 1836 1777 1865 1.
1806 1850 1841 1854 —
1870 1833 2050 1861 imbrumati
2072 1833 2153 1871 vulg.

1199 1894 1241 1900 —-
1264 1877 1484 1906 brumariiGu.
1503 1878 1533 1907 2.
1550 1892 1584 1896 —-
1610 1876 1792 1904 imbrumari
1815 1876 1864 1905 Ar.
1887 1893 1928 1898 —
1953 1879 1997 1911 22)
2013 1875 2154 1904 studium

1201 1920 1266 1950 cod.
1287 1930 1364 1948 unus
1380 1919 1539 1947 Tarracon.
1555 1928 1601 1956 ap.
1616 1919 1710 1948 Grial.
1725 1935 1767 1940 —
1789 1919 1989 1956 93)l1i1·ern1cs
2006 1918 2051 1949 ed.
2061 1918 2153 1949 Goth.

1200 1979 1241 1985 —
1263 1963 1401 1991 lzicrinas
1424 1962 1480 1990 Gu.
1507 1964 1533 1991 1.
1556 1977 1596 1981 —
1624 1962 1828 1990 lzicmcrernus
1852 1962 1901 1991 Ar.
1924 1978 1966 1984 —
1993 1963 2070 1990 inter
2090 1962 2154 1990 lzie·

1202 2016 1278 2033 mem
1293 2011 1317 2033 et
1335 2015 1427 2032 vet-em
1444 2015 1471 2042 q.
1494 2008 1548 2031 etc.
1577 2004 1635 2033 Gu.
1660 2007 1688 2035 2.
1716 2015 1814 2043 supra.
1843 2021 1879 2026 —-
1912 2004 1957 2043 24)
1981 2004 2028 2032 Sic
2050 2004 2106 2033 Gu.
2125 2006 2152 2035 1.

1203 2051 1232 2079 2.
1252 2064 1291 2070 —
1316 2049 1370 2086 qui
1395 2047 1473 2084 vulg.
1495 2062 1536 2068 —
1565 2046 1611 2085 25)
1635 2049 1708 2086 quia
1732 2048 1841 2076 omisso
1864 2058 1896 2075 co
1919 2046 1974 2074 Gu.
1997 2048 2025 2076 2.
2049 2062 2091 2068 —
2121 2057 2152 2075 w

1203 2089 1288 2129 quod
1304 2101 1381 2129 pars
1398 2091 1462 2117 eius
1483 2091 1611 2116 aestatis
1629 2090 1666 2118 al.
1691 2106 1729 2111 —
1763 2088 1811 2129 26)
1827 2089 1876 2117 Sic
1894 2089 1950 2120 Gu.
1971 2091 1997 2119 1.
2015 2091 2043 2120 2.
2060 2088 2096 2119 al.
2114 2105 2150 2110 —

1204 2139 1319 2172 torpeat
1343 2132 1423 2169 vulg.
1446 2147 1488 2152 —-
1510 2134 1554 2166 27)
1576 2132 1685 2160 habeat
1708 2133 1747 2162 al.
1768 2143 1813 2171 pr.
1838 2142 1883 2160 va.
1913 2148 1948 2152 —-
1980 2130 2026 2170 28)
2050 2132 2153 2160 omnia

1205 2176 1308 2205 addidi
1323 2185 1337 2203 e
1359 2176 1415 2203 Gu.
1433 2176 1458 2205 1.
1473 2176 1501 2205 2.
1519 2175 1555 2203 al.
1578 2191 1619 2196 —
1638 2177 1736 2203 omnis
1751 2175 1835 2212 folia
1859 2173 1965 2213 sl‘flffl't
1983 2174 2019 2202 al.
2042 2189 2083 2195 —
2105 2172 2152 2212 29)

1205 2224 1373 2246 autumnus
1391 2227 1447 2245 orn.
1466 2216 1535 2245 edii.
1554 2217 1642 2246 Goth.
1658 2234 1699 2239 —
1715 2220 1762 2254 30)
1779 2219 1861 2245 intra
1875 2218 1930 2246 Gu.
1941 2220 1966 2248 1.
1982 2232 2019 2237 —
2031 2218 2109 2244 inter
2123 2226 2154 2244 se

1203 2262 1358 2289 contraria
1377 2260 1519 2287 clementa
1542 2260 1579 2289 al.
1602 2276 1642 2281 --
1665 2262 1743 2288 inter
1758 2271 1787 2287 se
1815 2260 2024 2287 elementorum
2043 2268 2154 2298 genera

1204 2304 1240 2334 al.
1269 2319 1309 2324 -
1332 2302 1380 2340 31)
1405 2304 1564 2341 sexaginta
1586 2303 1642 2331 Gu.
1666 2305 1694 2334 2.
1713 2313 1759 2342 pr.
1784 2320 1822 2324 —
1853 2305 1902 2339 32)
1927 2302 1975 2330 Sic
1991 2301 2047 2329 Gu.
2069 2305 2096 2332 1.
2113 2316 2153 2325 —-

1203 2347 1269 2374 loca
1293 2344 1352 2373 sid,
1370 2345 1451 2383 vulg.
1476 2363 1513 2367 —
1537 2344 1583 2383 33)
1607 2345 1796 2374 currentibus
1818 2344 1873 2372 Gu.
1892 2347 1920 2377 2.
1943 2360 1984 2366 —
2009 2346 2054 2377 34)
2077 2342 2152 2372 dici.
