2255 2819
216 124 292 159 576

752 227 780 262 C
807 230 837 262 A
864 229 901 261 Ρ.
957 228 1146 264 XXXVIII.

1198 228 1276 262 De

907 111 1084 146 ISlDORI
1119 110 1300 146 HISPAL.
1336 109 1478 145 EPlsc.

1328 228 1622 273 equitibus.

382 315 487 346 Porro
515 307 638 350 equites
665 305 848 350 singulares
871 305 947 338 ideo
975 317 1108 339 currere
1134 301 1320 344 dicuntur¹,
1354 305 1431 347 quia
1458 305 1666 350 singulariter
1694 305 1916 347 unusquisque
1942 303 2040 337 huius
2066 303 2153 337 vitae

219 360 418 402 terminum²
440 359 572 405 peragit
597 362 694 400 atque
722 357 849 397 transit,
876 353 965 389 alio³
992 364 1143 401 tempore
1171 367 1309 399 sequens
1336 356 1454 397 aliurn,
1490 368 1551 401 per
1577 368 1675 389 unam
1702 363 1811 389 tamen
1837 356 1923 388 viam
1950 354 2154 388 mortalitatis

219 414 344 462 usqu&
371 414 412 447 ad
437 410 608 456 propriam
637 413 758 441 metam
783 408 906 440 mortis.

709 511 737 544 C
764 512 793 544 A
822 511 859 544 P.
911 510 1064 543 xxxlx,

1142 508 1217 542 De
1268 508 1654 543 desultoribus.

2036 540 2047 554 0

382 590 572 624 Desultores
596 588 773 629 nominati,
806 587 898 630 quod
927 587 1024 625 olim,
1062 590 1162 630 prout
1195 585 1333 628 quisque
1366 585 1409 618 ad
1443 585 1542 618 finem
1576 596 1688 619 cursus
1721 590 1870 625 venerat,
1905 583 2096 625 desiliebat,
2124 588 2156 616 et

219 640 414 683 currebat-³,
442 642 508 674 sive
535 640 626 684 quod
652 641 695 672 de
722 650 809 682 equo
840 639 870 670 in
899 650 1021 681 equum
1050 637 1257 670 transiliebat.

793 740 820 774 C
847 741 878 773 A
906 742 943 773 P.
997 740 1068 773 XL.

382 820 515 853 Pedites
543 823 654 851 autem
683 817 772 849 aiunt
799 822 976 861 propterea
1004 816 1094 860 pede
1121 827 1268 854 currere,
1297 816 1374 858 quia
1401 814 1543 859 pedibus
1571 814 1712 847 curritur
1739 810 1958 846 mortalitatiss.

1146 739 1223 772 De
1270 737 1575 784 peditibus.

2013 812 2068 847 Ob
2089 813 2157 846 hoc

221 888 239 908 a
261 872 421 917 superiori
450 876 544 915 parte
571 867 733 903 curritur⁷
761 869 802 900 ad
832 869 1005 909 inferiora,
1037 868 1070 900 id
1100 872 1146 900 est
1173 868 1214 899 ab
1243 867 1368 899 oriente
1395 867 1437 898 ad
1466 866 1692 904 occidentem,
1725 865 1802 908 quia
1831 865 1984 897 mortales
2011 865 2158 897 oriuntur

1136 915 1147 934 9

221 923 279 959 ets
307 924 474 958 occidunt.
528 921 617 954 Nudi
645 926 795 959 currunt,
824 920 899 962 quia
921 925 953 952 et
980 919 1123 951 hominis

222 1041 294 1062 suas
321 1031 353 1059 et
380 1024 555 1068 sacrilegia
583 1034 738 1057 excusare
765 1029 933 1056 conentur.

634 1124 662 1158 C
691 1126 720 1157 A
749 1125 785 1159 P.
840 1125 927 1157 XLI.
1009 1124 1079 1156 De

1174 919 1205 950 in
1227 919 1339 950 seculo
1367 918 1476 950 nullae
1504 917 1661 960 reliquiae
1688 923 1769 948 sunt.

221 982 313 1016 runt,
355 975 431 1018 quia
462 974 545 1006 inter
571 974 672 1005 vitam
705 977 737 1004 et
770 977 909 1003 mortem
938 970 1019 1003 nihil
1047 966 1188 1003 distatffl.

1131 1122 1418 1156 coloribus

1824 916 1929 949 Recto
1950 916 2062 960 spacio
2082 928 2158 949 cur-

1258 969 1327 1002 Sed
1354 969 1440 1001 haec
1458 965 1479 984 ¹¹
1507 975 1687 1012 propterea
1719 968 1865 1012 fingunt,
1908 973 1942 1000 ut
1957 965 1979 984 ¹²
2005 968 2159 1000 vanitates

1471 1133 1731 1167 equorum.

391 1194 419 1226 l.
474 1192 572 1226 Circa
600 1204 713 1227 causas
747 1203 882 1236 quoque
921 1193 1156 1224 elementorum
1191 1191 1280 1223 idem
1316 1190 1455 1234 gentiles
1491 1190 1588 1222 etiam
1619 1191 1747 1223 colores
1782 1200 1944 1232 equorum
1977 1190 2159 1225 iunxerunt,

222 1258 332 1280 roseos
346 1243 368 1262 ¹³
396 1244 482 1277 enim
510 1245 588 1284 soli,
616 1245 649 1276 id
679 1249 726 1276 est
753 1244 841 1288 igni,
870 1244 963 1276 albos
985 1244 1067 1283 aeri,
1095 1243 1240 1286 prasinos
1267 1247 1391 1282 terrae,
1419 1247 1553 1273 venetos
1576 1242 1657 1273 mari
1679 1241 1900 1273 assimulantes
1937 1267 1944 1273 .

222 1311 294 1332 seos
322 1297 433 1330 aestati
460 1306 592 1328 currere
619 1296 811 1333 voluerunt,
840 1296 931 1338 quod
960 1295 1049 1339 ignei
1073 1295 1196 1327 coloris
1223 1295 1300 1333 sint,
1336 1298 1368 1325 et
1395 1297 1512 1325 cuncta
1536 1297 1614 1326 tunc
1641 1292 1817 1325 flavescant
1828 1288 1860 1325 ¹⁵.

1913 1237 1934 1256 ¹⁴
1997 1240 2079 1272 Item
2104 1250 2161 1271 ro-

1917 1291 2022 1323 Albos
2048 1290 2161 1328 hiemi,

222 1350 315 1394 quod
344 1349 383 1380 sit
410 1347 577 1392 glacialis,
625 1352 656 1379 et
685 1347 864 1391 frigoribus
892 1347 1040 1379 universa
1073 1351 1248 1380 canescant
1264 1342 1303 1385 ¹⁶,
1345 1345 1413 1377 veri
1448 1344 1616 1388 prasinos,
1660 1337 1873 1377 auctumno¹⁷
1906 1342 1999 1376 viridi
2035 1342 2162 1381 colore,

223 1403 299 1445 quia
323 1407 400 1433 tunc
428 1399 605 1443 pampinus
632 1399 795 1431 densatur.

388 1467 421 1499 2.
474 1467 557 1500 ltem
586 1479 697 1500 roseos
726 1477 857 1499 currere
871 1462 893 1482 ¹⁸
920 1465 1021 1498 Marti
1050 1469 1275 1505 sacraverunt,
1309 1476 1327 1496 a
1355 1475 1423 1508 quo
1458 1464 1603 1496 Romani
1631 1463 1839 1501 exoriuntur,
1883 1467 1915 1495 et
1941 1463 2018 1506 quia
2047 1462 2163 1494 vexilla

224 1521 452 1553 Rornanorum
482 1529 585 1551 cocco
614 1519 830 1558 decmmrtur,

879 1518 945 1550 sive
973 1516 1064 1560 quod
1092 1516 1185 1548 Mars
1212 1516 1339 1560 gaudet
1355 1513 1377 1531 ¹⁹
1411 1515 1582 1559 sanguine.

1650 1515 1758 1547 Albos
1793 1514 1949 1558 zephyris
1981 1519 2013 1546 et
2045 1513 2164 1545 serenis

225 1570 489 1614 tempestatibus,
518 1570 666 1614 prasinos
694 1570 767 1601 flori
795 1575 827 1602 et
853 1574 980 1610 terrae,
1008 1573 1142 1601 venetos
1169 1567 1278 1610 aquis,
1319 1566 1372 1599 vel
1400 1567 1486 1607 aeri,
1520 1566 1598 1609 quia
1625 1566 1759 1599 ceruleo
1787 1570 1860 1598 sunt
1886 1565 2018 1605 colore,
2045 1565 2163 1601 luteos,

225 1623 260 1655 id
283 1626 331 1654 est
357 1631 513 1661 croceos,
541 1621 611 1666 igni
633 1626 665 1654 et
691 1621 769 1661 soli,
801 1631 988 1665 purpureos
1015 1620 1058 1652 lri
1086 1624 1314 1660 sacraverunt,
1344 1629 1443 1662 quem
1471 1629 1584 1651 arcum
1612 1617 1767 1658 dicimus,
1800 1616 1892 1660 quod
1918 1616 1976 1648 Iris
2003 1615 2163 1660 plurimos

226 1674 356 1707 colores
382 1672 513 1704 habeat.

392 1739 424 1772 3.
477 1739 617 1782 Sicque‚
661 1738 741 1771 dum
767 1738 833 1772 hae
859 1739 1063 1783 spectatione
1073 1735 1099 1755 ²⁰
1129 1738 1269 1771 deorum
1297 1737 1436 1771 cultibus
1463 1742 1562 1780 atque
1589 1736 1758 1769 elementis
1795 1734 2018 1768 mundialibus
2043 1734 2163 1777 aliqui-

229 1792 288 1823 bus
302 1786 324 1806 ²¹
356 1791 590 1834 profanantur,
636 1790 772 1823 eosdem
804 1791 886 1823 deos
919 1796 1018 1833 atque
1051 1790 1170 1822 eadem
1204 1790 1368 1822 elementa
1401 1789 1521 1833 procul
1549 1787 1651 1820 dubio
1679 1787 1791 1820 colere
1817 1790 2002 1820 noscuntur.
2063 1785 2164 1819 Unde

318 1902 342 1931 1)
370 1898 417 1925 Sic
446 1899 502 1928 Gu.
528 1902 553 1929 1.
575 1899 611 1928 al.
634 1909 680 1927 va.
707 1897 865 1938 (difflatur
889 1899 980 1933 eurr.)
1008 1915 1042 1919 --
1072 1897 1178 1925 dicunt

232 1941 310 1978 vulg.
339 1956 378 1961 —
410 1940 438 1978 2)
465 1941 510 1968 Sic
535 1943 591 1971 Gu.
618 1945 644 1972 1.
669 1957 705 1962 —
731 1952 853 1969 cursum
879 1943 959 1968 witae
982 1941 1076 1968 huius
1099 1941 1178 1978 vulg.

232 2000 272 2006 —-
297 1984 324 2019 3)
340 1982 423 2009 alius
447 1982 541 2014 Gu.2.
570 2001 606 2005 —
631 1984 714 2011 alius
737 1984 800 2011 alio
823 1990 950 2021 tzsnporr
972 1994 1053 2021 sequ.
1081 1984 1179 2011 alium

233 2036 278 2064 pr.
300 2034 346 2053 νει.
373 2042 409 2045 -
437 2024 466 2060 4)
490 2025 537 2051 Sic
562 2026 616 2052 Gu.
635 2028 661 2056 1.
686 2029 713 2056 2.
737 2036 783 2054 va.
811 2045 846 2049 —
875 2026 1009 2053 vidclicet
1037 2027 1115 2063 vulg.
1139 2042 1180 2047 -—

233 2070 260 2103 5)
287 2073 311 2094 ct
335 2066 472 2094 currebat
496 2076 551 2094 om.
576 2067 625 2096 Ar.
662 2084 702 2088 —
740 2071 766 2104 13)
795 2070 979 2096 mortalita&
1010 2069 1065 2096 Gu.
1097 2072 1122 2099 1.
1146 2085 1179 2089 -

235 2109 431 2137 mortalitatis
454 2118 498 2136 va.
520 2125 555 2129 -—-
588 2112 614 2140 7)
638 2117 762 2137 currant
786 2112 843 2140 Gu.
868 2114 894 2141 2.
927 2122 970 2149 pr.
997 2111 1046 2139 Ar.
1071 2127 1104 2130 —
1126 2121 1179 2138 szc-

232 2153 345 2191 periuri
368 2161 421 2189 pro
445 2152 596 2187 superiore
620 2151 675 2179 Gu.
703 2155 727 2181 1.
753 2163 795 2181 va.
822 2172 857 2174 —
883 2152 912 2191 8)
942 2159 967 2180 rc
991 2163 1047 2180 oin.
1072 2153 1125 2180 Gu.
1154 2156 1178 2184 1.

236 2211 278 2216 —m
306 2192 334 2230 9)
356 2194 472 2220 homini
495 2193 543 2222 Ar.
566 2202 612 2220 va.
640 2208 681 2213 —
719 2196 764 2230 10)
788 2195 835 2222 Sic
859 2196 913 2223 Gu.
935 2199 961 2227 2.
993 2205 1037 2233 pr.
1062 2205 1105 2222 va.
1131 2196 1178 2224 Ar.

237 2254 275 2259 ρ·-
306 2236 420 2262 ‹li-§lant
444 2235 524 2272 vulg.
555 2250 596 2256 —-
630 2238 675 2264 11)
699 2235 746 2262 Sic
772 2237 818 2264 Ar.
843 2254 881 2257 -—
914 2237 967 2264 Sed
987 2237 1060 2264 senec
1083 2239 1181 2274 igitur

238 2280 294 2306 Gu.
312 2281 337 2309 1.
360 2280 390 2308 2.
413 2292 454 2298 —-
483 2277 555 2304 Ιιαεε
584 2277 681 2314 igilur
703 2286 748 2314 pr.
776 2294 813 2298 —-—
845 2279 917 2305 lmec
948 2284 1048 2306 autem
1070 2289 1116 2306 va.
1139 2295 1181 2300 —

238 2321 311 2348 haec
333 2330 401 2358 ergo
424 2318 505 2356 vulg.
535 2334 575 2340 —
615 2318 661 2355 12²)
692 2328 726 2344 nev
750 2320 805 2346 Gu.
834 2322 860 2349 1.
891 2321 1011 2349 fortasse
1041 2322 1181 2350 scriben-

240 2364 311 2392 dum
334 2367 378 2390 est
400 2361 478 2389 infra
502 2366 650 2399 cogantur
679 2370 734 2398 pro
766 2367 914 2388 conentur.
944 2378 983 2384 —-
1029 2366 1070 2394 13)
1099 2374 1180 2390 roseo

1223 1900 1300 1925 enim
1324 1898 1380 1927 Gu.
1400 1900 1424 1928 1.
1450 1913 1490 1918 —
1512 1908 1609 1924 roseos
1632 1898 1709 1924 enim
1738 1895 1794 1924 Gn.
1815 1897 1860 1931 2.,
1888 1893 1970 1933 quod
1995 1894 2103 1932 recepi.
2124 1910 2164 1915 —-

1223 1941 1309 1978 Vulg.
1333 1951 1432 1968 roseos
1454 1940 1520 1967 soli.
1551 1956 1593 1960 —
1620 1949 1723 1967 roseus
1753 1939 1831 1965 enim
1864 1947 1924 1974 νει,
1960 1937 2068 1965 omisso
2096 1937 2164 1964 soli.

1222 2000 1263 2006 —-
1295 1982 1338 2021 14)
1363 1983 1411 2010 Sic
1436 1983 1490 2010 Gu.
1514 1985 1540 2013 1.
1571 1985 1598 2013 2.
1623 1998 1664 2003 —-
1695 1980 1902 2009 assimilantes
1931 1979 2011 2017 vulg.
2044 1994 2086 2000 —-
2120 1977 2164 2016 15)

1214 2027 1388 2063 flavescunt
1413 2026 1468 2052 Gu.
1493 2027 1519 2054 1.
1544 2041 1580 2044 —
1620 2023 1663 2063 16)
1695 2028 1854 2051 canescant
1882 2033 1929 2051 va.
1961 2037 1996 2043 --
2032 2023 2077 2056 17)
2105 2031 2164 2048 aa·

1223 2075 1343 2096 clumno
1375 2066 1476 2096 addidi
1500 2077 1514 2094 e
1546 2067 1602 2094 Gu.
1626 2069 1651 2097 1.
1679 2082 1721 2088 —-
1750 2068 1793 2103 15)
1825 2076 1942 2092 currere
1964 2074 2019 2092 om.
2043 2063 2093 2091 Ar.
2123 2078 2166 2085 ⁴-—

1224 2113 1266 2142 19)
1289 2111 1336 2138 Sic
1362 2110 1419 2138 Cu.
1449 2112 1474 2140 1.
1502 2111 1530 2139 2.
1554 2118 1599 2136 va.
1624 2109 1671 2137 Ar.
1701 2124 1742 2129 —-
1767 2107 1904 2146 gaudeat
1935 2107 2016 2143 vulg.
2042 2121 2084 2127 —
2117 2104 2165 2144 20)

1223 2153 1269 2180 Sic
1294 2153 1343 2180 Ar.
1369 2168 1405 2172 —
1429 2162 1505 2188 exsp.
1529 2151 1609 2187 vulg.
1635 2169 1672 2173 -—
1698 2153 1743 2187 91)
1766 2150 1921 2188 aliquibus
1943 2147 2044 2177 addidi
2070 2158 2085 2176 e
2109 2147 2165 2175 (ἆυ.

1225 2198 1250 2226 1.
1273 2197 1299 2226 2.
1320 2209 1359 2215 —-
1383 2197 1425 2227 22)
1450 2200 1474 2221 el
1498 2193 1600 2222 addidi
1624 2203 1638 2222 e
1662 2194 1717 2220 Gu.
1743 2196 1770 2223 1.
1795 2195 1822 2224 2.
1845 2208 1885 2213 —
1907 2193 1951 2228 23)
1975 2196 2045 2230 quot
2068 2190 2163 2218 Ar.—

1222 2234 1268 2274 24)
1291 2236 1338 2263 Sic
1362 2236 1419 2264 Gu.
1446 2238 1471 2266 1.
1498 2238 1524 2266 2.
1552 2253 1585 2256 —
1617 2237 1671 2263 erit
1694 2234 1750 2262 tihi
1773 2235 1857 2262 locu-5
1880 2234 1958 2271 vulg.
1983 2249 2021 2254 —
2055 2230 2100 2268 25)
2123 2241 2164 2257 se-

1224 2279 1415 2306 micirculnm
1438 2279 1467 2308 Ζ,
1506 2294 1545 2299 —-
1591 2279 1636 2314 26)
1666 2277 1813 2315 ludnfig.
1839 2286 1885 2305 va.
1916 2291 1957 2297 -
1998 2276 2043 2310 27)
2067 2283 2165 2300 omnes

1225 2331 1279 2349 om.
1303 2321 1334 2350 Z.
1366 2339 1402 2343 -—
1444 2319 1488 2358 23)
1513 2320 1561 2348 Sic
1588 2320 1643 2347 Gu.
1670 2322 1694 2350 1.
1718 2322 1746 2350 2.
1777 2335 1816 2340 -
1846 2316 2061 2356 amphitheatri
2085 2316 2163 2353 vulg.

1225 2379 1265 2383 —
1288 2365 1334 2399 ΞΘ)
1357 2364 1403 2390 Sic
1428 2363 1483 2391 Gu.
1513 2366 1537 2394 l.
1570 2378 1606 2383 -—
1635 2362 1710 2396 fact.
1742 2366 1783 2387 cst
1808 2361 1886 2397 vulg.
1915 2373 1955 2380 -
1993 2355 2040 2396 30)
2065 2363 2164 2385 (ιειιιιη.
