2255 2819
239 109 314 143 404
936 107 1113 141 ISlDORI
1139 107 1320 141 HISPAL.
1347 107 1489 141 EPlSC.

401 200 460 235 20.
513 199 661 233 struthio
690 199 823 231 Graeco
854 196 1025 240 nomine¹,
1061 201 1154 243 quod
1177 201 1297 233 animal
1324 201 1356 232 in
1383 198 1651 233 similitudinem²
1675 201 1742 234 avis
1769 212 1894 245 pennas
1929 201 2055 234 habere
2083 203 2176 236 vide-

238 258 306 286 tur:
334 258 444 285 tamen
472 252 514 284 de
540 256 626 283 terra
653 249 747 281 altius
777 260 841 282 non
870 251 1026 285 elevatur.
1082 251 1157 284 Ova
1183 264 1241 286 sua
1270 253 1384 284 fovere
1412 252 1569 296 negligit:
1597 252 1655 285 sed
1678 253 1826 297 proiecta
1850 253 2080 286 tantummodo
2106 254 2177 287 fotu

236 305 383 349 pulveris
410 304 602 335 animantur.

401 354 458 388 21.
513 352 625 385 Ardea
653 356 790 393 vocata,
830 353 922 395 quasi
949 353 1070 393 ardua,
1099 353 1132 386 id
1162 358 1208 387 est
1233 358 1373 398 propter
1401 353 1484 386 altos
1511 354 1650 387 volatus.
1703 351 1895 388 Lucanus-³:

467 419 639 466 Quodque
667 431 755 454 ausa
780 421 902 454 volare
928 422 1065 457 Ardea.

236 485 428 522 Formidat⁴
456 488 541 521 enim
566 489 706 529 imbres,
743 494 775 521 et
801 486 924 533 supra⁵
952 491 1054 522 nubes
1082 488 1231 531 evolat⁸⁵‚
1269 497 1303 523 ut
1331 491 1496 534 procellas
1523 492 1658 524 nubium
1685 492 1803 523 sentire
1830 502 1896 523 non
1924 492 2036 535 possit.
2090 491 2175 524 Cum

233 545 342 573 autem
371 540 466 572 altius
495 541 671 580 volaverit,
700 541 865 584 significat
892 546 1132 585 tempestatem.
1184 542 1281 575 Hanc
1309 543 1402 574 multi
1429 543 1607 574 Tantalum
1635 543 1804 575 nominant
1815 539 1837 577 ⁷.

396 591 455 624 22.
507 591 660 624 Phoenix
686 592 830 625 Arabiae
859 594 925 624 avis
938 590 960 631 ὅ,
989 594 1095 634 dicta,
1123 594 1214 636 quod
1244 594 1391 626 colorem
1420 594 1643 626 Phoeniceum
1675 594 1817 632 habeat„
1852 594 1905 626 vel
1934 593 2027 636 quod
2055 594 2095 626 sit
2122 590 2176 626 in⁹

232 648 302 675 toto
329 642 412 674 orbe
438 643 611 687 singularis
645 648 678 675 et
710 644 816 677 unica.
887 645 971 676 Nam
1001 646 1129 677 Arabes
1162 646 1362 688 singularem
1390 650 1422 677 et
1450 646 1579 678 unicam
1592 642 1614 661 1⁰
1648 646 1854 678 Phoenicem
1881 652 2013 678 vocant.
2081 645 2176 678 Haec

231 695 430 738 quingentos
453 695 538 726 ultra
565 691 700 726 annos¹¹
728 695 856 733 vivens7
893 696 973 727 dum
997 708 1030 728 se
1058 696 1177 728 viderit
1203 697 1363 736 senuisse,
1412 697 1560 729 collectis
1592 702 1776 729 aromatum
1804 697 1954 741 virgultis
1971 693 2011 737 ¹²,
2054 708 2176 741 rogum

231 746 291 778 sibi
317 747 462 786 instruit,
491 751 523 778 et
550 757 708 778 conversa
735 747 779 778 ad
807 746 937 778 radium
966 748 1042 780 solis
1076 748 1201 779 alarum
1230 748 1348 791 plausu
1375 744 1632 780 voluntariumffl
1660 748 1719 779 sibi
1746 748 1933 781 incendium
1962 748 2076 787 nutrit,
2111 748 2176 780 sic-

230 808 296 840 que
318 798 436 829 iterum
465 797 507 829 de
532 797 693 829 cineribus
719 797 782 830 suis
810 799 959 842 resurgit.

395 847 453 880 23.
507 848 746 892 Cinnamolgus
773 854 806 881 et
836 850 907 892 ipsa
936 850 1080 882 Arabiae
1108 846 1229 891 aiis¹⁴7
1266 850 1407 893 proinde
1434 851 1478 882 ita
1505 855 1642 892 vocata,
1685 850 1777 893 quod
1805 851 1836 882 in
1865 850 1999 883 excelsis
2029 850 2175 882 nemori-

231 899 294 931 bus
322 898 401 931 texit
428 899 522 931 nidos
550 911 588 932 ex
616 900 788 933 fruticibus
803 896 824 916 ¹5
852 901 1009 933 cinnami:
1053 907 1084 933 et
1111 901 1266 943 qnoniam
1294 913 1360 933 non
1387 907 1524 945 possunt
1552 902 1702 934 homines
1730 902 1774 934 ibi
1809 898 2066 934 conscenderem
2092 912 2175 944 pro-

230 955 304 994 pter
330 961 498 982 ramorum
527 951 732 984 altitudinem
762 956 794 983 et
821 951 1052 996 fragilitatem,
1087 952 1223 984 eosdem
1253 952 1348 984 nidos
1375 953 1555 996 plumbatis
1590 958 1753 997 appetunt
1780 953 1910 993 iaculis,
1938 958 1970 984 et
1982 949 2003 967 Π
2031 951 2077 984 sic
2104 952 2175 984 cin-

230 999 360 1034 namaffi
386 1001 444 1033 illa
473 1002 662 1045 deponunt,
690 1008 722 1035 et
749 1003 862 1047 pretiis
891 1004 1108 1048 amplioribus
1132 1003 1296 1044 vendunt,
1325 1015 1365 1036 eo
1393 1004 1485 1047 quod
1515 1005 1600 1038 llaec
1629 1006 1779 1038 cinnama
1794 1002 1815 1021 ¹⁰
1851 1004 1956 1048 magis
1989 1015 2089 1046 quam
2111 1003 2175 1035 alia

230 1058 433 1086 mercatores
461 1054 614 1097 probent.

394 1103 453 1136 24.
507 1105 666 1138 Psittacus
693 1105 725 1136 in
753 1104 869 1138 Indiae
898 1106 1060 1138 littoribus
1088 1106 1255 1149 gignitur,
1293 1106 1407 1138 colore
1435 1106 1550 1146 viridi,
1586 1113 1704 1149 torque
1731 1103 1923 1150 pu11icea²¹’,
1963 1104 2082 1149 grandi
2109 1104 2175 1136 lin-

229 1165 296 1199 gua
323 1159 356 1187 et
383 1157 520 1188 caeteris
548 1157 661 1189 avibus
690 1155 816 1187 latiore.
870 1156 972 1189 Unde
1000 1163 1032 1188 et
1059 1157 1229 1188 articulata
1257 1157 1358 1189 veiha
1386 1157 1555 1200 exprimit,
1582 1158 1625 1190 ita
1649 1163 1684 1190 ut
1711 1158 1735 1189 si
1764 1169 1836 1189 eam
1864 1169 1929 1189 non
1952 1157 2080 1195 videris,
2107 1155 2174 1187 ho—

230 1206 350 1238 minem
379 1206 471 1249 loqui
501 1212 608 1250 putes.
666 1207 717 1239 Ex
751 1212 867 1239 natura
895 1213 1005 1240 autem
1034 1208 1153 1239 salutat
1181 1207 1308 1240 dicens:
1353 1219 1430 1246 ave,
1457 1208 1511 1240 vel
1538 1212 1649 1254 χαῖρε,
1710 1208 1851 1242 Caetera
1884 1209 2016 1240 nomina
2047 1208 2174 1239 institu-

228 1253 348 1290 tione²¹
375 1257 480 1291 discit.
534 1259 624 1291 Hinc
651 1262 699 1289 est
727 1257 811 1290 illud
823 1254 863 1290 ²²:

458 1317 635 1350 Psittacus
663 1329 686 1350 α
713 1318 809 1351 vobis
837 1319 986 1351 aliorum
1018 1318 1157 1350 uomina
1186 1314 1371 1357 discatis-'2

501 1368 578 1401 Hoc
606 1369 717 1402 didici
738 1381 809 1414 per
836 1381 890 1403 me
917 1370 1055 1409 dicere,
1091 1369 1228 1402 Caesar
1256 1380 1330 1401 uve.

393 1426 453 1462 25.
507 1428 664 1471 Halcyon
692 1429 808 1473 pelagi
837 1430 979 1462 volucris
1006 1429 1111 1469 (licta7
1144 1428 1236 1471 quasi
1263 1429 1332 1460 ales
1361 1426 1560 1469 oceanea²'‚
1589 1440 1628 1461 eo
1656 1429 1748 1472 quod
1775 1430 1807 1461 in
1818 1426 1842 1445 '³5
1860 1428 1970 1461 hieme
1993 1427 2025 1459 in
2053 1426 2174 1471 stagnis

230 1477 345 1511 oceani
374 1478 468 1509 nidos
496 1478 576 1511 facit
589 1477 631 1519 ²⁶,
667 1481 847 1523 pullosque
859 1477 883 1497 ²⁷
914 1476 1075 1513 e(lueit²'*:
1110 1491 1176 1522 qua
1211 1480 1393 1512 excubante
1405 1476 1430 1496 ²⁰
1455 1480 1560 1512 fertur
1587 1486 1719 1513 extento
1736 1491 1881 1523 aequore
1909 1480 2050 1524 pelagus
2076 1478 2175 1510 silen-

229 1529 314 1562 tibus
337 1529 442 1561 ventis
469 1530 623 1562 continua
651 1537 779 1575 septem
808 1532 936 1564 dierum
964 1531 1199 1574 tranquillitate
1224 1531 1413 1570 mitescere,
1441 1536 1473 1563 et
1503 1531 1570 1563 eius
1598 1532 1741 1564 foetibus
1768 1531 1950 1564 educandis
1978 1529 2174 1573 obsequium

229 1582 301 1624 ipsa
327 1585 441 1613 natura
467 1592 577 1613 rerum
588 1578 613 1598 ³⁰
636 1583 807 1625 praebere.

394 1630 453 1664 26.
507 1632 681 1666 Pelicanus
709 1635 776 1666 avis
809 1634 978 1678 Aegyptia
1011 1632 1163 1666 habitans
1190 1634 1221 1665 in
1256 1633 1431 1665 solitudine
1460 1633 1526 1665 Nili
1554 1632 1714 1671 fluminis,
1762 1633 1850 1665 unde
1877 1638 1909 1665 et
1935 1643 2056 1664 nomen
2083 1642 2173 1663 sum—

230 1682 304 1726 psit.
376 1683 463 1715 Nam
500 1681 690 1728 Canopus³¹
725 1686 904 1729 Aegyptus
938 1685 1066 1717 (licitur.
1142 1684 1261 1717 Fertur
1296 1689 1405 1716 autem
1417 1681 1458 1727 ³²,
1508 1684 1532 1716 si
1566 1680 1733 1724 verum³³‚
1779 1695 1852 1717 eam
1889 1683 2044 1717 occidere
2080 1688 2173 1715 natos

231 1744 323 1773 sum,
359 1745 481 1777 eosque
508 1746 570 1779 per
596 1736 741 1769 triduum
768 1737 905 1781 lugere,
938 1736 1062 1769 deinde
1089 1736 1229 1780 seipsam
1257 1737 1428 1768 mlnerare
1456 1740 1487 1768 et
1521 1735 1711 1780 aspersione
1737 1735 1785 1768 sui
1812 1735 1977 1780 sanguinis
2004 1735 2172 1768 vivificare

231 1784 315 1817 filios
340 1782 456 1818 su0s³⁴.

316 1894 342 1928 l)
367 1892 479 1921 dicitur
501 1895 568 1924 add.
592 1897 672 1933 vulg.
718 1897 784 1926 Om.
810 1898 866 1927 Gu.
885 1900 914 1927 1.
938 1912 978 1917 —
1001 1895 1032 1935 Ξ)
1050 1896 1097 1924 Sic
1123 1898 1179 1925 Gu.
1226 1908 1271 1935 pr.
1290 1913 1326 1918 —
1349 1897 1504 1924 cinnamia
1517 1896 1597 1933 vulg.
1616 1913 1657 1917 —
1681 1894 1728 1935 19)
1751 1897 1799 1924 Sic
1818 1896 1912 1926 Gu,1.
1936 1911 1975 1915 —
1999 1896 2171 1922 cinnamum

234 1939 260 1966 1.
283 1944 330 1963 va.
354 1952 387 1956 -—-
414 1937 615 1965 similitudine
637 1938 718 1976 vulg.
745 1956 780 1961 --
808 1938 837 1978 3)
862 1939 971 1967 Lucan.
995 1939 1029 1974 V,
1054 1939 1123 1970 554*
1142 1955 1180 1959 —-
1226 1938 1308 1966 illud
1337 1939 1417 1976 vulg.
1454 1939 1500 1959 -'
1530 1939 1576 1974 20)
1603 1939 1650 1966 Sic
1673 1940 1728 1966 Gur
1756 1943 1781 1969 1.
1805 1955 1845 1959 —
1871 1939 2000 1975 puniceo
2026 1937 2106 1974 vulg.
2129 1952 2170 1957 ——

231 1975 262 2017 4)
287 1977 461 2013 formidant
484 1989 529 2007 va.
558 1996 598 2000 —
636 1980 664 2019 5)
698 1982 747 2009 Sic
775 1982 832 2009 Gu.
855 1984 881 2012 1.
903 1983 931 2011 2.
955 1991 1000 2010 va.
1026 1998 1061 2002 —
1095 1991 1182 2018 Super
1226 1984 1272 2018 21)
1288 1982 1385 2009 instit.
1403 1991 1459 2009 om.
1478 1981 1534 2009 Gu.
1552 1983 1581 2011 2.
1598 1998 1634 2002 —-
1659 1981 1704 2019 23)
1723 1981 1847 2009 Martial.
1874 1980 1951 2016 XIV,
1967 1982 2016 2011 73.
2033 1995 2066 1999 —
2085 1979 2170 2006 Ηιήσ

232 2020 314 2058 vulg.
337 2035 379 2041 —-·
400 2019 430 2060 6)
454 2021 557 2048 avolat
581 2022 634 2049 Gu-
662 2026 685 2052 1.
711 2039 747 2044 —
777 2024 896 2053 evolant
926 2034 974 2053 va.
998 2039 1038 2044 —-
1063 2025 1181 2061 pos-sin!
1227 2047 1232 2051 .
1257 2046 1263 2051 .
1288 2045 1295 2052 .
1328 2023 1445 2051 discam
1474 2033 1529 2051 om.
1559 2024 1612 2051 Gn.
1631 2026 1658 2054 2.
1687 2039 1727 2045 —-
1758 2026 1803 2058 23)
1829 2022 1931 2050 dicam
1954 2032 1999 2060 pr.
2025 2038 2061 2042 --
2086 2020 2169 2048 (li-5⁶0

233 2072 278 2091 va.
305 2077 347 2084 —-
375 2061 406 2101 7)
430 2068 537 2090 vocant
561 2063 617 2091 GU.
634 2066 660 2094 2.
683 2081 725 2086 —
758 2068 787 2103 ὃ)
810 2068 859 2094 Sic
883 2066 939 2094 Gu.
965 2071 990 2097 1.
1015 2067 1043 2096 2.
1067 2067 1115 2094 Ar.
1139 2081 1180 2086 —
1224 2077 1269 2094 va.
1293 2082 1334 2087 —
1364 2068 1411 2101 24)
1436 2076 1546 2099 cyanea
1570 2066 1618 2093 Ar.
1645 2083 1679 2087 ——
1715 2064 1759 2103 25)
1784 2067 1817 2093 iti
1840 2064 1939 2093 addidi
1963 2075 1978 2092 e
2002 2064 2057 2092 Gu.
2078 2065 2105 2093 1.
2128 2079 2170 2084 —

233 2106 300 2133 avis
322 2104 418 2132 Arab.
439 2105 521 2142 vulg.
545 2121 585 2126 —
609 2103 639 2145 9)
663 2108 695 2134 in
719 2117 776 2138 om,
800 2109 850 2138 Ar.
874 2125 915 2129 —
939 2107 983 2145 10)
1008 2114 1034 2135 et
1057 2109 1180 2136 unicani
1223 2107 1269 2148 26)
1294 2108 1343 2135 Sic
1364 2108 1418 2135 Gu.
1438 2110 1464 2138 1.
1488 2108 1536 2135 Ar.
1558 2125 1594 2129 —
1612 2109 1719 2145 saciat
1743 2108 1822 2144 vulg.
1847 2123 1886 2129 —
1910 2108 1957 2142 27)
1976 2107 2082 2144 pullos
2100 2117 2170 2144 quo-

234 2157 290 2176 om.
313 2147 411 2177 Gu-2.
434 2162 475 2169 —
501 2144 546 2185 11)
568 2147 616 2174 Sic
647 2148 702 2176 Gu.
722 2155 745 2180 1.
771 2166 807 2171 —
833 2152 1007 2188 quingentis
1030 2171 1035 2176 .
1060 2173 1066 2179 .
1090 2172 1097 2178 .
1120 2161 1179 2177 ‹m-
1222 2162 1277 2189 que
1299 2150 1353 2179 Gu.
1372 2153 1397 2180 1.
1420 2166 1461 2170 —
1485 2149 1530 2187 23)
1554 2149 1663 2178 educat
1685 2151 1740 2180 Gu.
1756 2152 1783 2180 2.
1807 2166 1846 2171 —
1866 2149 1967 2177 educet
1988 2159 2034 2178 va.
2058 2164 2098 2170 —
2120 2147 2167 2187 29)

234 2192 282 2217 nis
304 2189 384 2227 vulg.
413 2206 451 2210 —
483 2190 657 2227 quingentis
687 2196 712 2217 et
743 2192 827 2219 ultra
858 2195 948 2220 <mnis
979 2194 1027 2220 Ar.
1059 2209 1098 2213 ——
1131 2190 1177 2231 12)
1222 2193 1349 2220 cubante
1374 2192 1429 2219 Gu.
1450 2196 1474 2223 1.
1514 2209 1549 2213 —
1583 2195 1628 2228 30)
1655 2193 1704 2221 Sic
1727 2193 1782 2220 Gu.
1803 2195 1829 2224 1.
1856 2210 1889 2213 —
1919 2203 1974 2220 rer.
1998 2196 2061 2219 nat.
2083 2190 2167 2225 vulg.

234 2232 367 2270 virgulis
395 2231 446 2260 Ar.
474 2247 516 2253 —
552 2228 599 2270 13)
631 2232 799 2262 voluntarie
824 2235 861 2263 al.
891 2251 932 2256 —
966 2238 1006 2267 14)
1039 2234 1178 2262 Arabica
1222 2253 1258 2257 —
1282 2236 1381 2272 ipsam
1404 2245 1458 2264 rer.
1480 2240 1624 2262 naturam
1648 2236 1695 2264 Ar.
1722 2252 1759 2257 —
1781 2237 1826 2268 31)
1856 2234 1994 2271 Canopos
2018 2233 2072 2262 Gu.
2088 2235 2167 2264 2.—

236 2276 303 2302 avis
326 2283 372 2302 va.
393 2289 435 2294 -—
469 2272 513 2312 15)
534 2274 697 2311 fiuctibus
729 2275 784 2305 Gu.
808 2279 832 2304 1.
856 2278 892 2305 al.
918 2287 963 2305 va.
986 2293 1026 2298 —-
1059 2278 1103 2313 16)
1128 2278 1177 2304 Sic
1220 2277 1264 2316 32)
1288 2282 1389 2304 autem
1411 2277 1511 2305 addidi
1536 2288 1550 2305 e
1567 2278 1624 2306 Gn.
1641 2281 1666 2308 1.
1688 2295 1722 2299 —
1744 2278 1789 2314 33)
1811 2277 1897 2314 Vulg.
1921 2275 1988 2304 add.
2011 2281 2063 2309 est,
2085 2275 2168 2312 quod

236 2318 292 2345 Gu.
309 2319 337 2347 1.
367 2331 403 2336 —
427 2315 470 2343 ibi
491 2316 569 2343 liam.
591 2326 687 2345 conse.
711 2317 765 2344 Gu.
784 2320 811 2347 2.
828 2328 873 2347 va.
893 2319 943 2348 Ar.
967 2336 1007 2340 ——-
1032 2319 1110 2356 vulg.
1134 2320 1178 2347 ihi
1222 2330 1278 2349 om.
1304 2320 1360 2348 Gu.
1380 2322 1405 2348 1.
1429 2336 1469 2342 —
1492 2321 1532 2347 sic
1555 2320 1592 2348 al.
1616 2335 1653 2340 —
1678 2318 1726 2359 34)
1749 2330 1821 2347 suos
1845 2317 1945 2347 addidi
1970 2327 1985 2344 e
2009 2317 2065 2345 Gu.
2086 2321 2110 2347 1.
2127 2333 2164 2338 -—

237 2369 331 2389 conse.
353 2357 432 2387 hom.
460 2375 493 2380 -
526 2358 573 2396 17)
596 2364 621 2386 ct
643 2368 698 2397 pro
723 2369 759 2385 <ze
780 2359 837 2389 Gu.
858 2365 882 2390 1.
906 2378 945 2382 —-
987 2359 1032 2399 18)
1056 2362 1104 2389 Sic
1129 2362 1178 2390 Ar.
1221 2364 1266 2397 35)
1293 2362 1443 2399 Stromps'z.
1474 2362 1532 2391 Gu.
1559 2366 1585 2393 1.
1608 2364 1636 2393 2.
1662 2372 1706 2400 pr.
1737 2378 1777 2383 -
1807 2359 2021 2397 ·§z›·0plzalil1us
2051 2360 2106 2388 Gu.
2138 2364 2164 2390 1.
