2255 2819
214 100 289 136 454
911 89 1089 125 ISIDORl
1115 89 1296 125 HISPAL.
1322 89 1464 125 EPISC.

380 189 440 223 42.
493 187 590 222 Haec
621 188 731 217 autem
758 182 865 216 insula
893 182 1024 218 Graece
1051 181 1179 233 Κύρνη
1207 185 1336 224 dicitur,
1364 197 1383 218 a
1410 184 1522 228 Cyrno
1540 185 1697 220 Herculis
1723 186 1794 219 filio
1821 185 1988 228 habitata,
2016 187 2059 220 de
2090 199 2157 232 qua

216 244 390 291 Virgilius:

448 289 604 332 Cyrneas
620 281 629 300 ¹

663 284 790 318 Tua-os.

216 347 381 382 Dividitur
409 345 517 374 autem
551 349 570 369 a
604 336 758 369 Sardinia
792 336 855 369 XX
890 333 1043 369 milium²
1080 337 1185 378 freto,
1222 339 1329 372 cincta
1355 335 1540 383 Ligustici³
1575 340 1728 383 aequoris
1764 340 1835 373 sinu
1868 339 1911 372 ad
1942 344 2157 385 prospectum

215 400 341 433 ltaliae.
394 393 453 426 Est
474 395 585 423 autem
620 388 730 420 multis
761 389 997 432 promontoriis
1025 389 1205 434 angulosa,
1241 391 1383 435 gignens
1406 391 1580 424 laetissima
1604 391 1731 436 pabula
1766 397 1799 424 et
1831 391 2001 436 lapidem,
2035 388 2158 436 quem*

216 447 414 486 Catochiten
442 440 565 476 Graeci
587 444 718 473 vocant.

377 495 437 528 43.
489 488 644 527 Εὑοςυς5
670 491 776 524 insula
792 491 975 535 Hispaniae
1003 491 1104 531 dicta,
1129 491 1221 534 quod
1244 503 1264 524 a
1280 489 1407 524 zaniofi
1433 503 1499 525 non
1527 494 1645 536 procul
1672 493 1722 534 sit,
1743 494 1835 537 quasi
1863 490 2018 528 ebozos⁷.
2070 494 2160 527 Nam

215 551 309 586 Lxx
331 547 443 582 stadiis
470 545 512 577 ab
540 555 580 578 ea
607 543 720 576 distat:
752 543 845 576 cuius
872 549 993 576 terram
1028 548 1197 587 serpentes
1232 543 1374 588 fugiunt.
1429 544 1519 578 Huic
1554 545 1715 578 contraria
1749 551 1797 578 est
1824 545 2039 586 Colubraria,
2072 557 2160 588 quae

214 604 337 637 referta
363 603 411 632 est
435 596 610 641 anguibus.

378 649 438 684 44.
493 647 652 681 Baleares
678 646 802 679 insulae
830 645 1008 689 Hispaniae
1036 645 1122 678 duae
1149 650 1238 685 sunt,
1272 645 1487 690 Aplirosiade
1522 652 1555 679 et
1582 646 1762 690 Gymnasie
1777 646 1800 688 ⁸,
1834 648 1941 681 maior
1978 653 2010 681 et
2043 647 2158 680 minor.

215 704 318 739 Unde
343 708 375 736 et
408 713 462 734 eas
488 699 610 743 vulgus
643 697 842 731 Maioricam
877 702 908 730 et
942 697 1141 731 Minoricam
1182 703 1385 741 nuncupant.
1436 698 1474 731 ln
1513 694 1591 731 his⁹
1626 699 1769 742 primum
1805 700 1916 732 insulis
1952 699 2082 732 inventa
2113 703 2162 731 est

215 757 338 795 funda,
365 765 431 798 qua
444 749 466 769 ¹⁰
494 750 623 795 lapides
651 749 858 789 emittuntur,
892 748 982 782 unde
1009 754 1041 782 θῑ
1065 749 1223 781 Βὶὶῖθᾶῑθῡ
1251 749 1371 787 (lictae,
1399 746 1544 794 βάλλειν
1572 750 1658 782 enim
1684 750 1816 784 Graece
1843 748 2000 784 mittere¹¹
2029 751 2160 789 dieitur,

216 809 305 843 unde
331 812 365 839 et
392 803 523 838 ballista
551 801 642 844 quasi
669 802 776 843 missa,
807 806 839 833 et
865 799 1073 833 fundibalum
1088 797 1120 832 ¹².
1175 801 1349 845 Virgilius:

443 853 611 889 Balearis
637 849 827 886 verbera1³
854 850 1002 896 fundae.

668 938 820 974 CAP.
875 938 951 972 Vll.
1031 937 1111 970 De
1170 937 1708 971 Promontoriis.

384 1008 416 1039 l.
471 1007 657 1040 Commune
679 1003 761 1038 est¹¹
789 1006 908 1045 insulis,
936 1010 972 1038 ut
998 1006 1216 1050 promineant.
1271 1002 1387 1039 Inde¹⁵
1425 1011 1456 1038 et
1484 1006 1557 1040 loca
1584 1018 1698 1040 earum
1736 1006 1964 1050 promontoria
1999 1005 2162 1040 dicuntur.

218 1063 275 1096 Sic
302 1059 461 1093 Salustius
489 1058 531 1091 de
560 1058 731 1091 Sardinia:
759 1057 802 1089 Ιη
834 1056 978 1090 Oriente
1005 1069 1109 1101 quam
1137 1058 1172 1090 in
1203 1058 1393 1092 Occidente
1419 1058 1525 1090 lalior
1550 1058 1723 1102 prominet
1736 1055 1766 1089 ¹⁶.

382 1110 414 1143 2.
469 1110 609 1154 Sigeum
634 1108 899 1152 promontorium
927 1109 1036 1148 Asiae,
1065 1109 1120 1141 ubi
1149 1109 1387 1153 Hellespontus
1413 1110 1557 1153 apertius*
1588 1109 1754 1142 dilatatur.
1808 1109 1939 1142 Dictum
1976 1114 2088 1141 autem
2108 1107 2164 1141 Si-

217 1174 320 1210 geum
347 1166 487 1205 propter
514 1161 671 1193 Herculis
706 1160 978 1200 taciturnitatem,
1011 1161 1087 1202 quia
1115 1160 1302 1203 prohibitus
1328 1161 1475 1204 hospitio
1509 1172 1528 1194 a
1555 1160 1788 1194 Laomedonte
1809 1161 2034 1193 Troianorum
2069 1170 2164 1204 rege,

217 1214 380 1249 simulavit
408 1213 606 1251 abscessum,
634 1216 666 1244 et
692 1211 769 1243 inde
792 1217 906 1243 contra
934 1211 1072 1243 Troiam
1096 1222 1170 1244 cum
1199 1212 1326 1244 silentio
1353 1213 1452 1251 venit,
1480 1212 1571 1254 quod
1600 1212 1719 1245 dicitur
1746 1208 1834 1257 σιγή.

383 1263 415 1295 3.
469 1263 622 1297 Maleum
649 1262 915 1306 promontorium
944 1262 1118 1302 Graeciae,
1146 1263 1238 1306 quod
1266 1263 1363 1297 intrat
1397 1260 1463 1295 ἰηΠ
1497 1274 1605 1308 mare,
1641 1268 1673 1295 et
1707 1274 1767 1306 per
1800 1263 1890 1296 milia
1923 1261 2163 1306 quinquaginta

217 1316 436 1362 protenditur,
465 1315 521 1349 ubi
548 1314 637 1348 unda
664 1315 708 1347 ita
736 1325 832 1347 saeva
860 1319 917 1353 est,
945 1319 980 1346 ut
1014 1316 1169 1358 persequi
1182 1313 1204 1332 ¹⁸
1231 1315 1422 1359 navigante„⁴
1447 1314 1606 1347 videatur.
1660 1314 1739 1348 Hoc
1765 1318 1874 1346 autem
1898 1314 2164 1357 promontorium

219 1382 236 1402 a
270 1369 385 1402 Maleo
415 1379 497 1412 rege
524 1366 727 1411 Argivorum
756 1376 877 1398 nomen
905 1367 1047 1409 accepit.

383 1418 417 1451 4.
469 1418 628 1452 Pelorum
663 1418 927 1462 promontorium
955 1418 1088 1452 Siciliae
1122 1417 1299 1461 respiciens
1328 1417 1527 1460 Aquilonem
1542 1413 1576 1459 ¹³,
1610 1416 1792 1452 secundum
1826 1415 2006 1450 Salustium
2038 1415 2165 1449 dictum

219 1485 237 1506 a
266 1472 491 1517 gubernatore
519 1470 714 1502 Hannibalis
742 1469 808 1502 illic
835 1469 976 1512 sepulto.

383 1520 418 1555 5.
469 1520 657 1554 Pacliinum
691 1520 957 1564 promontorium
990 1519 1144 1560 Siciliae,
1188 1520 1345 1553 Austrum
1379 1524 1531 1563 spectans
1567 1519 1608 1552 ab
1652 1519 1734 1553 aeris
1773 1518 1985 1553 crassitudine
2030 1517 2164 1550 dictum.

220 1575 306 1607 Nam
333 1569 447 1616 παχύς
459 1568 484 1589 ²⁰
512 1577 559 1605 est
580 1572 712 1617 pinguis
739 1577 772 1604 et
799 1582 933 1605 crassus·
986 1573 1107 1605 Austro
1131 1571 1216 1605 enim
1242 1571 1409 1614 perflatur.

383 1624 419 1658 6.
469 1623 671 1667 Lilybaeum
699 1624 965 1667 promontorium
1001 1623 1151 1665 Siciliae,
1194 1623 1281 1657 Solis
1325 1633 1480 1658 occasum
1509 1620 1698 1662 intendens,
1738 1624 1893 1655 vocatum
1933 1620 1977 1654 ab
2019 1618 2167 1654 eiusdem

221 1676 360 1709 nominis
387 1675 518 1710 civitate
532 1672 567 1716 ²¹,
595 1687 680 1719 quae
704 1675 748 1707 ibi
776 1676 836 1707 sita
864 1671 955 1709 (θείῃ.

386 1726 419 1759 7.
475 1726 601 1760 Borion
616 1724 640 1743 ²³
674 1727 941 1771 promontorium
969 1724 1145 1759 Numidiae
1180 1730 1356 1765 vocatum,
1392 1735 1433 1758 eo
1459 1722 1552 1766 quod
1579 1718 1817 1765 Aquilonem²⁴
1843 1721 2001 1756 intendat.
2053 1716 2167 1756 Ηοο75

222 1777 340 1821 Hippo
355 1774 379 1793 ²⁰
401 1778 530 1822 regium
558 1783 676 1823 postea
700 1778 836 1819 dictum,
864 1789 927 1823 pro
955 1788 1007 1817 eo,
1037 1777 1129 1820 quod
1154 1775 1226 1809 sit²³
1255 1788 1401 1821 aequore
1427 1776 1655 1818 interruptum.

311 1863 334 1893 1)
358 1861 407 1888 Sic
431 1861 481 1890 Ar.
507 1872 521 1891 e
547 1862 626 1899 Virg.
656 1863 716 1891 Ecl.
740 1863 793 1899 lx,
818 1865 867 1894 30.
891 1878 933 1884 -—
967 1861 1076 1889 Oto-nea
1095 1861 1179 1898 vulg.
1220 1861 1243 1897 Ι,
1268 1863 1340 1893 309.
1369 1877 1411 1882 —-
1447 1860 1489 1894 14)
1513 1865 1613 1887 autem
1635 1858 1702 1887 add.
1725 1868 1771 1887 va.
1800 1873 1844 1880 ·—
1881 1859 1924 1894 15)
1957 1855 2040 1886 Unde
2062 1857 2119 1886 Gu.
2138 1858 2167 1888 2.

223 1918 264 1926 ---
288 1903 340 1930 Sic
361 1908 415 1930 ίιιιι
438 1905 568 1931 cinaeus
584 1907 717 1943 fugiant
741 1915 881 1933 aramma
904 1910 990 1932 laxos
1015 1905 1069 1932 Gu.
1095 1906 1122 1935 1.
1138 1922 1175 1926 —-
1219 1920 1260 1925 -—
1285 1904 1328 1942 16)
1353 1905 1385 1931 in
1410 1904 1550 1932 orientem
1566 1923 1573 1930 .
1589 1923 1597 1932 .
1614 1901 1793 1929 occidentem
1817 1901 1850 1930 Z.
1881 1901 1936 1929 Gu.
1959 1902 1988 1932 2.
2012 1899 2061 1928 Ar.
2085 1898 2169 1929 Ordo

227 1946 343 1982 Crrnecz
373 1946 429 1972 Gu-
452 1947 481 1975 2.
512 1956 557 1984 pr.
588 1958 634 1978 va.
658 1963 700 1970 -·—
731 1949 760 1984 2)
784 1947 908 1976 milibus
932 1948 987 1976 Gn.
1011 1948 1040 1977 2.
1066 1956 1114 1974 va.
1136 1962 1178 1968 --
1221 1951 1265 1974 est
1289 1957 1304 1974 e
1329 1947 1385 1974 Gu.
1403 1949 1428 1977 1.
1452 1964 1490 1968 —-
1514 1945 1603 1982 Vulg.
1628 1946 1660 1972 in
1683 1955 1724 1972 or.
1746 1944 1799 1972 lat.
1817 1953 1914 1981 prom.
1936 1952 2030 1981 quam
2049 1943 2082 1972 in
2099 1940 2166 1979 (om.

223 1986 253 2027 3)
274 1989 401 2025 Ligwm'
424 1997 471 2016 va.
494 2003 535 2010 —-
574 1991 600 2023 4)
627 2001 718 2027 quam
741 1991 798 2018 Gu.
817 1993 843 2021 1.
869 2007 907 2014 .-
940 1988 968 2027 5)
993 1989 1040 2017 Sic
1064 1989 1120 2017 Gu.
1150 1991 1176 2018 1.
1221 1991 1254 2016 ιἰι,
1277 1990 1333 2018 Gu.
1350 1989 1396 2023 2.)
1423 1999 1481 2018 occ,
1509 2004 1545 2008 —
1580 1989 1624 2024 17)
1649 1989 1679 2014 in
1693 1986 1794 2016 addidi
1818 1996 1833 2014 e
1856 1987 1911 2014 Gu.
1936 1988 1964 2016 1.
1983 2000 2026 2008 --
2055 1986 2099 2018 18)
2120 1982 2168 2010 Sic

224 2033 254 2060 9.
271 2032 321 2058 Ar.
344 2045 386 2051 --·
407 2029 523 2057 Ebulm
545 2031 625 2068 vulg.
648 2048 690 2053 -—
719 2032 751 2070 6)
773 2033 821 2060 Sic
839 2032 888 2061 Ar,
904 2049 944 2054 --
963 2033 1061 2063 Zama
1083 2031 1112 2059 Z.
1136 2047 1179 2053 -——
1221 2033 1278 2060 Gn.
1306 2034 1333 2063 1.
1359 2041 1405 2059 va.
1431 2031 1481 2060 Ar.
1506 2046 1541 2054 --
1568 2031 1715 2068 prosequi
1737 2029 1816 2066 vulg.
1853 2044 1890 2050 --
1926 2027 1974 2064 19)
2007 2026 2095 2063 Vulg.
2125 2023 2169 2052 ad

226 2073 319 2101 Zonio
348 2072 403 2099 Gu.
425 2073 454 2101 2.
485 2082 529 2109 pr.
562 2081 609 2100 va.
640 2092 677 2096 —-
708 2077 791 2102 :onis
821 2075 901 2111 vulg.
935 2093 972 2098 -—
1012 2073 1040 2112 7)
1072 2074 1179 2102 ebosus
1222 2075 1329 2112 aquil..
1352 2072 1403 2103 sed
1427 2072 1471 2101 acl
1493 2083 1549 2103 om.
1581 2072 1638 2102 Gu.
1662 2076 1687 2103 1.
1710 2072 1746 2100 al.
1779 2081 1824 2099 va.
1846 2086 1888 2092 —-
1913 2069 1958 2108 20)
1982 2068 2047 2099 Om.
2073 2065 2173 2106 παχύς

226 2116 283 2145 Gu.
307 2117 332 2143 1.
356 2130 397 2136 --
421 2115 522 2141 1211:ch
544 2114 574 2141 Z.
596 2131 628 2135 —
653 2116 760 2144 “bozo-5
793 2117 848 2148 Gu,
872 2120 900 2148 2,
926 2132 969 2138 -
1006 2118 1036 2151 S)
1060 2116 1107 2143 Sic
1131 2116 1179 2148 Arv
1221 2127 1267 2155 pr.
1300 2126 1344 2145 va.
1377 2132 1414 2138 —-
1451 2119 1494 2147 21)
1523 2116 1571 2142 Sic
1602 2115 1657 2144 Gu.
1682 2118 1707 2149 1.
1738 2113 1787 2143 Ar.
1819 2130 1856 2136 —-
1886 2113 2004 2141 nomine
2033 2111 2169 2141 civitati&

226 2173 267 2183 —,
289 2154 497 2194 Apso-osiudes
526 2161 551 2182 ιί
578 2157 780 2193 (inmun-rides
802 2159 881 2196 vulg.
912 2175 952 2180 —
984 2158 1179 2195 Aphron-ria-
1222 2158 1303 2195 vulg.
1326 2174 1367 2180 --
1391 2160 1435 2191 ΞΕ)
1459 2158 1508 2186 Sic
1531 2159 1561 2186 Z.
1584 2158 1642 2186 Gu.
1659 2160 1684 2188 1.
1708 2173 1750 2178 —
1773 2156 1860 2193 Vulg.
1885 2161 1927 2184 est
1949 2156 2020 2184 sita.
2043 2170 2084 2176 ---
2119 2154 2167 2188 23)

227 2199 278 2226 des
301 2200 358 2229 Gu.
384 2201 409 2229 1.
432 2214 468 2219 -—
497 2198 686 2227 Genua-sidae·
709 2201 764 2228 Gn.
791 2204 817 2233 1.
840 2218 878 2222 -—
906 2200 1103 2229 Genera-vides
1133 2212 1180 2229 va.
1222 2201 1270 2229 Sic
1291 2200 1347 2228 Gu.
1365 2203 1390 2230 1.
1421 2210 1467 2238 pr.
1498 2211 1544 2228 va.
1569 2201 1618 2230 ΑΓ.
1644 2217 1680 2222 -—
1706 2201 1827 2227 Boreon
1849 2198 1878 2225 Z.
1902 2214 1940 2219 —-
1971 2197 2067 2225 Borio
2087 2194 2167 2230 vulg.

229 2258 264 2265 -.-
289 2243 318 2278 9)
342 2240 389 2267 lul»-
414 2251 466 2278 111'0
492 2241 531 2267 iis
554 2241 585 2267 Z.
612 2241 667 2269 Gu.
692 2244 717 2271 l.
740 2245 768 2272 2.
793 2259 829 2264 -
863 2245 908 2278 10)
934 2242 1045 2281 quibu-5
1069 2244 1125 2271 Gu.
1149 2247 1178 2274 2.
1224 2261 1261 2266 ——
1285 2243 1333 2279 24)
1356 2241 1400 2271 ad
1421 2253 1467 2280 aq.
1492 2244 1546 2271 Gu.
1571 2245 1597 2275 2.
1623 2261 1660 2267 --
1687 2243 1735 2278 25)
1756 2243 1825 2269 Hoc
1846 2251 1904 2270 om.
1926 2240 1957 2268 Ζ.
1981 2254 2022 2261 --·
2048 2236 2095 2274 26)
2119 2236 2168 2265 Sic

227 2301 267 2305 -
304 2283 349 2318 ιι)
373 2283 419 2311 Sic
444 2283 499 2316 GU·
520 2285 546 2315 1·
568 2285 595 2313 2-
620 2283 669 2313 Ar·
686 2299 727 2305 —
750 2285 878 2312 emittere
901 2285 981 2322 vulg.
1003 2300 1045 2306 —
1069 2287 1114 2322 lQ)
1132 2286 1179 2313 Sic
1223 2285 1309 2316 Gu.1.
1340 2300 1381 2305 —
1419 2287 1558 2323 Hippone
1584 2285 1665 2322 vulg.
1700 2301 1733 2306 —-
1765 2285 1935 2321 Ilipponem.
1962 2281 2009 2309 Ar.
2042 2294 2079 2300 -—
2122 2279 2167 2313 27)

229 2327 260 2353 Z.
293 2328 340 2353 Ar,
375 2342 411 2345 —
441 2323 651 2361 furzclt'hztlultz
679 2324 758 2361 vulg.
783 2342 821 2347 —
866 2329 909 2360 13)
938 2327 988 2357 Sic
1019 2328 1075 2356 Gu.
1103 2330 1127 2358 1.
1152 2331 1180 2362 2.
1221 2329 1261 2357 ,ςίι
1291 2337 1350 2357 om.
1380 2328 1410 2354 Z.
1435 2344 1474 2349 —
1514 2330 1559 2362 28)
1591 2328 1638 2357 Sic
1670 2326 1720 2358 Ar.
1740 2342 1782 2351 --
1813 2326 1918 2362 Calpis
1948 2322 2029 2357 vulg.
2058 2338 2091 2343 —
2120 2318 2166 2356 Ξ9)

230 2379 273 2406 pr⁴
298 2378 343 2394 va.
369 2383 409 2388 ——
434 2366 546 2394 verbere
570 2367 648 2404 vulg.
681 2366 776 2395 Locus
808 2372 851 2396 est
875 2378 921 2406 ap.
958 2369 1042 2409 Virg.
1072 2370 1179 2407 Georg.
1222 2371 1352 2397 maxime
1383 2372 1437 2400 Gn,
1466 2373 1491 2399 1.
1517 2386 1557 2391 ——
1592 2373 1636 2402 30)
1655 2379 1710 2406 per
1732 2384 1773 2389 —
1796 2369 1968 2394 varietatem
1999 2364 2055 2391 Gu.
2080 2367 2104 2392 1.
2127 2377 2167 2382 —
