2203 2829
161 103 237 139 296
855 91 1033 126 ISIDORI
1060 91 1244 127 HISPAL.
1270 90 1414 125 EPlSC.

164 199 259 232 nibus
284 196 475 232 vescuntur,
502 189 580 223 ideo
608 185 888 231 anthropophagi
916 186 1136 220 nominantur.
1188 186 1305 230 Itaque
1332 185 1416 219 sicut
1441 184 1504 227 his,
1532 186 1576 219 ita
1598 190 1629 218 et
1657 187 1773 220 ceteris
1799 187 1953 232 gentibus
1979 199 2041 233 per
2056 200 2108 222 se-

165 250 243 285 cula
269 252 324 281 aut
351 257 370 278 a
397 243 549 289 regibus,
576 244 631 273 aut
658 251 676 271 a
704 238 802 279 loci5‚
831 243 888 271 aut
914 250 933 271 a
956 238 1123 281 moribus,
1151 234 1229 271 aut¹
1267 249 1307 271 ex
1334 237 1538 280 quibuslibet
1572 237 1643 270 aliis
1676 239 1781 272 causis
1807 240 1980 273 immutata
2007 251 2109 274 voca—

165 303 245 337 bula
271 304 361 338 sunt,
388 297 433 328 ita
459 298 494 328 ut
521 292 628 336 prima
655 290 752 335 origo
780 290 920 322 nominis
948 301 1063 323 eorum
1089 295 1280 334 temporum
1309 294 1469 322 vetustate
1496 301 1562 322 non
1589 295 1711 334 pateat.

332 347 415 381 133.
469 346 539 378 lam
560 354 640 375 vero
666 339 739 383 hi²‚
770 342 827 385 qui
854 338 1069 386 Antipodae³
1096 342 1270 383 dicuntur,
1301 352 1342 373 eo
1375 340 1469 384 quod
1496 339 1674 374 contrarii⁴
1702 353 1772 375 esse
1799 338 1939 375 nostris⁵
1965 342 2111 387 vestigiis

165 407 334 451 putantur,
361 404 395 432 ut
423 396 514 440 quasi
541 395 600 427 sub
627 394 721 427 terris
749 393 848 438 positi
875 393 1014 426 adversa
1041 393 1185 438 pedibus
1212 392 1327 425 nostris
1354 393 1482 426 calcent
1508 394 1645 440 vestigia
1661 417 1670 433 ‚
1698 393 1789 426 nulla
1817 394 1944 426 ratione
1970 394 2110 427 creden-

167 458 247 491 dum
273 457 338 494 est,
365 450 442 493 quia
469 458 532 480 nec
558 446 706 479 soliditas
729 446 872 490 patitur,
901 457 962 479 nec
989 451 1140 479 centrum
1164 450 1289 486 terrae,
1324 443 1383 476 sed
1411 455 1517 488 neque
1544 445 1613 479 hoc
1640 445 1708 478 ulla
1734 445 1891 479 historiae
1919 446 2111 491 cognitione

166 510 332 544 firmatur,
366 500 424 533 sed
451 499 520 532 hoc
547 502 669 543 poetae
696 497 787 541 quasi
815 497 1043 532 ratiocinando
1070 497 1265 531 coniectant.

330 551 416 586 134.
468 551 605 584 Titanas
632 554 743 582 autem
770 549 932 592 quosdam
961 549 993 581 in
1028 549 1171 582 Graecia
1205 543 1331 581 sertur⁸
1366 546 1464 579 fuisse
1499 547 1652 581 robustos
1686 553 1718 581 et
1756 547 1955 581 excellentes
1990 547 2111 580 viribus

166 608 330 655 populos,
358 615 442 648 quos
470 603 581 635 ferunt
608 601 744 634 fabulae
771 601 813 633 ab
840 602 923 633 irata
951 606 1065 634 contra
1093 600 1174 633 deos
1200 605 1287 631 terra
1314 597 1355 630 ad
1385 599 1452 631 eius
1480 599 1638 632 ultionem
1667 604 1801 634 creatos.

332 655 414 689 135.
467 654 569 687 Unde
597 658 628 686 et
654 653 791 686 Titanes
819 652 899 686 dicti
925 658 999 685 sunt
1027 649 1100 687 simi
1127 652 1188 697 τῆς
1216 650 1337 689 τίσεως
1348 647 1373 692 ⁷,
1409 650 1443 682 id
1472 655 1520 683 est
1547 651 1589 683 ab
1617 652 1757 691 ultione,
1792 650 1885 694 quod
1913 651 2006 693 quasi
2029 650 2112 684 ulci-

165 710 306 746 scendae
334 707 446 741 matris
467 706 595 739 Terrae
623 716 719 739 causa
746 704 779 736 in
807 704 889 738 deos
917 701 1058 737 armati⁸
1085 698 1297 736 existerent⁹z
1324 713 1408 745 quos
1435 701 1570 735 fabulae
1586 714 1604 734 a
1621 703 1700 736 Iove
1727 703 1820 736 bello
1845 703 1945 735 fuisse
1973 713 2113 747 supera-

164 771 215 797 tos
242 767 342 805 atque
370 760 531 793 extinctos
559 758 707 802 fingunt,
735 762 876 801 propter
903 756 995 800 quod
1024 767 1042 789 e
1069 755 1168 788 coelo
1195 754 1287 788 iactis
1316 754 1509 786 fulminibus
1535 754 1726 787 interierunt
1738 751 1769 786 ¹⁰.

518 860 668 894 CAP.

334 940 364 972 l.
425 939 583 983 Regnum
626 949 645 969 a
687 936 823 981 regibus
866 935 1003 970 dictum.

166 1008 184 1028 a
212 993 357 1038 regibus.

331 1042 364 1076 2.
417 1042 576 1086 Regnum
610 1040 778 1073 universae
809 1039 956 1071 nationes
989 1038 1051 1071 suis
1078 1050 1233 1082 quaeque
1265 1037 1472 1081 temporibus
1500 1033 1743 1076 halmerunt¹²,
1778 1041 1813 1069 ut
1847 1035 1980 1078 Assyrii,
2008 1033 2116 1071 Medi,

166 1098 307 1136 Persae,
334 1094 514 1138 Aegyptii,
544 1091 665 1124 Graeci
678 1088 720 1129 ¹³,
748 1102 890 1134 quorum
918 1091 1005 1123 vices
1033 1102 1102 1122 sors
1130 1098 1319 1134 temporum
1347 1089 1390 1121 ita
1413 1089 1588 1127 volutavit,
1617 1094 1651 1121 ut
1679 1088 1819 1120 alterum
1843 1087 1887 1119 ab
1915 1087 2021 1118 altero
2048 1085 2117 1118 sol-

166 1153 307 1181 veretur.
376 1145 464 1177 lnter
501 1144 612 1176 onmia
653 1148 763 1174 autem
799 1154 903 1186 regna
948 1138 1145 1174 terrarum¹⁴
1189 1142 1257 1173 duo
1298 1152 1402 1184 regna
1444 1137 1616 1173 caeteris¹⁵
1659 1135 1893 1184 gloriosioraffi
1933 1138 2117 1179 traduntur,

164 1198 375 1243 Assyriorum
404 1196 548 1239 primum
562 1191 602 1233 ¹⁷,
639 1193 761 1226 deinde
789 1194 1042 1233 Romanorum,
1097 1198 1133 1225 ut
1159 1192 1367 1236 temporibus
1401 1197 1433 1223 et
1460 1192 1542 1225 locis
1575 1191 1657 1224 inter
1690 1203 1724 1223 se
1757 1190 1909 1223 ordinata
1936 1195 2036 1232 atque
2064 1189 2117 1221 ‹li-

164 1252 281 1285 stincta
308 1244 425 1281 suntffl.

332 1307 365 1339 3.
421 1307 507 1338 Nam
539 1305 622 1338 sicut
652 1303 735 1335 illud
767 1304 858 1348 prius
890 1308 921 1336 et
949 1302 1017 1336 hoc
1050 1302 1232 1346 posterius,
1274 1302 1319 1334 ita
1351 1301 1435 1334 illud
1470 1301 1503 1333 in
1530 1301 1657 1334 oriente
1685 1298 1748 1335 et¹⁵¹
1782 1301 1850 1334 hoc
1883 1301 1916 1333 in
1944 1300 2119 1334 occidente

167 1367 321 1396 exortum
349 1364 416 1391 est:
444 1352 624 1400 denique²⁰
650 1356 680 1387 in
709 1355 795 1387 illins
824 1356 887 1387 line
914 1354 1012 1387 huius
1038 1354 1164 1387 initium
1194 1353 1366 1387 confestim
1400 1353 1471 1386 fuit.
1525 1353 1647 1398 Regna
1676 1358 1807 1387 caetera
1843 1353 2034 1395 caeterique
2065 1363 2119 1384 re-

166 1426 226 1459 ges
255 1412 345 1445 velut
372 1409 577 1454 appendices
606 1407 741 1439 istorum
770 1406 947 1440 habentur.

722 859 781 893 111.
860 859 925 892 Dc
965 859 1122 904 regnis
1162 854 1485 901 militiaequcn
1526 857 1768 890 vocabulis.

1082 935 1168 968 Nam
1205 934 1286 968 sicut
1322 945 1418 978 reges
1457 946 1476 966 a
1512 934 1664 979 regendo
1700 933 1834 973 vocati,
1885 933 1930 965 ita
1974 943 2114 977 regnum

331 1469 365 1504 4.
422 1470 535 1513 Reges
567 1479 586 1499 a
613 1464 809 1511 regend0²¹.
868 1466 962 1498 Sicut
1001 1465 1088 1498 enim
1123 1465 1279 1498 sacerdos
1308 1477 1327 1497 a
1356 1464 1594 1498 sanctificando
1606 1462 1647 1506 ²²,
1689 1465 1734 1498 ita
1761 1471 1794 1498 et
1828 1475 1885 1497 rex
1913 1476 1931 1496 a
1959 1463 2118 1509 regendo.

168 1525 245 1557 Non
272 1528 382 1554 autem
410 1521 514 1564 regit,
546 1519 602 1561 qui
626 1530 690 1550 non
722 1517 870 1561 corrigit,
924 1518 1031 1549 Recte
1059 1517 1161 1560 igitur
1191 1516 1346 1549 faciendo
1377 1517 1466 1560 regis
1496 1528 1617 1549 nomen
1642 1522 1791 1557 tenetur,
1820 1515 1995 1560 peccando
2023 1515 2120 1547 amit-

166 1576 255 1610 titur,
307 1572 409 1606 Unde
437 1577 469 1604 et
495 1570 588 1615 apud
616 1576 741 1603 veteres
769 1570 835 1601 tale
862 1574 931 1601 erat
959 1568 1190 1612 proverbium:
1244 1568 1325 1600 Rex
1351 1567 1438 1607 cris,
1473 1568 1504 1600 si
1531 1572 1624 1601 recte
1636 1565 1816 1613 saeias²³:
1842 1568 1873 1600 si
1898 1566 2120 1612 nonfacias,

167 1638 234 1660 ηοη
264 1625 343 1659 cris.

332 1683 366 1716 5.
420 1683 550 1727 Regiae
578 1682 713 1713 virtutes
741 1680 945 1725 praecipuae
973 1679 1077 1712 duae:
1117 1679 1235 1712 iustitia
1264 1684 1295 1711 et
1322 1678 1437 1723 pietas.

372 1735 458 1768 Nam
486 1733 604 1767 iustitia
632 1744 694 1777 per
723 1745 757 1765 se
785 1728 933 1764 severa²5
960 1737 1018 1766 est.

1493 1677 1571 1710 Plus
1598 1682 1710 1710 autem
1743 1677 1775 1709 in
1804 1677 1939 1721 regibus
1966 1677 2120 1710 laudatur

171 1732 319 1781 pietas²⁸.

336 1795 370 1828 6.
423 1794 586 1828 Consules
614 1794 777 1838 appellati
805 1805 823 1825 a
852 1791 1074 1831 consulendo,
1099 1791 1184 1824 sicut
1211 1801 1343 1835 regesa
1361 1789 1531 1834 regendo‚
1560 1786 1627 1821 (ἤι’-’6
1654 1788 1737 1822 sicut
1764 1784 1891 1832 leges²²
1919 1799 1938 1819 a
1962 1787 2119 1832 legendo.

173 1849 258 1881 Nam
287 1858 362 1880 cum
392 1846 534 1879 Romani
562 1858 681 1890 regum
709 1845 888 1890 superbam
916 1843 1179 1876 dominationem
1215 1853 1280 1874 non
1309 1841 1450 1882 ferrent,
1481 1852 1587 1873 annua
1614 1840 1754 1884 imperia
1781 1840 1942 1882 binosque
1971 1839 2121 1873 consules

260 1955 288 1996 1)
312 1962 366 1983 αιιι
388 1966 444 1994 pro
467 1956 513 1983 vel
536 1955 591 1983 Gu.
611 1959 635 1985 1.
658 1958 686 1986 2.
709 1955 760 1983 Ar.
786 1972 824 1976 —
848 1952 880 1993 2)
904 1953 952 1981 Sic
978 1953 1032 1981 Gu.
1054 1956 1079 1983 1.
1098 1955 1127 1983 2,
1170 1968 1212 1974 —-
1242 1954 1289 1988 18)
1311 1956 1383 1978 sunt
1407 1950 1509 1979 addidi
1532 1960 1547 1978 e
1571 1950 1626 1978 Gn.
1647 1953 1672 1982 1.
1699 1966 1735 1971 —
1762 1948 1808 1989 19)
1832 1955 1858 1977 et
1873 1959 1933 1979 om,
1953 1959 1998 1978 va.
2020 1949 2120 1978 Ar.—

173 2010 220 2028 va.
243 1998 291 2028 Ar.
322 2016 351 2020 -
383 2000 432 2025 ms
454 1998 533 2036 vulg.
557 2014 597 2018 —
624 1998 654 2034 3)
676 1996 845 2035 Anlipodes
867 1998 916 2024 Ar.
940 2011 980 2017 —
1004 2000 1032 2029 4)
1058 2006 1127 2022 con-
1169 1993 1219 2036 ⁴20)
1243 1994 1372 2032 denique
1392 2014 1399 2022 .
1415 2014 1441 2022 ..
1466 1994 1533 2031 suit
1562 1993 1598 2021 al.
1620 2003 1677 2021 om.
1699 2008 1742 2014 —
1773 1991 1819 2031 21)
1845 1993 1945 2020 vocate¹
1968 1991 2035 2020 add.
2061 1991 2119 2021 Gu-

174 2043 307 2070 trarium
330 2041 386 2069 Gu.
404 2043 431 2071 2.
460 2056 502 2061 ——
531 2043 557 2073 5)
582 2040 630 2067 Sic
656 2040 713 2069 Gu.
732 2043 757 2071 1.
785 2056 826 2061 —
850 2039 986 2076 vestigiis
1015 2039 1128 2065 nostris
1170 2040 1198 2068 2.
1216 2047 1260 2066 va.
1282 2038 1332 2065 Δι’.
1356 2052 1396 2057 ·-
1419 2036 1466 2072 22³)
1490 2035 1692 2073 sacmstcando
1717 2035 1774 2064 Gu.
1793 2037 1822 2065 2.
1845 2050 1886 2057 ·-
1907 2035 1955 2071 93)
1969 2035 2060 2071 facis
2083 2034 2120 2064 al,

174 2085 256 2122 vulg.
279 2099 320 2105 —
349 2087 378 2118 ὑ)
396 2084 460 2119 sert
488 2082 544 2110 Gn.
571 2084 596 2112 1.
629 2082 708 2110 unde
740 2082 797 2110 seci
819 2083 936 2119 fertur.
970 2096 1012 2102 —
1042 2080 1126 2117 Vulg.
1170 2090 1217 2108 va.
1234 2097 1268 2101 —-
1286 2080 1392 2117 facies
1410 2078 1458 2106 Ar.
1484 2089 1520 2107 ex
1544 2078 1643 2107 llorat.
1668 2078 1762 2116 Epist.
1781 2077 1802 2113 Ι,
1824 2079 1850 2112 l,
1868 2078 1916 2107 60.
1943 2076 2021 2105 unde
2046 2086 2121 2105 sen—

167 2128 290 2165 serunt.
315 2141 352 2148 --
384 2127 410 2159 7)
436 2125 549 2152 Graeca
574 2134 628 2152 om.
661 2135 708 2163 pr.
732 2126 920 2162 alwtojtieoc
941 2132 991 2151 va.
1019 2139 1061 2143 —
1096 2122 1126 2161 ὃ)
1170 2123 1262 2151 tentia
1287 2126 1330 2150 est
1359 2125 1487 2159 sumpta.
1517 2138 1558 2142 —
1585 2120 1631 2161 24)
1656 2131 1750 2159 quam
1773 2120 1897 2147 iustitia
1926 2119 1993 2147 add.
2018 2119 2072 2148 Gu.
2091 2120 2119 2149 2.

177 2175 314 2197 armatos
335 2177 382 2206 pr.
409 2186 442 2189 —
475 2171 502 2199 9)
527 2168 676 2193 extiterint
707 2167 755 2196 Ar.
786 2183 827 2188 —
859 2164 904 2205 10)
927 2166 1064 2192 interim-e
1089 2166 1126 2194 al,
1171 2181 1211 2187 —
1232 2168 1277 2202 25)
1301 2174 1370 2191 vera
1403 2164 1459 2193 Gu.
1483 2166 1508 2195 1.
1529 2166 1557 2194 2.
1582 2180 1620 2185 —
1645 2164 1788 2191 severitas
1810 2161 1845 2190 al.
1875 2177 1917 2183 —
1946 2165 1992 2195 ⁶26)
2015 2168 2041 2190 et
2064 2172 2120 2190 om.

177 2229 219 2234 —
249 2211 295 2248 11)
317 2211 366 2238 Sic
382 2210 439 2238 Gu.
466 2212 491 2240 1.
514 2211 543 2240 2.
567 2225 606 2230 —
638 2214 664 2236 et
687 2210 815 2236 militiae
836 2210 917 2246 vulg.
940 2223 981 2227 —-
1012 2207 1054 2245 12)
1079 2209 1128 2236 sic
1172 2208 1229 2235 Gu.
1252 2210 1278 2237 1.
1308 2222 1348 2227 —
1374 2206 1421 2242 27)
1446 2206 1492 2233 lm·
1515 2206 1552 2234 al.
1578 2224 1614 2228 ——
1646 2204 1835 2246 93)fast11m
1865 2205 1982 2242 regium
2011 2204 2068 2233 Gu.
2092 2206 2118 2233 1.

179 2255 235 2282 Gu.
256 2255 281 2284 1.
299 2256 328 2284 2.
350 2252 400 2282 Ar,
428 2251 596 2291 (habuere).
621 2269 658 2272 ——
684 2251 769 2289 Vulg.
790 2252 921 2278 habuere
936 2251 1128 2287 temporibus.
1171 2253 1199 2281 2.
1220 2250 1345 2278 sortasse
1368 2247 1425 2276 hoc
1449 2259 1551 2277 verum
1575 2253 1628 2278 est.
1655 2265 1689 2269 —
1718 2246 1763 2285 99)
1783 2247 1830 2274 Sic
1854 2247 1913 2276 Gu.
1930 2250 1955 2278 1.
1971 2250 1999 2279 2.
2016 2255 2118 2286 pnva.

178 2313 219 2318 —
244 2297 292 2332 13)
322 2296 370 2322 vel
394 2295 529 2323 Romani
560 2293 627 2322 add.
650 2293 687 2321 al.
716 2311 757 2314 -
789 2296 831 2329 14)
855 2300 1005 2320 terrarum
1035 2304 1129 2329 regna
1172 2293 1222 2322 Ar.
1237 2308 1279 2313 -—
1304 2291 1391 2328 Vulg.
1417 2302 1495 2331 ergo.
1523 2307 1567 2313 —
1594 2293 1640 2328 30)
1663 2300 1760 2318 annos
1782 2290 1920 2328 singulos
1943 2289 1998 2317 Gu.
2021 2292 2049 2320 2.
2073 2299 2118 2316 va.

179 2339 235 2367 Gu.
252 2340 280 2368 2.
302 2353 343 2359 —-
377 2336 421 2378 15)
446 2338 548 2364 celeris
577 2346 634 2364 om.
658 2345 702 2363 va.
726 2351 766 2356 —-
801 2334 847 2375 16)
868 2336 1005 2374 glorio-va
1029 2336 1084 2364 Gn.
1100 2340 1129 2368 2.
1171 2350 1212 2358 --
1233 2333 1278 2373 31)
1296 2334 1446 2371 elcgesvmt
1471 2335 1527 2363 Gu.
1547 2337 1572 2365 1.
1591 2336 1620 2364 2.
1641 2334 1677 2361 al.
1695 2343 1741 2372 pr.
1755 2342 1802 2362 va.
1821 2348 1859 2353 -—
1883 2333 1930 2370 32)
1949 2331 2119 2360 moderator

182 2380 248 2409 rod.
273 2385 398 2418 uterque
420 2380 514 2408 Tolet.
536 2395 577 2401 —-
608 2381 652 2413 17)
677 2378 726 2406 Sic
741 2378 796 2407 Gu.
816 2381 841 2409 1.
868 2395 901 2399 -—
924 2379 1023 2415 primo
1048 2379 1128 2416 vulg.
1173 2388 1217 2406 va.
1240 2393 1276 2398 --
1308 2376 1474 2405 moderatio
1499 2377 1536 2405 al.
1567 2393 1607 2398 —
1639 2376 1686 2413 33)
1715 2375 1762 2403 Sic
1795 2375 1842 2403 Ar.
1873 2384 1909 2402 ex
1938 2375 2057 2405 Hieron.
2089 2374 2118 2401 in
