2203 2829
205 101 254 135 28

900 99 1079 134 ISIDORI
1105 99 1287 135 HISPAL.
1314 101 1460 136 EPISC.

703 228 854 262 CAP.
908 228 982 261 XII.
1061 227 1134 262 De
1170 227 1646 276 praepositione¹.

366 311 593 357 Praepositio
627 313 736 355 dicta,
772 311 890 358 quod²
916 314 1100 347 nominibus
1135 321 1363 360 praeponatur
1397 321 1430 348 et
1464 316 1581 350 verbis.

204 364 467 409 praepositiones
494 376 513 396 a
540 366 684 406 casibus,
712 365 832 408 quibus
858 367 1021 406 serviunt,
1058 366 1176 399 dictae.

204 427 336 460 semper
363 415 562 458 cohaerent,
590 429 651 450 nec
684 417 812 460 aliquid
838 417 949 451 valent
976 417 1068 450 solae
1102 418 1250 462 positae,
1285 424 1320 452 ut
1347 418 1402 459 di,
1430 418 1499 459 dis,
1527 430 1581 459 re,
1616 430 1669 460 se,
1697 430 1768 459 am,
1797 416 1894 453 con⁴.

1648 312 1892 349 Accusativae³
1926 323 1959 349 et
1993 316 2156 350 ablativae

1231 367 1447 412 Loquelm‘es
1475 378 1574 408 vero,
1609 367 1686 410 quia
1714 367 1875 410 loquelis,
1909 368 1944 400 id
1972 373 2020 401 est
2047 368 2155 401 verbis

1949 418 2155 454 Coniunctae

204 478 284 501 vero
309 467 418 500 verbis
445 467 589 512 figuram
616 466 783 509 faciunt-¹³,
810 474 845 502 ut
871 469 1013 511 diduco,
1042 468 1200 502 distraho.

713 604 742 639 C
768 605 799 638 A
827 605 864 638 P.
917 605 1009 639 XIII.

367 687 566 722 Interiectio
601 695 720 723 vocata
730 688 742 708 ‘⁵
752 715 761 732 ,

1090 605 1161 638 Dc
1213 604 1633 638 interiectione.

819 690 896 734 quia
930 690 1136 723 sermonibus
1169 690 1358 731 interiecta,
1398 690 1433 722 id
1477 695 1523 723 est
1557 689 1750 734 interposita
1791 689 1951 723 affectum
1992 691 2152 725 commoti

204 739 302 771 animi
329 740 503 783 exprimit,
530 741 612 774 sicut
640 738 741 775 cum'
769 741 890 776 dicitur
920 743 962 775 ab
991 738 1179 774 exultanteS
1205 738 1310 781 «111⁹,
1346 753 1365 774 a
1393 741 1530 774 dolente
1542 739 1566 758 ¹⁰
1600 741 1668 774 heu
1683 738 1723 781 ¹¹,
1766 741 1809 774 ab
1837 741 1996 775 irascente
2023 742 2103 775 hem
2116 739 2151 784 ¹²,

204 802 223 822 a
249 790 383 823 timente
410 791 439 823 ei
454 788 486 825 ¹³.

204 841 353 875 feruntur
367 838 398 878 ¹⁵,

839 953 867 987 C
894 955 925 987 A
953 955 988 986 P.
1043 953 1132 986 XIV.

374 1035 449 1069 Vox
475 1044 522 1070 est
564 1050 620 1070 aer
652 1038 735 1072 ictus
749 1036 789 1080 ¹⁷,
834 1040 991 1073 sensibilis
1026 1036 1163 1072 auditu¹

717 1091 901 1125 Articulata
917 1097 964 1124 est
990 1091 1163 1124 hominum
1175 1089 1214 1126 ²⁰:
1238 1092 1375 1126 confusa
1391 1091 1592 1126 animalium.

204 1087 375 1120 articulata
388 1084 411 1104 ¹⁹
438 1094 493 1121 aut
517 1090 664 1123 confusa.

203 1143 329 1182 potest,
357 1140 512 1183 confusa,
539 1152 626 1184 quae
653 1142 751 1176 scribi
774 1153 840 1175 non
867 1149 986 1188 potest.

792 1278 821 1312 C
848 1279 877 1311 A
905 1279 942 1313 P.
995 1279 1068 1313 XV.

1167 1036 1179 1055 8

1187 1065 1196 1079 ⁹

540 793 637 833 Quae
662 805 760 827 voces
781 805 919 837 quarum
933 791 956 811 ¹⁴
983 794 1172 838 linguarum
1199 793 1358 838 propriae
1383 799 1474 834 sunt,
1502 803 1564 826 nec
1590 794 1622 826 in
1643 794 1739 826 aliam
1760 793 1910 838 linguam
1927 794 2026 828 facile
2045 800 2150 827 trans-

1210 954 1285 987 De
1338 950 1509 988 voc-effi.

1245 1046 1405 1084 quantum
1440 1040 1472 1072 in
1507 1039 1580 1084 ipso
1621 1044 1681 1074 est.
1752 1038 1871 1072 Omnis
1910 1051 1974 1072 vox
2008 1046 2065 1074 aut
2101 1046 2149 1074 est

1647 1090 1832 1125 Articulata
1847 1097 1912 1134 est,
1939 1103 2027 1135 quae
2049 1092 2148 1126 scribi

1150 1280 1222 1314 De
1273 1277 1550 1325 syllabam.

364 1355 395 1388 l.
452 1355 602 1400 Syllaba
631 1360 782 1402 Graece,
809 1363 926 1396 LatIne
953 1366 1131 1409 conceptio
1163 1367 1230 1399 sive
1260 1367 1453 1411 complexio
1481 1362 1645 1399 dicitur-²².
1698 1365 1784 1400 Nam
1811 1365 1939 1410 syllaba
1971 1365 2060 1400 dicta
2095 1371 2143 1399 est

200 1404 272 1441 α’πό
299 1406 366 1441 τοῦ
389 1407 655 1454 συλλαμβάνειν
679 1409 727 1446 τά
761 1412 961 1458 γράμματα
972 1412 1015 1457 ²³,
1050 1417 1086 1448 id
1114 1422 1160 1449 est
1187 1429 1206 1449 a
1234 1418 1455 1461 conceptione
1484 1418 1660 1450 literarum.
1713 1414 1992 1463 Συλλαμβοένειν
2020 1416 2106 1451 enim
2117 1414 2142 1434 ²⁴

199 1458 317 1491 dicitur
344 1459 533 1504 concipere.

284 1552 310 1589 1)
330 1550 377 1578 Sic
392 1553 427 1581 Z.
452 1551 508 1582 Gu.
531 1556 557 1584 1.
575 1555 605 1585 2.
622 1565 670 1593 pr.
686 1565 732 1585 va.
748 1572 790 1577 —
813 1556 848 1584 de
865 1559 1145 1596 praepositionibus

198 1592 279 1629 vulg.
305 1608 341 1614 —
367 1596 393 1627 2)
411 1605 441 1621 eo
461 1595 545 1633 qaod
559 1595 615 1624 Gu.
635 1600 663 1628 2,
685 1607 730 1628 va.
754 1615 796 1620 —
817 1602 849 1636 3)
871 1606 972 1628 autem
999 1606 1065 1640 post
1084 1603 1144 1630 Ac-

199 1645 259 1662 «πως.
283 1635 365 1663 omisi
383 1645 398 1664 e
420 1638 476 1664 Gu.
495 1641 518 1669 1.
545 1654 583 1659 —-
613 1640 643 1676 4)
661 1651 699 1670 re.
716 1652 754 1671 se.
767 1652 826 1670 am.
844 1653 906 1672 con.
928 1642 1030 1672 addidi
1050 1655 1064 1672 e
1088 1646 1144 1673 Gu.

200 1681 223 1707 1.
245 1693 285 1699 —
307 1676 472 1715 5)faciant
482 1680 625 1718 figuram
649 1683 704 1711 Gu.
721 1687 749 1715 2.
765 1694 812 1712 va.
839 1702 874 1707 —
899 1684 926 1723 6)
944 1692 985 1713 est
1011 1691 1079 1715 ante
1096 1698 1143 1715 ι’ω-

197 1726 267 1746 cata
292 1720 375 1748 omisi
395 1731 409 1749 e
432 1722 489 1751 Gu.
510 1726 535 1754 1.
558 1723 609 1752 Ar.
640 1742 679 1746 —
709 1728 740 1762 7)
756 1737 825 1754 cum
849 1738 908 1758 0111.
932 1729 965 1758 Z.
989 1744 1031 1751 —
1059 1728 1089 1769 8)
1104 1730 1143 1757 ab

197 1761 378 1790 exultatione
393 1764 428 1791 al.
453 1781 492 1787 —
515 1763 545 1806 9)
569 1767 617 1795 Sic
640 1767 670 1795 Z.
690 1768 746 1797 Gu.
766 1771 792 1799 1.
816 1769 868 1801 Ar,
891 1786 935 1792 —
957 1781 1018 1798 twa
1039 1772 1095 1799 Gn.
1111 1775 1141 1804 2.

196 1814 243 1833 va.
261 1821 299 1824 —
320 1807 366 1833 eia
388 1807 468 1845 vulg.
485 1824 528 1829 —
542 1819 584 1837 ua
606 1820 652 1848 pr.
675 1826 718 1832 —
743 1810 788 1851 10)
806 1813 854 1841 vel
869 1823 888 1840 a
906 1812 1022 1841 dolente
1043 1815 1074 1842 Z.
1103 1831 1138 1836 —

198 1849 239 1882 11)
254 1857 287 1873 eu
306 1847 358 1875 Gu.
376 1851 402 1880 2,
422 1860 468 1888 pr.
485 1860 531 1880 va.
558 1869 593 1873 —
621 1851 716 1891 12)l1e
732 1854 787 1882 Gu.
804 1858 832 1887 2.
850 1856 887 1884 al.
902 1872 944 1877 —
965 1856 1023 1884 heu
1041 1867 1139 1884 va.—

198 1887 243 1927 13)
259 1889 306 1917 Sic
327 1890 381 1919 Gu.
401 1894 426 1923 1.
441 1895 469 1924 2.
487 1909 529 1915 ——·
544 1894 593 1922 lzei
613 1895 696 1933 vulg.
713 1912 755 1918 —-
771 1897 807 1924 he
822 1908 867 1936 pr.
890 1915 932 1920 —
958 1898 1003 1936 14)
1020 1899 1068 1927 Sic
1082 1899 1138 1928 Gu.

199 1933 223 1959 1.
241 1946 281 1952 —-
305 1942 550 1974 quarumcunque
570 1937 648 1974 vulg.
671 1955 713 1960 —
754 1942 799 1976 15)
819 1941 889 1969 Post
912 1940 970 1970 hoc
992 1946 1084 1981 caput
1106 1942 1138 1970 in

194 1972 319 2020 gothicis
337 1981 379 2004 est
398 1978 477 2006 aliud
500 1978 536 2006 de
552 1980 648 2008 literis
665 1981 754 2019 apud
773 1986 1000 2021 grammaticos.
1048 1984 1141 2022 Quod

193 2021 254 2042 Sint
273 2018 454 2048 articulatae
473 2022 562 2051 vocis.
607 2024 647 2051 Et
666 2023 750 2052 dicta
770 2026 859 2053 litera
872 2047 880 2055 .
892 2049 898 2055 .
911 2051 918 2056 .
942 2028 1079 2063 iteretur,
1103 2032 1137 2056 ut

193 2067 282 2104 supra
305 2069 365 2098 cap-
381 2063 411 2092 3.
436 2063 490 2091 nisi
513 2065 592 2102 quod
611 2065 651 2094 ibi
673 2076 770 2096 sermo
793 2073 836 2097 est
854 2069 883 2096 in
907 2069 1016 2108 plurali
1037 2069 1075 2098 de
1095 2070 1133 2098 li-

194 2104 263 2128 teris
279 2106 307 2129 et
330 2102 438 2132 dicitur
456 2114 610 2143 praestent
633 2118 688 2147 pro
704 2111 887 2148 praebeant,
910 2117 959 2140 aut
978 2113 1132 2151 praebeat.

190 2157 231 2163 -—
256 2142 301 2183 16)
317 2144 375 2174 Csr.
393 2147 492 2176 Donat.
509 2149 531 2184 Ι,
551 2154 576 2187 1,
597 2154 622 2182 1.
645 2152 689 2190 (p.
708 2154 798 2185 1735.
815 2154 855 2191 P.)
881 2155 936 2183 Gu.
954 2157 980 2185 1.
1002 2154 1060 2183 hoc
1078 2165 1132 2183 ca-

189 2189 242 2231 put
261 2191 329 2224 post
352 2198 415 2227 cap.
432 2191 569 2222 XXXIII.
593 2193 722 2223 exhibet.
767 2196 921 2226 Consentit
946 2207 994 2228 va.
1016 2214 1059 2219 —
1082 2198 1129 2235 17)

188 2227 237 2274 Sic
259 2227 314 2259 Gu.
334 2233 362 2261 2.
381 2241 424 2269 pr.
446 2243 490 2261 va.
508 2235 558 2264 Ar.
591 2236 697 2266 Donat.
720 2242 775 2267 art.
797 2239 818 2275 I,
844 2242 870 2275 1,
900 2243 928 2270 1.
952 2240 1059 2276 (1735.
1085 2240 1128 2277 P-)

188 2268 238 2297 ubl
253 2271 353 2299 eadem
380 2273 525 2311 leguntur.
554 2295 588 2300 —
618 2280 683 2307 ictu
704 2280 760 2308 Gu.
779 2284 803 2312 1.
834 2297 867 2302 —
892 2281 936 2320 18)
955 2281 1080 2310 auditui
1097 2283 1127 2311 Z.

187 2325 224 2332 —
250 2311 295 2352 19)
308 2316 476 2346 articulata
495 2325 535 2347 est
554 2321 586 2350 Z.
611 2321 668 2350 Gu.
686 2325 716 2354 2.
737 2332 783 2361 pr.
806 2333 852 2353 va.
876 2340 918 2346 —
948 2322 996 2364 20)
1015 2324 1127 2353 Verba:

189 2360 240 2380 αιιι
259 2358 396 2394 confusa.
439 2362 619 2392 Articulata
641 2370 684 2392 est
707 2375 764 2393 om.
790 2366 838 2401 Ζ.,
862 2367 913 2405 qui
930 2366 986 2395 hoc
1010 2372 1125 2397 tantum

586 1461 687 1496 Unde
713 1474 791 1496 vera
818 1470 866 1498 est
891 1462 984 1497 i11a²⁵
1011 1467 1160 1510 syllaba,

1188 1478 1276 1510 quae
1302 1479 1342 1500 ex
1362 1468 1514 1511 pluribus
1540 1469 1684 1501 nascitur
1710 1469 1820 1501 literis.
1874 1470 1960 1502 Nam
1988 1480 2052 1503 una
2078 1479 2140 1501 vo-

1188 1557 1310 1588 exhibet
1326 1565 1359 1586 ut
1384 1559 1558 1594 hominunm
1584 1558 1692 1588 deinde
1712 1564 1766 1587 aut
1792 1560 1939 1596 confusa,
1963 1566 1997 1587 ut
2012 1562 2138 1588 anima-

1188 1602 1275 1631 lium.
1308 1618 1343 1622 —
1374 1604 1418 1639 ⁶21)
1447 1601 1506 1631 Cfr.
1530 1601 1662 1630 Diomed.
1692 1612 1722 1640 p.
1749 1602 1819 1633 422.
1849 1601 1962 1630 Charis.
1988 1613 2020 1641 p.
2044 1605 2073 1634 2.
2096 1618 2136 1624 —

1187 1644 1232 1682 22³)
1255 1644 1302 1672 Sic
1327 1644 1382 1674 Gu,
1402 1647 1427 1674 1.
1448 1654 1495 1682 pr.
1515 1644 1562 1673 Δι’.
1584 1661 1624 1665 -
1643 1645 1794 1682 conceptio
1818 1646 1880 1671 sire
1895 1647 2036 1673 connexio
2059 1644 2136 1673 dici-

1187 1692 1239 1714 ιιιι·
1253 1687 1283 1715 Ζ.
1308 1686 1364 1716 Gu.
1383 1689 1412 1717 2.
1457 1687 1515 1714 Pro
1536 1687 1698 1724 complexio
1714 1687 1744 1714 in
1766 1686 1830 1715 aliis
1850 1692 1893 1715 est
1913 1687 2135 1726 comprehensio

1186 1745 1227 1750 —
1250 1731 1401 1767 conceptio
1422 1728 1539 1756 dicitur
1561 1731 1624 1757 sive
1649 1729 1832 1767 complectio.
1853 1745 1894 1750 ——-
1919 1732 2068 1769 conceptio
2088 1730 2134 1759 la.

1185 1773 1247 1800 tine
1268 1773 1328 1800 sive
1350 1772 1490 1799 connexio
1510 1770 1626 1799 dicitur
1649 1782 1692 1801 va.
1720 1788 1759 1795 -—
1790 1771 1835 1810 23)
1853 1772 1901 1800 Sic
1915 1773 2021 1812 scripsi
2045 1783 2060 1802 e
2076 1783 2134 1802 ve-

1185 1814 1279 1852 stigiis
1296 1814 1402 1852 codd.,
1424 1815 1455 1843 in
1469 1824 1597 1852 quorum
1619 1815 1675 1844 Gu.
1693 1817 1719 1846 1.
1748 1818 1793 1842 est
1816 1821 1906 1853 apoto
1928 1815 2083 1853 lelabam'
2098 1821 2132 1844 ta

1180 1863 1399 1895 grammataon
1413 1873 1456 1880 —
1473 1867 1531 1895 apo
1548 1863 1584 1885 ιιι
1597 1857 1763 1885 sillabanin
1788 1862 1837 1885 ton
1856 1864 2053 1895 grammaton
2074 1858 2130 1887 Gn.

1183 1902 1214 1930 2.
1234 1916 1276 1922 —·
1299 1906 1388 1938 apoto
1409 1900 1620 1940 sillabanynta
1629 1905 1809 1938 grammata
1830 1900 1886 1930 Gu.
1901 1903 1930 1932 3.
1945 1918 1986 1923 —
2001 1898 2060 1932 α’πὸ
2076 1902 2131 1931 τοῦ

1183 1941 1404 1981 συλλαμβάνειν
1424 1940 1458 1972 τοὶ
1476 1939 1633 1981 γράμματα
1652 1943 1740 1971 Arev.
1752 1958 1794 1963 —
1816 1939 1876 1973 α’πὸ
1891 1945 1944 1973 τοῦ
1960 1941 2129 1982 συλλαμβᾶ·

1181 1996 1246 2014 vm»
1269 1985 1426 2025 γράμματα
1449 1985 1529 2023 vulg.
1555 2002 1592 2007 —
1617 1985 1689 2014 Cod.
1711 1985 1779 2013 Zitt.
1798 1995 1855 2014 om.
1878 1996 1926 2015 vv.
1957 1983 2030 2017 ιῖπό
2058 1988 2129 2016 τοῦ

1181 2025 1476 2067 συλλαμβάνειν
1501 2025 1723 2067 γράμματα,
1748 2026 1784 2055 id
1803 2034 1852 2055 est.
1868 2045 1909 2050 —
1924 2035 2019 2067 apota
2033 2029 2126 2056 ¹villa-

1177 2069 1270 2098 banin
1293 2075 1489 2109 grammaton
1516 2080 1560 2109 pr.
1586 2080 1632 2099 va.
1655 2086 1697 2092 —
1721 2081 1741 2098 a
1763 2075 1830 2099 ante
1855 2073 2043 2110 conceptione
2065 2080 2123 2099 om.

1176 2123 1222 2151 pr.
1242 2123 1289 2142 va.
1310 2129 1353 2135 —
1376 2111 1425 2152 24)
1448 2113 1525 2141 enim.
1546 2123 1603 2142 om.
1629 2113 1685 2141 Gu.
1700 2116 1730 2145 2.
1763 2129 1797 2134 —
1834 2112 1881 2153 25)
1901 2114 1950 2142 Sic
1969 2114 2023 2143 Gu.
2046 2117 2069 2144 1·
2091 2116 2122 2145 2.

1175 2165 1221 2184 va.
1245 2172 1286 2178 -—
1316 2166 1386 2184 vera
1409 2161 1452 2182 est
1476 2155 1597 2184 szllaha
1620 2156 1651 2183 Z.
1683 2172 1718 2177 —
1758 2166 1822 2184 vere
1848 2157 1907 2184 illa
1929 2161 1971 2184 est
2001 2155 2123 2194 -mllaba

1174 2198 1254 2236 vulg.
1280 2216 1314 2220 —-
1345 2196 1423 2226 unde
1438 2203 1464 2225 et
1490 2209 1555 2225 vere
1575 2208 1622 2236 pr.
1648 2215 1686 2219 —-
1716 2199 1764 2236 ί’6)
1780 2199 1828 2226 Sic
1848 2199 1901 2227 Gu.
1918 2200 1945 2230 1.
1963 2202 1991 2230 2.
2014 2209 2062 2227 va.
2081 2215 2119 2220 —

1172 2251 1268 2268 unam
1290 2241 1423 2268 vocalem
1440 2258 1476 2262 —
1494 2239 1627 2269 dicimus
1641 2241 1737 2278 vulg,
1759 2251 1886 2279 quacum
1904 2242 2120 2270 consentientes

1171 2283 1207 2311 al.
1229 2282 1370 2312 exhibent
1393 2282 1463 2310 dici.
1490 2300 1524 2304 —
1556 2286 1604 2319 27)
1624 2294 1679 2322 per
1696 2283 1848 2321 syllabam
1868 2283 1898 2311 Z.
1922 2299 1964 2305 —
1998 2286 2046 2319 28)
2069 2283 2119 2312 Sic

1171 2326 1226 2353 Gu.
1248 2329 1272 2357 1.
1288 2343 1327 2346 ——
1350 2325 1492 2363 Syllabae
1513 2331 1617 2353 autem
1639 2332 1694 2354 aut
1720 2326 1820 2354 breves
1838 2331 1909 2353 sunt
1934 2332 1988 2354 (ιιιι
2008 2327 2118 2363 longae

1169 2374 1224 2396 aaz
1241 2379 1411 2397 communes
1424 2374 1496 2396 sant
1508 2369 1539 2398 Z.
1551 2368 1606 2397 Gu.
1617 2372 1646 2400 2.
1658 2379 1704 2407 pr.
1714 2379 1759 2398 va.
1771 2371 1842 2406 (aut
1858 2366 1929 2406 om.)
1945 2369 1994 2397 Ar.
2018 2371 2050 2407 311
2059 2369 2116 2396 lla-
