2264 2830
778 102 1023 137 ORlGlNUM
1057 104 1201 139 LIBER
1228 107 1300 140 Xll.
1938 109 2013 143 379

233 200 293 235 51.
348 199 518 234 Candidus
545 203 655 231 autem
685 203 718 231 et
744 197 839 231 albus
866 197 1005 231 invicem
1030 199 1091 232 sibi
1120 200 1289 234 disserunt.
1343 201 1428 234 Nam
1463 199 1556 233 albus
1591 210 1666 234 cum
1701 200 1849 244 quodam
1883 203 2013 246 pallore

177 253 337 287 candidus
366 263 445 284 vero
473 247 553 283 est³³
580 250 691 282 niveus
718 255 750 282 ct
784 261 867 294 pura
896 250 971 282 luce
999 252 1162 294 perfusus.

170 305 280 339 canus
308 304 431 343 dictus,
460 303 538 346 quia
565 313 605 334 ex
632 301 776 335 candido
805 302 918 335 colore
947 307 979 334 et
1006 303 1102 347 nigro
1130 302 1222 337 estffl.

172 357 362 390 Scutulatus
391 360 525 387 vocatus
549 359 690 397 propter
716 354 830 393 orbes,
858 364 940 397 quos
964 354 1067 387 habet
1094 356 1255 388 candidos
1279 355 1362 387 inter
1389 364 1553 397 purpuras

234 407 295 442 52,
351 407 481 446 Varius,
509 405 601 448 quod
627 406 694 439 vias
723 405 846 438 habeat
873 406 1048 449 imparium
1073 408 1222 440 colorum
1236 404 1268 440 ⁴⁰.
1324 406 1390 447 Qui
1420 411 1529 438 autem
1556 404 1650 438 albos
1678 409 1802 438 tantum
1823 406 1928 450 pedes
1951 406 2013 440 lia-

70 462 166 499 bent,
193 455 322 504 petili⁴¹
351 458 581 502 appellantur:
610 458 666 501 qui
695 457 838 490 frontem
862 458 991 497 albam,
1021 455 1177 491 callidi⁴².

232 510 291 544 53.
346 510 504 542 Cervinus
531 514 597 550 est,
623 521 723 552 quem
751 509 856 553 vulgo
871 507 891 526 ⁸²¹
919 522 1100 553 gauranem
1128 510 1252 542 dicunt.

172 563 335 595 Aeranem
372 561 461 593 idem
489 561 609 605 vulgus
637 566 750 601 vocat,
785 561 877 604 quod
912 562 943 593 in
972 563 1109 595 modum
1137 561 1224 594 aerei
1251 559 1290 591 sit
1317 558 1448 591 coloris.

172 614 314 646 Mirteus
341 618 450 645 autem
479 618 526 645 est
553 624 682 656 pressus
710 613 741 644 in
768 624 926 657 purpura.

69 260 132 287 est:

1565 348 1598 385 ³⁰.

230 664 289 699 5⁴.
342 664 485 697 Dosinus
507 670 617 697 autem
644 665 770 705 dictus,
797 664 888 707 quod
915 665 954 696 sit
977 665 1070 698 color
1091 665 1159 697 eius
1171 660 1195 679 ⁴⁴
1224 662 1267 694 de
1294 661 1401 694 asino:
1429 660 1518 692 idem
1536 664 1568 692 et
1586 659 1742 692 cinereus.
1795 660 1879 693 Sunt
1903 666 2013 694 autem

68 717 104 749 hi
131 716 174 749 de
201 717 323 761 agresti
352 728 476 761 genere
504 717 583 756 orti,
613 728 696 759 quos
724 717 890 759 equiferos
913 716 1070 757 (licitum,
1092 721 1124 748 ct
1151 714 1293 759 proinde
1309 712 1352 745 ad
1381 712 1541 745 urbanam
1570 712 1766 756 dignitatem
1795 713 1930 747 transire
1947 725 2013 746 non

67 774 210 813 possunt.

231 817 290 851 55.
346 819 482 851 Mauro„-
509 820 605 864 niger
628 825 683 853 est.
735 820 878 864 Nigrum
906 818 992 851 enim
1020 818 1145 850 Graeci
1173 817 1316 862 μαῦρον
1344 819 1465 848 vocant
1479 810 1507 846 ¹⁵.

172 871 314 903 Mannus
342 882 422 902 vero
452 883 554 914 equus
582 871 711 904 brevior
738 876 803 913 est,
831 881 930 913 quem
958 870 1062 914 vulgo
1091 869 1243 902 buricum
1258 865 1282 885 ⁴⁰
1309 871 1438 900 vocant.

172 923 322 956 Vei-edos
348 923 473 965 antiqui
501 923 669 963 dixerunt,
696 922 790 965 quod
816 922 976 955 veherent
1003 921 1115 961 redas,
1143 920 1178 953 id
1197 925 1245 953 est
1273 919 1450 959 ducerent,
1481 917 1530 950 vel
1558 914 1650 958 quod
1675 915 1740 947 vias
1766 914 1918 959 publicas
1937 926 2013 950 cur-

69 980 157 1016 rant,
184 986 245 1018 per
272 986 353 1017 quas
381 980 413 1006 et
439 974 534 1007 redas
562 975 608 1006 ire
635 974 767 1006 solitum
795 980 874 1006 erat.

233 1025 293 1060 56.
346 1026 520 1068 Equorum
547 1026 608 1058 tria
632 1037 757 1070 genera
785 1031 875 1058 sunt:
929 1036 1029 1057 unum
1060 1034 1279 1069 generosum.
1334 1021 1467 1066 praeliis
1499 1024 1533 1052 et
1565 1017 1718 1051 oneribus
1745 1022 1878 1061 aptum:

68 1089 141 1110 rum
169 1077 307 1121 vulgare
335 1082 434 1120 atque
460 1077 653 1122 gregarium
681 1077 724 1109 ad
749 1077 956 1118 vehendum,
990 1087 1054 1109 non
1081 1076 1124 1108 ad
1153 1073 1368 1118 equitandum
1396 1078 1528 1117 aptum:
1569 1069 1700 1102 tertium
1728 1080 1767 1102 ex
1795 1069 2015 1113 permixtione

68 1129 188 1162 diversi
213 1129 344 1173 generis
367 1134 492 1168 ortum,
521 1129 613 1172 quod
642 1129 740 1161 etiam
752 1126 776 1146 ’Π
803 1129 923 1163 dicitur
950 1128 1147 1172 bigenerum
1160 1124 1202 1165 ⁴⁸,
1234 1126 1311 1169 quia
1339 1137 1379 1158 ex
1407 1123 1542 1156 diversis
1569 1122 1730 1161 nascitur,
1762 1126 1798 1153 ut
1824 1120 1941 1171 mulus.

231 1180 292 1214 57.
347 1177 494 1212 Mulusm
525 1192 545 1212 a
581 1180 716 1213 Graeco
751 1186 891 1213 tractum
927 1179 1129 1213 vocabulum
1163 1177 1277 1210 habet.
1348 1177 1482 1210 Graece
1515 1174 1602 1207 enim
1634 1172 1702 1205 hoc
1738 1168 1926 1213 vocatur³⁰‚
1961 1171 2013 1204 vel

67 1231 159 1274 quod
187 1232 267 1276 iugo
296 1232 457 1276 pistorum
484 1232 638 1264 subactus
665 1232 776 1264 tardas
811 1231 971 1263 molendo
1007 1231 1109 1262 ducat
1135 1229 1166 1261 in
1201 1240 1321 1272 gyrum
1349 1228 1464 1260 molas.
1530 1220 1680 1257 ludaei⁵¹
1715 1227 1878 1263 asserunt,
1919 1222 2013 1265 quod

69 1285 163 1315 Anna
191 1284 340 1327 abnepos
366 1283 455 1315 Esau
483 1294 643 1325 equarum
671 1294 794 1327 greges
822 1283 864 1314 ab
891 1282 987 1314 asinis
1014 1282 1047 1313 in
1074 1281 1206 1312 deserto
1233 1280 1304 1323 ipse
1320 1278 1437 1311 fecerit
1459 1276 1584 1321 primus
1611 1274 1763 1315 ascendi,
1791 1279 1826 1307 ut
1847 1274 2014 1308 mulorum

1097 1330 1254 1375 Onagros
1292 1341 1428 1372 quoque
1463 1327 1622 1359 admissos
1657 1337 1726 1358 esse
1761 1325 1805 1357 ad
1832 1325 1900 1359 hoc
1913 1322 1936 1342 ⁵²
1969 1325 2014 1358 ad

1930 1018 2014 1051 alte-

68 1335 145 1367 iude
172 1346 257 1366 nova
292 1340 405 1367 contra
440 1339 590 1365 naturam
624 1334 777 1365 animalia
811 1338 1030 1365 nascerentur.

69 1386 190 1418 asinas:
218 1391 250 1417 et
272 1386 380 1430 ipsum
409 1385 590 1417 istiusmodi
617 1385 778 1429 reperisse
805 1385 1038 1423 concubitum.
1067 1388 1101 1415 ut
1129 1394 1168 1415 ex
1196 1382 1248 1414 his
1274 1379 1472 1414 velocissimi
1499 1378 1579 1410 asini
1590 1374 1615 1394 ³³
1642 1382 1862 1410 nascerentur.

232 1436 291 1468 58.
345 1436 506 1469 Industria
533 1437 661 1480 quippe
688 1436 835 1469 humana
859 1436 1023 1468 diversum
1050 1434 1169 1467 animal
1196 1434 1228 1466 in
1254 1433 1380 1467 coitum
1392 1429 1416 1448 ⁵⁴
1444 1429 1702 1474 coegit,sicque
1718 1428 1902 1460 adulterina
1919 1438 2014 1480 coms

69 1487 224 1521 mixtione
252 1499 357 1531 genus
383 1488 474 1520 aliud
501 1488 641 1531 reperit,
689 1488 770 1520 sicut
799 1493 831 1519 et
858 1488 961 1521 Iacob
995 1492 1111 1520 contra
1144 1490 1294 1517 naturam
1327 1484 1480 1517 colorum
1515 1480 1742 1513 similitudines
1775 1475 2013 1523 procuravit&

73 1541 156 1572 Nam
171 1536 195 1555 ⁵⁰
221 1541 303 1571 tales
331 1540 438 1571 foetus
466 1551 543 1571 oves
572 1539 655 1571 illius
683 1539 932 1582 concipiebant,
961 1538 1076 1581 quales
1103 1537 1237 1569 umbras
1263 1536 1402 1568 arietum
1426 1533 1572 1576 desuper
1589 1530 1835 1565 ascendentium
1862 1530 1894 1562 in
1910 1541 2014 1573 aqua-

67 1602 141 1624 rum
169 1591 307 1636 speculo
333 1590 656 1635 contemplabantur.

232 1641 291 1673 59.
344 1642 496 1685 Denique
524 1647 556 1674 et
587 1641 655 1675 hoc
686 1642 795 1686 ipsum
822 1641 854 1674 in
889 1652 1050 1685 equarum
1086 1634 1283 1685 gregibus⁵⁷
1320 1637 1391 1670 fieri
1425 1636 1547 1674 fertur,
1589 1639 1624 1667 ut
1651 1643 1832 1677 generosos
1859 1632 2015 1666 obiiciant

68 1704 170 1736 equos
194 1693 315 1726 visibus
336 1694 611 1738 concipientium,
635 1705 702 1737 quo
729 1705 843 1727 eorum
871 1693 990 1725 similes
1017 1692 1195 1736 concipere
1223 1695 1256 1723 et
1282 1700 1395 1723 creare
1419 1687 1555 1732 possint.

68 1793 116 1825 36)
140 1793 189 1821 Sic
211 1793 267 1821 Gu.
290 1796 317 1824 1,
343 1810 379 1814 —
406 1793 590 1822 subalbidus
613 1794 695 1831 vulg.
723 1811 757 1815 -—
784 1792 831 1832 37)
853 1799 895 1820 est
918 1792 1020 1821 addidi

70 1844 85 1863 e
112 1835 169 1864 Gn.
194 1839 220 1866 1.
254 1853 288 1856 —
327 1838 374 1872 38)
399 1836 488 1865 caud.
518 1837 571 1864 eol.
602 1842 643 1864 e-st'
675 1842 701 1863 et
725 1838 812 1873 nigro
836 1846 883 1866 va,
908 1852 949 1857 ——
971 1838 1018 1871 39)

66 1887 236 1914 purpure-os
259 1879 304 1906 ed.
329 1877 418 1908 Goth.
443 1894 483 1899 —
505 1877 553 1918 40)
577 1879 625 1907 Sic
644 1880 699 1908 Gu.
717 1882 743 1908 1.
766 1896 797 1899 —
829 1879 915 1915 Vulg.
940 1878 1019 1905 colo-

70 1930 138 1946 rum
163 1920 233 1958 imp.
256 1928 303 1942 —v'
327 1920 371 1952 41)
394 1920 442 1948 Sic
465 1920 521 1948 Gu.
546 1924 571 1951 1.
597 1922 648 1950 Ar.
671 1938 713 1943 —
729 1922 821 1960 peleli
845 1922 900 1949 (ἆυ.
916 1924 942 1952 2.
969 1930 1017 1959 pr.

69 1971 131 1990 var.
148 1962 216 1991 lect.
237 1973 284 2001 ap.
304 1961 392 1992 Goth.
415 1979 450 1984 -—-
469 1963 567 2001 petala*
585 1964 622 1992 al.
650 1981 685 1985 —
717 1964 819 2002 petellt'
845 1964 881 1992 al.
904 1979 946 1984 -
968 1960 1018 2003 42)

71 2004 119 2032 sic
143 2005 193 2032 Ar.
217 2021 258 2025 —
283 2003 379 2032 calidi
400 2005 481 2042 vulg.
504 2021 543 2026 —
565 2006 692 2034 candidi
707 2007 744 2036 al.
766 2023 806 2028 —
830 2005 927 2034 calidi
945 2016 1019 2032 can-

69 2045 139 2074 didi
154 2057 200 2075 va.
246 2047 377 2075 Glossar.
400 2047 531 2075 Callidus
553 2049 783 2088 λευκομέτωπος.
807 2065 849 2070 -
875 2049 923 2086 43)
952 2048 1018 2076 rul-

67 2099 128 2128 guS
149 2090 185 2117 al.
214 2107 245 2110 —
272 2089 317 2127 44)
343 2091 408 2117 ‘'I-IIS
433 2099 491 2119 om.
516 2090 571 2118 Gu-
593 2093 620 2121 2.
642 2108 681 2113 —-
709 2093 753 2130 45)
777 2096 902 2119 vocatur
925 2101 1018 2130 pr,—

69 2130 203 2160 Mauros
217 2131 266 2159 Ar.
290 2149 327 2153 -
351 2131 503 2160 Imma-um
524 2133 604 2170 vulg.
624 2149 664 2155 —
685 2132 734 2174 46)
756 2135 804 2163 Sic
820 2134 870 2162 Ar.
888 2152 925 2156 —
945 2133 1016 2160 hru-

70 2175 187 2210 ηιῖίιιηι,
226 2175 272 2202 trel
293 2174 463 2202 brum'tium
484 2174 564 2211 vulg.
590 2191 623 2195 —
651 2175 815 2205 hrunnium
848 2177 904 2206 Gu.
929 2178 956 2206 1.
977 2192 1018 2196 -—

70 2216 230 2245 brunicam
254 2223 360 2245 vocant
380 2218 427 2245 ml
455 2217 625 2244 lut-anitium
647 2227 692 2256 pr.
713 2236 752 2240 —
781 2231 808 2258 q,
833 2219 916 2257 vulg.
939 2218 1016 2245 laru-

70 2260 183 2287 nicium
208 2265 314 2287 vorant
337 2269 381 2288 va.
399 2276 439 2281 —
460 2259 526 2289 Om.
550 2260 598 2287 vel
615 2259 701 2288 brun.
727 2262 783 2292 Gu.
804 2265 831 2293 1.
849 2265 879 2294 2.
900 2262 949 2290 Ar.
976 2277 1013 2281 —

73 2303 119 2330 uel
145 2313 203 2330 om.
233 2302 288 2331 Gn.
310 2305 338 2333 2.
362 2318 402 2323 --
438 2299 487 2342 47)
514 2307 539 2329 et
562 2312 607 2330 va.
633 2318 671 2323 —
702 2303 749 2340 48)
772 2304 820 2332 Sic
846 2305 901 2333 Gu.
926 2305 951 2333 1.
973 2318 1014 2324 —

73 2343 167 2381 higen.
190 2344 248 2372 dic.
272 2345 350 2383 vulg.
378 2362 413 2365 ——
443 2343 489 2382 40)
512 2350 614 2372 autem
635 2344 703 2373 add.
726 2346 824 2384 vulg.‚
847 2346 927 2386 quod
955 2356 1012 2374 om.

1610 1685 1695 1718 Nam
1724 1689 1755 1718 et
1783 1684 2014 1719 columbarum

1064 1792 1120 1819 Gu.
1142 1795 1167 1822 1.
1192 1808 1224 1812 —-
1252 1791 1301 1826 50)
1318 1789 1368 1818 Sic
1392 1789 1450 1817 Gu.
1470 1790 1495 1818 1.
1519 1803 1559 1808 --
1585 1786 1697 1814 Graece
1717 1786 1795 1812 enim
1821 1785 1878 1812 lzoc
1899 1785 1946 1813 rel
1960 1789 2014 1813 etc.

1063 1834 1120 1862 Gu.
1136 1837 1164 1864 2.
1181 1849 1219 1854 -
1241 1833 1353 1861 Graece
1370 1837 1412 1859 est
1430 1831 1505 1858 enim
1521 1829 1577 1856 hoc
1601 1828 1682 1855 relat
1705 1826 1791 1865 quod
1802 1828 1838 1855 al.
1854 1843 1894 1848 —
1917 1828 2014 1855 Grae-

1063 1887 1132 1903 cum
1154 1882 1197 1903 est
1219 1877 1298 1903 enim
1320 1875 1376 1902 lzoc
1401 1874 1447 1901 vel
1479 1871 1563 1910 quod
1589 1871 1626 1898 al.
1657 1889 1694 1892 —
1725 1870 1813 1897 habet
1835 1881 1866 1897 eo
1890 1871 2014 1900 scilicet,

1063 1917 1147 1958 quod
1164 1919 1249 1946 al.—
1275 1919 1324 1947 Ar.
1348 1927 1404 1945 om.
1431 1916 1542 1943 Graece
1565 1915 1649 1940 enim.
1683 1912 1722 1940 At
1744 1923 1840 1948 nemo,
1862 1917 1946 1951 puto,
1967 1913 2014 1940 in—

1062 1961 1179 1990 tellexit
1207 1970 1342 1997 sensum,
1389 1959 1446 1998 qui
1471 1961 1530 1986 est:
1574 1954 1761 1984 Vocabulum
1797 1956 1900 1983 mulas
1928 1955 2013 1983 vela

1062 2004 1177 2033 Graeco
1197 2007 1257 2039 est,
1287 2003 1334 2031 vel
1358 2002 1393 2030 ab
1422 2011 1455 2029 eo
1481 1998 1563 2038 quod
1590 2004 1646 2028 etc.
1692 1999 1829 2026 Ceterum
1857 1997 1951 2028 Grial.
1982 1997 2012 2025 in

1061 2057 1109 2076 vv.
1140 2045 1258 2075 Tardus
1287 2068 1294 2074 .
1332 2066 1338 2074 .
1377 2066 1384 2074 .
1416 2044 1514 2071 molas
1545 2042 1694 2071 senarium
1726 2045 1830 2079 poetae
1867 2040 2012 2079 reperisse

1062 2099 1092 2118 se
1123 2093 1227 2128 putat,
1272 2087 1355 2126 quod
1390 2086 1470 2115 haud
1502 2090 1545 2114 est
1581 2083 1766 2113 incredibile.
1804 2099 1845 2105 -
1897 2082 1944 2120 51)
1970 2082 2011 2110 Ex

1060 2131 1184 2162 Hieron.
1208 2132 1237 2159 in
1261 2131 1368 2159 Genes.
1394 2140 1418 2159 c.
1438 2130 1489 2159 36.
1520 2143 1561 2150 —
1591 2126 1637 2165 52)
1656 2127 1704 2155 Sic
1733 2126 1789 2154 Gu.
1813 2128 1839 2157 1·
1862 2141 1902 2147 —
1925 2124 2008 2152 adm·

1061 2185 1123 2202 esse
1145 2175 1180 2203 ob
1202 2175 1259 2202 lzoc
1282 2173 1361 2211 vulg.
1385 2189 1426 2194 —
1451 2171 1488 2199 ob
1510 2170 1567 2198 lzoc
1589 2169 1670 2198 adm.
1694 2179 1754 2197 esse
1775 2169 1833 2197 Gu.
1848 2170 1878 2198 2.
1902 2184 1941 2188 ——-
1964 2164 2009 2203 53)

1060 2217 1109 2245 Sic
1139 2217 1196 2248 Gu.
1224 2220 1248 2247 1.
1283 2232 1324 2237 —
1362 2215 1416 2243 vel.
1448 2225 1482 2242 ex
1513 2213 1564 2241 llis
1599 2223 1643 2242 as.
1683 2211 1763 2250 vulg.
1796 2227 1838 2233 —
1887 2208 1933 2246 54)
1961 2207 2008 2234 Sic

1061 2259 1118 2289 Gu.
1140 2263 1170 2292 2.
1190 2270 1236 2289 va.
1264 2259 1314 2290 Ar.
1347 2276 1384 2280 —
1416 2259 1448 2286 in
1475 2258 1557 2285 coita
1580 2255 1660 2293 vulg.
1689 2271 1731 2276 —
1765 2257 1809 2283 55)
1835 2250 2006 2290 procreavit

1058 2311 1103 2330 va.
1134 2318 1175 2324 —-
1211 2304 1258 2336 56)
1289 2300 1409 2330 Hieron.
1440 2301 1470 2329 in
1503 2300 1610 2328 Genes.
1641 2308 1664 2326 c.
1688 2299 1739 2329 30.
1774 2312 1804 2316 —
1844 2294 1890 2325 57)
1914 2301 2006 2329 greg!

1056 2344 1093 2373 al.
1116 2354 1162 2383 pr.

1463 2385 1566 2419 Bbb
1589 2387 1601 2399 ⁸
