2203 2829
168 73 244 109 186

856 68 1034 104 ISIDORI
1067 68 1248 103 HISPAL.
1282 69 1428 106 EPISC.

329 166 365 200 8.
419 165 567 208 Quidam
594 168 706 198 autem
732 162 828 197 Ruth
854 168 888 197 et
914 160 1087 207 Cinoth¹,
1114 164 1207 207 quod
1234 165 1352 198 Latine
1380 165 1502 198 dicitur
1527 163 1738 197 Lamentatio
1764 163 1935 204 Ieremiae,
1961 166 2117 212 agiogra-

166 216 269 266 phis²
305 213 506 259 adiiciunt¹³,
549 221 583 250 et
616 214 754 250 xxull.
784 215 954 248 volumina
994 216 1179 249 testamenti
1214 217 1331 250 veteris
1365 217 1507 257 faciunt,
1544 215 1633 249 iuxta
1665 216 1927 261 vigintiquatuor
1961 219 2116 261 seniores,

166 273 223 317 qui
250 276 327 305 ante
352 274 570 315 conspectum
596 264 681 302 Dei⁴
719 267 878 301 assistunt.

330 330 365 364 9.
418 326 590 371 Quartus⁵
616 328 709 372 apud
735 338 796 361 nos
823 327 909 361 ordo
930 326 1047 361 veteris
1071 327 1258 361 testamenti
1282 338 1399 360 eorum
1421 325 1601 368 librorum,
1629 326 1686 371 qui
1711 327 1745 360 in
1772 337 1900 360 canone
1921 326 2118 362 Hebraico⁶

166 395 233 418 non
267 388 350 416 sunt.

165 436 314 478 Quartus
343 432 468 466 Iudith.

166 492 239 521 rent
254 483 288 521 ¹¹.

328 543 387 577 10.

165 596 377 639 Matthaeus,
406 592 560 639 Marcus,
586 595 698 630 Lucas
725 602 757 630 et
779 595 929 629 loannes.

440 543 479 576 In
514 554 603 577 novo
638 550 750 578 autem
783 548 980 577 testamento
1009 543 1078 576 duo
1112 548 1185 576 sunt
1215 543 1357 576 ordines.

983 595 1158 629 Secundus
1195 595 1418 639 apostolicus,
1452 595 1485 627 in
1512 605 1579 638 quo
1603 590 1711 627 sunt¹³
1737 594 1860 627 Paulus
1886 595 1919 627 in
1954 600 2116 638 quatuor-

419 382 572 422 Quorum
612 380 740 424 primus
774 380 966 425 Sapientiae
1000 378 1085 412 liber
1121 383 1184 422 est,
1227 379 1390 412 secundus
1424 379 1676 413 Ecclesiasticus
1690 375 1710 412 ⁷.
1763 379 1899 412 Tertius
1930 375 2117 413 Thobias0.

523 431 666 473 Quintus
694 435 727 464 et
749 437 857 465 sextus
883 430 1195 472 Machabaeorum,
1230 442 1314 475 quos
1343 427 1443 464 licet⁹
1469 430 1619 464 Hebraei

340 484 495 518 Ecclesia
521 487 633 517 tamen
660 483 784 517 Christi
811 484 894 518 inter
922 483 1051 516 divinos
1079 483 1181 516 libros
1209 488 1242 515 et
1268 482 1414 516 honorat
1434 489 1467 516 et
1487 482 1671 527 praedicat.

1630 426 1654 447 ¹⁰
1680 430 1763 464 inter
1790 431 1992 476 apocrypha
2018 443 2118 478 sepa-

1412 544 1542 577 Primus
1573 541 1803 587 evangelicus,
1839 542 1871 575 in
1904 553 1973 586 quo
2006 548 2080 576 sunt
2093 539 2116 560 ¹²

164 649 274 683 decim
303 648 469 693 epistolis,
499 648 616 681 Petrus
642 648 675 681 in
702 647 850 691 duabus,
878 647 1019 681 loannes
1046 647 1079 680 in
1105 647 1220 688 tribus,
1248 647 1391 681 Iacobus
1419 652 1452 680 et
1478 647 1578 679 ludas
1605 646 1638 679 in
1665 646 1812 691 singulis,
1838 646 1943 679 Actus
1966 647 2116 691 Aposto-

164 701 286 743 lorum,
312 694 584 744 Apocalypsis¹⁴.

329 758 391 794 11.

162 812 245 852 bus,
272 811 306 843 in
334 811 507 856 allegoria.

443 760 582 793 Summa
610 764 719 792 autem
746 759 917 802 utriusque
943 758 1128 791 testamenti
1155 757 1281 790 trifarie
1309 757 1538 802 distinguitur,
1565 757 1601 790 id
1625 762 1673 790 est
1698 757 1732 790 in
1760 755 1914 798 historia,
1951 757 1985 789 in
2013 757 2116 790 mori-

561 811 687 844 Rursus
714 811 775 844 ista
801 810 862 843 tria
890 810 1068 843 multifarie
1096 810 1305 850 dividuntur,
1340 810 1374 841 id
1400 815 1448 842 est
1474 809 1555 853 quid
1584 806 1640 842 a¹⁵
1664 808 1756 848 Deo,
1798 807 1878 851 quid
1906 808 1949 841 ab
1977 809 2115 854 angelis,

163 864 217 896 vel
242 859 469 896 hominibusffl
491 867 625 908 gestum
653 863 849 906 dictumque
870 861 926 902 sit,
961 862 1041 905 quid
1069 874 1087 894 a
1113 861 1290 906 prophetis
1326 864 1584 906 pronunciatum
1596 858 1619 878 ¹²
1655 861 1697 893 de
1733 860 1868 894 Christo
1900 865 1933 892 et
1969 871 2115 905 corpore

164 914 249 955 eius,
278 914 360 958 quid
388 914 431 946 de
458 913 596 947 diabolo
625 920 657 947 et
683 914 839 947 membris
866 914 934 947 eius
948 909 971 930 ¹⁸

164 966 241 1001 culo
269 972 302 999 et
329 966 442 999 futuro
469 977 576 1011 regno
600 970 701 1010 atque
721 966 857 999 iudicio.

311 1067 340 1101 C
369 1069 398 1101 A
424 1068 462 1101 P.
515 1068 558 1101 ΙΙ.

330 1143 362 1177 l.
416 1144 545 1178 Veteris
571 1146 758 1178 testamenti
784 1144 964 1178 secundum
988 1143 1222 1176 Hebraeorum
1249 1141 1496 1176 traditionem¹⁹
1520 1143 1555 1176 hi
1582 1143 1802 1188 perhibentur
1828 1149 1988 1176 auctores.

981 938 990 955 ,
1018 913 1097 957 quid
1131 914 1174 946 de
1200 913 1302 946 veteri
1331 919 1363 946 et
1390 925 1477 946 novo
1505 912 1658 958 populo,
1687 913 1770 957 quid
1797 911 1842 945 de
1867 913 2033 957 praesenti
2062 924 2115 946 se-

636 1067 702 1102 De
741 1066 1050 1112 scriptoribus
1088 1071 1127 1099 et
1162 1065 1404 1100 vocabulis
1446 1070 1706 1100 sanctorum
1747 1065 1973 1099 librorum.

2043 1142 2115 1175 Pri-

164 1208 236 1229 mus
256 1196 395 1239 Moyses
423 1195 555 1229 divinae
581 1196 738 1229 historiae
765 1194 1063 1240 cosmographiam
1074 1192 1099 1212 ²⁰
1131 1195 1162 1227 iu
1190 1196 1336 1238 quinque
1369 1196 1591 1229 voluminibus
1627 1195 1749 1236 edidit,
1785 1196 1841 1239 qui
1877 1201 1909 1227 et
1937 1195 2116 1227 Pentateu-

163 1247 247 1282 chus
255 1244 279 1264 ²¹
307 1247 503 1280 nominatur.

329 1297 362 1331 2.
416 1293 696 1332 Pentateuchus²²
722 1301 832 1331 autem
867 1293 921 1329 :1²³
951 1296 1099 1340 quinque
1125 1296 1345 1330 voluminibus
1378 1297 1514 1335 dicitur,
1551 1298 1656 1333 πέντε
1683 1296 1769 1330 enim
1800 1296 1932 1330 Graece
1960 1295 2116 1340 quinque,

163 1350 286 1394 τεῦχος
312 1350 469 1382 volumen
498 1355 635 1383 vocatur
646 1346 681 1382 ²⁴.

327 1400 361 1434 3.
414 1401 554 1435 Genesis
580 1402 666 1435 liber
691 1399 768 1434 inde
795 1396 986 1440 vocatur-²⁵,
1019 1411 1060 1432 eo
1091 1399 1185 1443 quod
1220 1400 1396 1433 exordium
1420 1399 1537 1433 mundi
1570 1405 1602 1433 et
1628 1400 1860 1445 generationes
1886 1399 1988 1433 seculi
2015 1399 2047 1431 in
2075 1409 2116 1431 eo

163 1452 393 1486 contineantur
404 1448 439 1487 ²⁸.

327 1502 362 1536 4.
416 1502 554 1535 Exodus
576 1514 656 1536 vero
685 1503 808 1535 exitum
835 1513 875 1535 ex
887 1497 911 1517 ²⁷
938 1501 1116 1546 Aegypto,
1152 1501 1204 1534 vel
1236 1512 1405 1547 egressum
1432 1502 1554 1547 populi
1579 1499 1745 1536 Israelis²⁸
1771 1502 1911 1548 digerit,
1944 1506 1976 1534 et
2010 1511 2049 1534 ex
2078 1511 2117 1534 ea

165 1564 263 1589 causa
286 1565 409 1587 nomen
436 1555 575 1599 accepit.

329 1603 364 1639 5.
417 1605 588 1638 Leviticus
614 1601 859 1649 appellatur²⁹,
887 1615 928 1637 eo
955 1603 1048 1647 quod
1066 1603 1258 1637 Levitarum
1285 1602 1462 1637 ministeria
1484 1610 1517 1637 et
1550 1603 1773 1637 diversitatem
1800 1604 2008 1638 victimarum
2036 1614 2115 1637 exo-

165 1657 292 1700 quitur,
318 1661 475 1701 totusque
501 1657 534 1689 in
561 1667 602 1690 eo
629 1656 715 1689 ordo
741 1655 891 1690 leviticus
917 1660 1102 1688 annotatur.

158 1759 289 1796 faciunt
309 1758 348 1787 al.
370 1773 411 1780 —
435 1758 463 1795 1)
487 1757 536 1786 Sic
559 1757 611 1787 Ar.
634 1768 682 1797 pr.
704 1767 753 1787 va.
774 1773 816 1780 —
839 1756 945 1785 Sinotlz
969 1757 1024 1785 Gu.
1042 1759 1121 1787 2.—

166 1800 278 1830 Emotlz
302 1801 358 1828 Gn.
373 1803 398 1831 1.
419 1816 461 1821 ——
484 1801 610 1828 Jt'imotlz
626 1801 706 1838 vulg.
731 1816 774 1822 —-
796 1802 824 1836 2)
844 1800 888 1828 ad
911 1799 1122 1838 ugiogrrqzltus

168 1844 226 1872 Gu.
245 1845 275 1874 2.
294 1859 331 1863 -
354 1842 385 1880 3)
410 1842 549 1871 adiciunt
574 1844 629 1871 Gu.
651 1847 676 1874 1.
697 1845 725 1874 2.
742 1858 780 1865 --
806 1841 837 1883 4)
849 1843 896 1871 Sic
915 1844 970 1871 Gu.
989 1846 1014 1873 1.
1032 1842 1068 1871 al.
1082 1857 1118 1862 ——-

168 1886 295 1914 Domini
316 1885 397 1922 vulg.
420 1901 461 1906 —
491 1886 519 1925 5)
543 1892 585 1914 est
608 1886 676 1915 add.
699 1886 798 1924 vulg,
830 1886 911 1924 quod
935 1895 992 1914 om.
1017 1886 1074 1913 Cu.
1094 1885 1119 1914 1.

167 1931 196 1960 2.
220 1944 262 1950 —
286 1929 314 1964 6)
339 1928 548 1956 Hebraeorum
569 1929 606 1958 al.
630 1946 667 1951 --
699 1928 727 1966 7)
752 1929 987 1956 Eccle.n'‹1sticu.s-
1019 1927 1074 1954 Gu.
1094 1931 1119 1958 1.

168 1987 201 1993 --
230 1970 259 2010 8)
287 1970 358 1998 Toln'
381 1970 438 1999 Gu.
459 1973 485 2001 1.
507 1974 535 2002 2.
559 1982 604 2010 pr.
628 1987 665 1993 -—
690 1971 802 2000 Tobiae
824 1980 869 2000 va.
893 1987 935 1993 —
963 1973 991 2007 9)
1006 1970 1118 1997 scilicet

169 2014 226 2042 Gu.
244 2015 270 2044 1.
288 2013 325 2043 al.
345 2028 387 2034 —
418 2014 461 2049 10)
487 2013 595 2042 Iudaei
619 2014 674 2043 Gu.
691 2016 720 2044 2.
747 2031 787 2035 --
827 2013 871 2053 11)
894 2018 1037 2052 separant
1060 2013 1119 2041 Gu.

169 2059 197 2088 1.
220 2058 249 2087 2.
273 2056 309 2086 31,
332 2071 373 2077 —
396 2061 536 2093 reputant
559 2057 597 2086 31.
624 2073 665 2078 —-
702 2059 750 2093 12)
771 2062 841 2084 sunt
866 2067 923 2086 om.
951 2057 1005 2084 Gu.
1028 2058 1058 2086 2.
1077 2071 1120 2075 —-

169 2101 214 2132 13)
233 2105 307 2126 sunt
330 2108 386 2126 om.
412 2098 469 2127 Gu.
482 2101 510 2129 2.
534 2114 576 2119 —
599 2096 645 2138 14)
663 2098 748 2136 Vulg.
771 2105 797 2126 ct
811 2100 917 2138 Apocu,
942 2099 994 2127 sed
1017 2103 1043 2126 et
1063 2107 1119 2125 om.

170 2141 227 2169 Gu.
252 2144 297 2179 1.‚
326 2140 377 2179 qui
398 2140 603 2179 Apoculipsin
627 2141 748 2169 exhibet
770 2152 838 2170 cum
862 2143 919 2171 Gu.
945 2145 992 2177 2.,
1022 2145 1051 2169 et
1072 2139 1119 2167 Io-

171 2185 279 2221 annis,
303 2183 386 2222 quod
412 2183 491 2221 vulg.
515 2189 559 2212 est
580 2188 650 2222 post
674 2185 770 2221 Apoc.
792 2195 849 2214 om.
871 2201 913 2206 —
937 2182 984 2223 15)
1008 2194 1040 2210 ex
1063 2183 1120 2211 Gu.

171 2229 200 2258 2,
216 2242 257 2247 --
281 2226 387 2263 lfi)1*el
408 2226 446 2253 ab
465 2226 495 2254 lt.
521 2226 578 2255 Gu.
592 2229 620 2257 2.
637 2226 674 2255 al.
697 2242 737 2247 --
761 2226 840 2264 quid
862 2228 899 2254 ab
921 2227 1002 2254 hom.
1026 2226 1061 2255 31,
1082 2241 1117 2246 -—

173 2270 216 2305 17)
240 2269 287 2297 Sic
310 2268 416 2307 scripsi
439 2278 454 2297 e
479 2269 533 2297 Gu.
560 2272 603 2305 1.‚
630 2269 665 2296 in
689 2278 748 2306 quo
772 2274 816 2298 est
838 2274 1049 2307 nuncupatum
1073 2270 1121 2295 rel

167 2313 407 2349 pronunciatum
434 2327 475 2331 ——
500 2313 756 2349 praenuntiatum
780 2312 829 2341 Ar.
864 2330 902 2334 ——
938 2313 1119 2339 nunciatum

173 2355 254 2393 vulg.
277 2371 316 2376 —
346 2351 392 2393 13)
415 2355 514 2391 ipsum
537 2354 588 2383 Ar.
612 2371 653 2375 —-
677 2352 722 2394 19)
747 2353 927 2383 traditiones
949 2354 985 2382 al.
1010 2370 1046 2375 -—-
1070 2352 1118 2394 20)

1166 1756 1403 1793 cosmograficon
1427 1756 1485 1785 Gu.
1502 1758 1529 1786 2.
1555 1774 1590 1778 --
1617 1754 1665 1795 ⁶21)
1683 1755 1731 1783 Sic
1749 1756 1842 1787 Gu.1.
1868 1771 1905 1777 --
1927 1754 2015 1792 Vulg.
2034 1753 2118 1793 quod

1165 1799 1404 1826 I’cntateuclmm
1422 1809 1500 1825 nom.
1518 1816 1553 1820 —
1572 1796 1620 1837 99)
1637 1799 1684 1826 Sic
1700 1800 1755 1827 Gu.
1769 1801 1795 1828 1.
1812 1814 1852 1820 —·
1875 1799 2117 1825 Pentateuchum

1163 1843 1245 1879 vulg.
1269 1857 1311 1863 —
1333 1840 1378 1879 23)
1403 1843 1434 1869 in
1458 1842 1594 1879 quinque
1617 1842 1674 1869 Gn.
1698 1844 1723 1871 1.
1748 1859 1783 1862 —-
1809 1841 1857 1878 24)
1881 1839 1998 1868 dicitur
2020 1841 2115 1872 Gu.2.

1164 1900 1204 1905 —-
1228 1881 1276 1924 25)
1291 1884 1339 1912 Sic
1364 1883 1421 1912 Gu.
1440 1887 1467 1914 1.
1490 1900 1532 1905 —
1554 1884 1730 1922 appellatur
1751 1883 1830 1921 vulg.
1856 1901 1891 1904 —
1915 1882 1962 1923 26)
1985 1883 2034 1912 Sic
2055 1884 2114 1913 Gu.

1167 1929 1192 1958 1.
1217 1944 1255 1948 —-
1281 1926 1365 1964 Vulg.
1384 1928 1539 1964 generatio
1557 1949 1562 1954 .
1579 1948 1585 1955 .
1601 1948 1607 1953 .
1631 1928 1822 1954 contineatur
1840 1944 1876 1949 —
1897 1925 2114 1956 continetur-'³10

1165 1986 1201 1991 —
1221 1972 1266 2004 27)
1290 1969 1339 1997 Sic
1364 1969 1419 1997 Gu.
1447 1972 1473 2000 1.
1497 1985 1538 1990 —
1561 1969 1598 1997 ab
1622 1970 1696 2005 Aeg.
1719 1969 1799 2006 vulg.
1820 1984 1864 1991 -—·
1884 1968 1934 2008 28)
1949 1968 1998 1997 Sic
2012 1969 2068 1997 Gu.
2085 1970 2114 2000 1.

1161 2028 1203 2034 —
1225 2012 1327 2040 Israel
1346 2012 1426 2049 vulg.
1449 2027 1483 2032 —-
1508 2013 1554 2047 29)
1578 2013 1753 2050 appellatus
1776 2012 1832 2040 Gn.
1851 2013 1882 2041 2.
1903 2027 1944 2034 --
1965 2010 2015 2051 30)
2038 2021 2115 2038 enu-

1162 2060 1318 2082 merantur
1341 2054 1396 2082 Gu.
1422 2057 1449 2086 2.
1471 2069 1509 2076 —
1537 2056 1581 2091 31)
1602 2056 1790 2083 continemur
1813 2055 1869 2082 Gu.
1896 2057 1922 2085 1.
1940 2070 1978 2075 —
2004 2053 2113 2092 quadr.

1163 2096 1242 2125 duas
1271 2098 1441 2124 mansiones
1472 2098 1505 2124 in
1527 2107 1557 2124 eo
1587 2097 1756 2136 (Inscripta-s·
1785 2097 1915 2125 continet
1937 2096 1974 2124 31.
1997 2112 2041 2119 -
2067 2095 2114 2136 32)

1163 2141 1369 2177 interpretatio
1392 2140 1568 2177 appellatur
1591 2140 1647 2170 Gu.
1672 2143 1697 2170 1.
1716 2140 1746 2169 h.
1762 2150 1785 2168 e.
1811 2139 1866 2167 nisi
1890 2139 1994 2175 fallor,
2019 2141 2114 2167 inter-

1158 2188 1302 2221 pretatur
1325 2182 1370 2209 νε]
1389 2182 1581 2220 appellatur,
1604 2182 1720 2211 duabus
1748 2180 1944 2215 lectionibus,
1965 2186 2000 2210 ut
2014 2191 2112 2220 saepe,

1163 2224 1339 2254 coniunctis.
1363 2241 1400 2246 ——
1425 2226 1470 2261 36)
1494 2227 1648 2263 reparatio
1671 2225 1708 2254 al.
1724 2241 1766 2247 —
1787 2230 1812 2252 et
1836 2228 1903 2253 ante
1926 2234 2031 2262 evang.
2054 2234 2112 2253 om.

1162 2278 1206 2306 pr.
1230 2282 1272 2289 -—
1293 2265 1341 2307 34)
1362 2268 1417 2305 qui
1440 2268 1496 2297 Gn.
1522 2272 1548 2298 1.
1571 2284 1605 2289 -—-
1631 2270 1677 2303 35)
1693 2269 1824 2306 propria
1848 2267 1885 2295 31.
1911 2285 1949 2289 —
1973 2268 2022 2305 36)
2038 2266 2113 2295 lelzu

1163 2312 1219 2338 Gu.
1241 2313 1266 2341 1.
1284 2325 1327 2330 —-
1350 2310 1388 2337 ab
1412 2310 1476 2338 Iesu
1502 2311 1558 2338 Gu.
1581 2313 1611 2342 2.
1638 2327 1672 2331 —
1708 2313 1752 2348 37)
1776 2316 1803 2338 et
1827 2311 1918 2338 cuius
1941 2309 1998 2339 Gu.
2022 2311 2051 2341 2.
2069 2325 2113 2331 —-

1161 2355 1205 2387 33)
1230 2352 1278 2380 Sic
1302 2352 1359 2381 Gu.
1382 2357 1407 2384 1.
1432 2353 1468 2381 al.
1483 2369 1524 2375 —
1548 2358 1721 2381 asseverant
1742 2353 1822 2391 vulg.
1848 2369 1886 2374 —
1916 2349 1963 2392 39)
1983 2352 2032 2380 Sic
2055 2352 2111 2380 Gu.
