2203 2829
182 126 231 160 48

713 233 741 267 C
768 233 800 266 A
825 234 862 267 P.
915 234 1053 269 XXXII.

874 121 1050 156 lSlDORI
1076 122 1257 158 HISPAL.
1283 122 1428 158 EPISC.

1128 234 1202 268 De
1252 235 1587 269 soloecismo.

350 312 381 346 l.
438 309 668 345 Soloecismns
694 315 727 343 et
753 311 973 354 plurimorum
1000 311 1177 344 verborum
1205 311 1289 345 inter
1316 323 1351 345 se
1377 306 1628 345 inconveniens¹
1673 310 1890 354 compositio,
1933 312 2018 345 sicut
2045 311 2126 344 bar-

189 366 350 399 barismus
375 363 468 395 unius
495 363 588 395 verbi
615 362 794 407 corruptio.

848 363 960 395 Verba
987 363 1073 395 enim
1101 374 1167 395 non
1193 369 1284 397 recta
1312 363 1391 408 lege
1415 363 1590 396 coniuncta
1618 361 1834 395 soloecismus
1849 368 1913 404 est,
1941 369 1976 395 ut
2002 363 2026 395 si
2054 364 2127 406 quis

188 417 278 451 dicat
303 417 393 449 inter
417 414 514 447 nobis
540 425 602 458 pro
631 414 715 446 inter
744 425 823 455 nos,
851 419 907 447 aut
933 412 1042 447 dute²
1068 415 1206 447 veniam
1238 415 1491 448 sceleratorum
1518 425 1581 458 pro
1609 413 1785 447 sceleratis.

350 466 382 499 2.
436 466 551 498 Dictus
577 470 688 499 autem
719 465 932 499 soloecismus
959 478 976 498 a
1007 463 1171 508 civibus³,
1208 467 1265 510 qui
1292 477 1331 498 ex
1358 467 1438 499 urbe
1465 462 1612 506 Soloe⁴,
1646 476 1731 508 quae
1758 476 1845 498 nunc
1874 465 2127 509 Pompeiopolis

188 519 393 564 appellatur,
421 517 582 561 profecti,
614 528 689 550 cum
716 517 807 561 apud
831 514 938 549 alios⁵¹
965 522 1226 558 commorantes,
1262 529 1354 550 suam
1383 522 1416 550 et
1447 517 1582 550 illorum
1609 517 1757 561 linguam
1791 517 1909 549 vitiose
1937 517 2129 550 inconveni-

187 567 366 613 enterque⁶
393 569 651 611 confunderent,
678 569 876 602 soloecismo
904 580 1025 602 nomen
1052 569 1226 603 dederunt.

187 633 263 656 cere
290 621 455 654 dicuntur.

1280 569 1381 602 Unde
1408 574 1440 602 et
1466 569 1615 602 similiter
1640 569 1814 611 loquentes
1841 568 2056 602 soloecismos
2076 568 2128 600 fa-

351 671 384 703 3.
437 671 662 705 Soloecismus
688 677 798 704 autem
825 671 917 716 apud
945 676 1063 716 poetas
1097 671 1233 706 schema
1257 671 1392 713 (licitur,
1436 671 1587 714 quotiens
1619 671 1652 703 in
1685 682 1780 704 versu
1813 672 2004 704 necessitate
2034 672 2131 703 metri

188 726 294 758 factus
322 723 493 756 invenitur.

546 722 633 755 Cum
660 728 769 756 autem
796 735 863 755 non
889 723 1051 755 invenitur
1077 724 1269 764 necessitas,
1298 729 1471 767 permanet
1497 723 1685 757 soloecismi
1712 719 1845 766 culpa⁷.

353 774 388 806 ·I.
439 774 664 808 Soloecismus
691 775 729 807 fit
755 775 886 808 (luobus
914 775 1039 817 modis,
1081 780 1137 808 aut
1163 786 1225 819 per
1258 780 1370 819 partes
1407 775 1579 815 orationis,
1619 779 1675 807 aut
1710 785 1772 818 per
1799 770 2015 807 accidentiae.

2066 773 2132 806 Per

188 831 299 871 partes
325 822 518 866 orationis⁰,
567 825 592 858 si
619 826 757 858 alteram
773 823 795 842 ¹⁰
828 838 890 871 pro
918 827 1022 859 altera
1058 838 1239 871 ponamus,
1288 831 1404 871 utputa
1432 827 1458 858 si
1491 826 1754 871 praepositiones
1782 825 1944 858 adverbiis
1978 824 2133 869 applica-

189 890 261 911 mus
272 874 305 910 ¹¹.

187 941 314 974 genera
326 924 348 945 ¹⁴

188 980 348 1026 exposuit.

356 954 365 971 ,
397 940 551 962 numeros
565 925 604 971 ¹⁵,
636 929 761 974 figuras
792 935 824 962 et
835 926 858 946 ’ὃ
886 940 986 964 casus.

352 1028 386 1063 5.
439 1031 539 1064 Fiunt
574 1035 749 1075 praeterea
776 1043 816 1064 ex
827 1028 851 1048 ¹⁸
877 1032 1027 1076 plurimis
1054 1031 1171 1065 modis.

359 878 423 910 Per
451 877 634 910 accidentia
661 878 713 918 fit,
743 877 777 910 id
807 884 854 910 est
868 875 891 895 ¹²
917 889 978 922 per
1005 890 1060 919 ea,
1089 890 1174 921 quae
1201 878 1356 912 accidunt
1382 878 1530 922 partibus
1546 875 1587 917 ¹³,
1614 883 1732 921 utputa
1759 889 1821 921 per
1852 877 2044 920 qualitates,
2072 887 2133 919 per

1040 931 1106 963 Per
1133 931 1194 962 ista
1225 930 1327 975 igitur
1347 931 1458 962 onmia

1470 926 1492 946 Π
1526 929 1609 962 fiunt
1629 929 1835 970 soloecismi,
1875 929 1956 962 sicut
1984 928 2134 961 Donatus

1231 1033 1319 1065 Nam
1352 1032 1502 1066 Lucilius
1539 1036 1671 1065 centum
1707 1043 1833 1076 genera
1859 1030 2134 1064 soloecismorum

190 1084 289 1125 dixit,
316 1094 400 1126 quos
427 1093 542 1116 omnes
569 1084 671 1116 vitare
691 1084 818 1128 potius,
846 1095 947 1127 quam
977 1084 1069 1127 sequi
1099 1083 1218 1124 debet,
1246 1085 1302 1127 qui
1330 1084 1483 1129 regulam
1510 1088 1601 1117 recte
1628 1083 1789 1127 loquendi
1817 1088 1930 1116 tenere
1957 1081 2066 1115 studet
2077 1077 2108 1113 ¹⁹.

762 1176 790 1209 C
818 1178 846 1210 A
874 1176 911 1209 Ρ.
966 1177 1120 1209 XXXIII.

354 1242 387 1278 1.
441 1243 529 1276 Vitia
556 1243 647 1288 apud
675 1243 921 1277 Grammaticos
947 1244 1005 1276 illa
1031 1244 1203 1286 dicuntur,
1231 1257 1318 1288 quae
1340 1247 1373 1278 in
1400 1246 1535 1288 eloquio
1564 1255 1682 1279 cavere
1699 1245 1869 1278 debemus.

1199 1176 1283 1210 De
1334 1178 1561 1211 vitiis.

1923 1244 2007 1277 Sunt
2025 1248 2136 1276 autem

191 1296 293 1329 haec:
318 1294 559 1333 barbarismus,
586 1294 817 1336 soloecismus,
845 1295 1052 1339 acyrologia,
1081 1294 1380 1339 cacemphaton'ffl,
1407 1302 1440 1329 et
1467 1297 1602 1339 reliqua.

357 1344 391 1378 2.
445 1345 701 1379 Barbarismus
728 1351 775 1378 est
804 1346 975 1390 corruptio
1003 1346 1096 1379 unius
1125 1347 1217 1379 verbi
1228 1344 1270 1388 ²¹,
1313 1352 1349 1379 ut
1375 1347 1400 1379 si
1427 1348 1556 1380 tertiam
1590 1347 1753 1390 syllabam
1781 1348 1853 1390 quis
1879 1346 2046 1391 producat
2071 1340 2139 1377 ἰη22

192 1399 386 1442 ignoscere.

359 1446 393 1479 3.
447 1445 680 1480 Soloccismus
712 1447 911 1491 compositio
948 1448 1063 1480 vitiosa
1096 1448 1300 1489 verborum,
1334 1454 1370 1482 ut
1405 1450 1431 1481 si
1459 1449 1575 1492 aliquis
1609 1450 1699 1481 inter
1728 1448 1919 1482 hominibus
1953 1447 2043 1482 dicat
2076 1457 2139 1491 pro

194 1500 279 1531 inter
304 1497 455 1530 homines
467 1493 500 1530 ²³.

284 1589 312 1629 l)
336 1591 385 1618 Sic
405 1588 482 1626 vulg.
496 1593 525 1617 et
541 1599 586 1628 pr.
603 1605 644 1611 —·
665 1592 840 1618 conveniens
863 1600 962 1619 omnes
983 1590 1069 1621 codd.
1087 1591 1148 1620 Csr.

199 1633 353 1671 Augustin.
379 1631 415 1660 de
437 1632 539 1660 Doctr.
563 1631 673 1660 Christi
697 1632 734 1662 11.
759 1643 783 1661 c.
809 1636 857 1664 13.
884 1633 1016 1663 Diomed.
1042 1644 1070 1671 p.
1088 1633 1149 1665 448

199 1678 230 1706 P.
257 1692 292 1697 ——
321 1678 349 1711 2)
376 1674 423 1702 sic
447 1674 504 1702 Gu.
533 1677 559 1704 1.
583 1676 611 1704 2.
630 1676 681 1703 Ar.
706 1685 750 1714 pr.
774 1685 819 1704 va.
843 1692 883 1698 —
907 1675 980 1703 darc
1003 1676 1085 1713 vulg.
1108 1691 1151 1697 —

199 1722 227 1756 3)
251 1718 330 1754 vulg.
354 1716 500 1745 &vilibus
522 1716 609 1753 add„
632 1717 684 1745 sed
708 1728 764 1747 om.
791 1718 846 1748 Gu.
868 1721 894 1749 1.
918 1728 963 1746 va.
989 1737 1025 1740 —
1052 1719 1108 1747 Gu.
1123 1720 1151 1748 2.

202 1760 324 1790 exhibet
350 1770 370 1787 α
386 1759 537 1787 civilibus.
559 1775 601 1780 —-
623 1771 642 1787 α
666 1760 804 1788 cilicibus
829 1762 876 1791 Ar.
901 1761 950 1795 al.,
974 1761 1082 1789 omisso
1106 1762 1151 1788 ci-

201 1804 306 1839 vibus,
330 1818 373 1823 —
400 1812 420 1829 α
449 1802 566 1829 civibus
597 1803 737 1830 civilibus
765 1813 809 1842 pr.
834 1819 874 1825 --
897 1803 928 1841 4)
949 1804 1013 1830 solo
1038 1805 1095 1832 Gu.
1121 1805 1149 1833 2.

202 1857 248 1886 pr,
275 1862 311 1867 —
335 1845 423 1872 solon
446 1854 491 1872 Va.
514 1858 556 1866 —·
585 1847 612 1882 5)
636 1845 683 1873 SIC
708 1846 762 1874 Gu.
786 1848 812 1877 1.
828 1849 858 1877 2.
881 1862 923 1867 —
950 1846 1046 1874 Italos
1068 1846 1148 1883 vulg.

203 1904 245 1910 —
267 1889 295 1924 6)
318 1888 617 1925 inconSeqlienterque
641 1888 697 1916 Gu.
722 1891 750 1919 2.
775 1888 823 1917 Ar.
846 1905 888 1910 —-
909 1888 941 1926 7)
964 1889 1074 1927 copula
1093 1890 1149 1916 (ἆυ.

206 1934 234 1962 1.
251 1947 287 1952 —
313 1929 342 1965 8)
360 1940 414 1967 per
436 1929 606 1957 accidentia
622 1932 761 1968 partilem
786 1931 943 1959 orationis.
967 1931 1063 1968 vulg.,
1098 1930 1150 1959 sed

204 1983 255 2002 vv.
272 1974 412 2011 partium
437 1973 586 2000 orationis
610 1983 665 2001 om.
697 1974 752 2002 Gu.
776 1977 802 2005 1.
824 1977 852 2004 2.
881 1974 947 2011 (qui
977 1973 1065 2002 simul
1094 1984 1150 2002 om.

200 2027 257 2055 per
272 2021 378 2053 parles
401 2016 562 2047 orationi-x)
587 2015 633 2043 Ar.
663 2031 703 2037 —
747 2016 777 2054 9)
802 2027 857 2054 per
874 2022 980 2054 parles
1004 2017 1154 2043 orationis

198 2060 241 2097 fit
264 2058 356 2095 vulg„
379 2056 430 2085 sed
445 2059 486 2095 Jit.
511 2067 565 2085 om.
592 2058 691 2089 Gu.1.
715 2058 753 2087 al.
776 2069 823 2097 pr.
848 2069 946 2088 va.—
971 2057 1153 2098 1o)pa1·i.m

207 2100 275 2130 add.
297 2100 347 2128 Ar.
372 2110 417 2129 va.
448 2116 487 2122 —-
520 2101 566 2136 11)
584 2100 632 2128 Sic
657 2102 712 2130 Gu.
739 2104 765 2131 1.
788 2117 830 2122 —
860 2102 1050 2139 applicamus·
1072 2102 1153 2138 vulg.

208 2159 249 2164 —
273 2142 319 2180 19)
343 2140 416 2170 dum
438 2153 493 2181 pro
515 2141 550 2169 id
571 2149 611 2170 eal
636 2144 691 2172 Gu.
714 2146 743 2175 2.
766 2160 808 2165 —
833 2143 875 2181 13)
904 2145 981 2181 vulg.
1007 2145 1155 2171 orationis·

210 2184 287 2222 add„
311 2185 391 2223 quod
415 2195 472 2213 om.
497 2185 551 2212 Gu.
572 2189 597 2216 1.
614 2188 641 2216 2.
662 2186 711 2216 Ar.
738 2203 774 2207 —
800 2184 844 2224 14)
863 2197 918 2224 per
941 2186 1044 2214 addidi
1067 2197 1082 2215 e
1099 2187 1154 2214 Gu.

213 2230 239 2258 1.
263 2244 301 2249 —-
326 2227 372 2265 15)
399 2233 425 2254 et
456 2238 595 2256 numeros
626 2228 682 2257 Gu.
704 2231 732 2259 2.
764 2247 800 2250 —
833 2228 875 2267 15)
904 2230 952 2257 Sic
976 2230 1032 2256 Gu.
1057 2232 1082 2260 1.
1106 2239 1154 2257 va.

211 2270 262 2299 Ar.
284 2287 325 2292 —
339 2271 501 2308 figuram,
532 2272 613 2297 casis
636 2270 714 2309 vulg.
743 2287 785 2292 -—
805 2271 915 2308 figura
939 2277 963 2298 ct
986 2282 1075 2299 casus
1099 2272 1154 2301 Gu.

213 2315 242 2344 2.
260 2329 299 2334 —-
314 2313 425 2350 figura
447 2323 538 2340 casus
560 2323 605 2351 pr.
627 2329 668 2335 —
698 2311 744 2352 17)
768 2315 870 2340 omnia
894 2324 951 2343 om.
982 2314 1037 2341 Gu.
1065 2317 1093 2345 2.
1122 2332 1151 2335 -—

216 2353 259 2392 18)
283 2355 331 2383 Sic
346 2356 401 2385 Gu.
421 2357 448 2386 1.
470 2370 511 2376 —·
533 2361 558 2383 et
584 2355 665 2392 vulg.
689 2371 730 2376 —-
755 2354 800 2395 19)
823 2356 871 2384 Sic
894 2357 1033 2388 Gu.1.2.
1057 2357 1157 2386 Ar.—

217 2396 316 2425 studet
344 2403 438 2425 tenere
465 2397 547 2435 vulg.
578 2413 619 2419 -
651 2396 754 2426 debent
778 2414 817 2420 —-
840 2398 960 2426 student
984 2399 1022 2428 al.
1050 2415 1084 2419 —
1110 2398 1156 2436 ΞΟ)

1192 1591 1376 1629 cacephaton
1394 1591 1445 1621 Ar.
1468 1590 1518 1619 hic
1541 1596 1570 1620 et
1592 1591 1686 1626 insrn,
1711 1592 1747 1620 al.
1772 1591 1839 1619 add.
1858 1592 2059 1629 pleonasmos,
2083 1590 2141 1619 (Isr.

1193 1633 1229 1662 de
1252 1633 1299 1661 his
1330 1633 1432 1672 figuris
1457 1634 1559 1662 Donat.
1591 1634 1609 1662 l.
1638 1634 1690 1662 Ill.
1722 1645 1746 1662 c-
1777 1636 1805 1664 2.
1829 1644 1857 1672 p.
1885 1636 1964 1666 1763
1988 1634 2017 1661 P.
2049 1632 2141 1672 (unde

1194 1676 1310 1706 Areval.
1346 1676 1475 1714 plurima
1508 1676 1671 1705 Isidoriana
1708 1676 1863 1709 correxit.)
1897 1682 1926 1704 et
1962 1676 2073 1705 Charis.
2113 1686 2142 1714 p.
2177 1671 2179 1674 ⁴

1193 1719 1265 1750 242.
1288 1735 1325 1740 -—·
1356 1721 1404 1756 21)
1425 1719 1474 1747 Sic
1495 1720 1551 1747 Gu.
1576 1722 1602 1750 1.
1626 1719 1707 1746 verbi*
1737 1720 1831 1745 unia-5
1862 1719 1940 1756 vulg.
1963 1736 2005 1740 -
2036 1719 2083 1756 22)
2108 1724 2142 1745 ιιι

1195 1763 1223 1788 si
1243 1778 1283 1783 —
1307 1762 1458 1799 ignoscere
1482 1772 1539 1790 om.
1564 1762 1619 1790 Gu.
1642 1765 1670 1793 2.
1701 1761 1738 1789 al.
1763 1762 1794 1789 in
1816 1766 1884 1788 ante
1909 1763 2060 1797 ignoscere
2082 1770 2140 1789 om.

1193 1805 1250 1833 Gu.
1279 1806 1307 1835 1.
1332 1821 1371 1825 -—-
1400 1803 1446 1843 23)
1470 1810 1504 1831 ut
1521 1806 1549 1832 si
1570 1820 1612 1825 —-
1634 1806 1710 1831 inter
1731 1803 1865 1831 homine-S
1889 1814 1945 1832 om.
1971 1804 2027 1832 Gu.
2049 1805 2079 1834 2.
2103 1803 2142 1832 al.

1193 1862 1233 1868 —
1258 1847 1334 1874 inter
1355 1846 1528 1874 hominihus
1550 1845 1633 1874 dicat
1657 1857 1711 1885 pro
1736 1846 1813 1883 vulg.
1838 1845 1921 1874 dicat
1943 1848 2020 1874 intel·
2041 1845 2143 1873 homi-

1194 1889 1284 1917 nibus
1308 1888 1430 1918 exhibet
1453 1890 1509 1917 Gu.
1526 1892 1551 1920 1.
1567 1905 1601 1910 -
1626 1891 1673 1926 24)
1699 1889 1790 1916 Locus
1814 1889 1892 1918 unde
1915 1889 1962 1925 sit,
1986 1889 2140 1917 nescio.—

1193 1933 1241 1968 23)
1267 1932 1315 1960 Sic
1333 1933 1389 1961 Gu.
1407 1935 1431 1962 1.
1463 1947 1498 1953 —
1531 1937 1573 1959 est
1602 1938 1703 1959 autem
1734 1931 1816 1969 vulg.
1839 1948 1880 1952 --
1909 1933 1956 1969 ⁴26)
1981 1930 2079 1960 dolere
2105 1932 2144 1958 ii-

1195 1976 1287 2001 mcnti
1318 1975 1373 2003 Gu.
1406 1977 1433 2006 2.
1457 1990 1498 1996 —-
1535 1974 1660 2012 Vulgata
1692 1974 1773 2002 addit
1801 1985 1859 2002 non
1890 1985 2025 2012 sperare,
2062 1972 2143 2012 quod

1198 2027 1254 2045 om.
1279 2017 1336 2046 Gu.
1358 2020 1437 2047 1.-
1459 2018 1505 2055 27)
1529 2016 1623 2045 Locus
1648 2022 1690 2045 est
1713 2016 1794 2053 Virg.
1820 2017 1889 2045 Aen.
1916 2017 1949 2054 V,
1971 2019 2043 2048 287.
2064 2026 2143 2055 gra—

1198 2061 1331 2087 mineum
1355 2061 1386 2086 ιἰι
1412 2069 1563 2097 campum.
1588 2078 1625 2081 —
1645 2062 1694 2096 23)
1719 2061 1883 2097 Proprium.
1907 2065 1949 2086 est
1971 2064 2072 2087 aulem
2095 2069 2142 2087 va.

1199 2118 1237 2123 —
1261 2105 1305 2137 29)
1336 2102 1384 2130 Sic
1410 2101 1468 2131 Gu.
1502 2104 1527 2132 1.
1555 2118 1593 2123 ·-—
1630 2102 1852 2139 Cacempsmton
1888 2101 1981 2130 dictio
2017 2101 2144 2129 obscena

1199 2144 1278 2182 vulg.
1300 2160 1342 2166 —
1376 2147 1423 2178 30)
1446 2143 1529 2181 vulg.
1552 2144 1599 2171 vel
1619 2146 1831 2183 incomposite,
1860 2144 1911 2173 sed
1935 2145 1985 2172 vel
2005 2154 2061 2172 om.
2085 2144 2142 2173 Gu.

1201 2190 1227 2217 1.
1239 2203 1274 2207 —
1299 2184 1347 2224 31)
1366 2191 1500 2213 arrectae
1515 2186 1571 2216 Gu.
1591 2190 1662 2220 2.{3.
1684 2204 1722 2209 --
1738 2189 1849 2215 arrecti
1866 2187 1955 2214 aliter
1970 2187 2070 2226 arrige
2093 2197 2143 2216 va.

1199 2246 1233 2250 --
1255 2229 1351 2257 Locus
1375 2229 1453 2266 Virg.
1480 2229 1553 2258 Aen.
1576 2228 1604 2265 I,
1634 2230 1705 2262 579.
1735 2245 1776 2251 —
1818 2232 1863 2266 32)
1894 2229 1942 2257 Sic
1967 2230 2022 2258 Gu.
2050 2233 2078 2262 1.
2103 2246 2144 2251 —

1200 2273 1288 2299 iuvat
1313 2273 1355 2298 ire
1376 2277 1402 2298 et
1425 2273 1542 2299 Dorica
1572 2277 1675 2300 cil-stra
1706 2272 1761 2300 Gu.
1785 2274 1813 2302 2.
1839 2272 1887 2299 Ar.
1910 2288 1951 2293 —
1981 2273 2069 2300 iuvat
2103 2274 2145 2299 ire

1199 2320 1225 2341 et
1242 2315 1362 2342 Dorica
1385 2320 1488 2341 castra
1511 2313 1612 2342 videre
1629 2315 1710 2352 vulg.
1730 2316 1824 2342 Locus
1847 2318 1891 2342 est
1914 2324 1959 2352 ap.
1980 2314 2058 2352 Virg.
2076 2314 2144 2344 Aen.

1200 2356 1245 2391 II,
1268 2359 1334 2390 27„
1359 2356 1411 2384 ubi
1430 2361 1484 2384 est:
1509 2358 1594 2385 iuvat
1617 2359 1658 2385 irc
1680 2363 1707 2385 et
1730 2358 1847 2384 Dorica
1867 2362 1969 2383 castra
1999 2356 2143 2384 desertos-

1201 2410 1259 2438 que
1282 2397 1379 2427 videre
1400 2399 1481 2427 locos
1503 2400 1636 2438 litusque
1657 2401 1804 2428 relictum.
1834 2415 1867 2420 —
1901 2397 1946 2437 33)
1971 2399 2019 2427 Sic
2043 2399 2099 2429 Gu.
2118 2402 2144 2430 1.
