2264 2830
763 113 1009 148 ORIGlNUM
1048 115 1193 150 LIBER
1227 117 1316 151 xix.
1941 119 2015 154 593

69 211 160 245 lacus
187 210 350 255 quosdam
377 210 566 254 quadratos,
597 209 649 242 vel
678 209 835 242 rotundos
864 209 968 254 ligno,
992 211 1044 243 vel
1069 223 1189 257 gypso,
1217 213 1268 245 vel
1293 211 1463 245 coloribus
1491 207 1669 244 habeant²³
1690 212 1796 255 pictos
1824 223 1900 246 cum
1919 215 2017 260 signis

69 261 357 297 intermicantibus.
412 261 641 306 Principaliter
668 267 777 293 autem
807 262 897 295 lacus
924 263 1055 307 dicitur,
1084 271 1118 297 ut
1147 265 1292 298 Lucilius
1309 261 1353 295 ²¹:

308 322 495 356 Resullant
522 322 694 366 aedesque
721 322 896 366 lacusque.

71 390 172 424 Cuius
200 391 374 424 diminutio
408 391 542 425 lacunar
570 390 649 424 facit
661 386 703 430 ²⁵,
743 396 778 423 ut
810 387 1024 423 Horatiusffi:

298 459 420 504 ,Neque
450 469 596 491 aureum

298 511 383 543 Mea
411 507 579 543 renidec'fl
607 510 641 542 in
665 510 768 543 domo
793 512 952 544 lacunar.

72 577 154 611 Inde
180 579 216 610 tit
243 579 306 611 alia
334 579 507 612 diminutio
535 580 739 612 lacunarium
770 585 801 612 et
828 592 889 624 per
917 578 1113 613 antistichon
1146 578 1351 621 laquearium
1381 578 1459 611 facit
1472 575 1506 609 ²⁸.

626 665 921 698 CAP.X111.
1014 665 1097 697 De
1166 664 1452 696 crustis.

237 732 375 766 Crustae
402 734 537 766 tabulae
564 730 673 766 sunt²⁰
700 734 883 766 marmoris.
939 732 1040 765 Unde
1067 738 1099 764 et
1126 732 1317 763 marmorati
1345 731 1488 775 parietes
1517 736 1547 762 et
1574 731 1704 763 crustati
1732 731 1893 765 dicuntur.
1949 732 2014 772 Qui

72 788 182 815 autem
210 796 375 817 marmora
404 786 537 818 secandi
565 786 596 817 in
619 790 740 818 crustas
768 786 928 817 rationem
941 781 966 800 ³⁰
1000 784 1271 828 excogitaverunt
1284 779 1324 822 Ἢ,
1359 794 1425 815 non
1453 787 1587 815 constat.
1652 782 1752 814 Fiunt
1779 787 1888 814 autem
1917 794 2015 814 arena

73 840 104 867 et
132 834 220 867 ferro
249 848 403 879 serraque
432 838 462 869 in
489 837 659 881 praetenui
691 837 777 868 linea
805 840 977 880 premente
1004 847 1135 873 arenas,
1172 840 1344 877 tractuque
1378 835 1450 879 ipso
1478 838 1628 873 secante,
1660 833 1718 865 ¹<ed
1754 834 1891 865 crassior
1918 844 2016 865 arena

72 886 148 930 plus
176 884 319 919 eroclit³²
346 890 526 923 marmoris.
582 889 668 921 Nam
695 889 800 920 tenuis
828 888 960 921 fabricis
987 892 1019 920 et
1044 887 1197 931 polituris
1225 886 1480 920 accommodata
1508 890 1565 919 est.

607 973 747 1007 CAI’.
801 973 890 1006 xlv.
970 972 1042 1005 De
1095 972 1461 1005 lithostrotis.

238 1039 477 1074 l1itl10strota³³
503 1048 574 1074 sunt
603 1042 772 1075 elaborata
800 1048 869 1074 arte
896 1042 1046 1085 picturae
1081 1040 1227 1085 parvulis
1256 1040 1368 1073 crustis
1399 1051 1437 1073 ac
1464 1038 1602 1071 tessellis
1629 1038 1735 1071 tinctis
1763 1037 1794 1069 in
1821 1038 1928 1069 varios
1956 1048 2016 1071 co-

74 1093 170 1126 lores.
225 1093 365 1126 Tesselli
393 1098 500 1126 autem
529 1091 636 1126 sunt³⁴
663 1106 681 1126 a
709 1094 835 1126 tesseris
862 1093 1036 1135 nominati,
1063 1092 1096 1125 id
1125 1097 1172 1124 est
1197 1091 1364 1134 quadratis
1393 1091 1515 1135 lapillis
1542 1101 1602 1134 per
1628 1089 1887 1122 diminutionem.

648 1178 923 1212 CARXV.
1011 1177 1438 1222 Deplastie.

237 1247 382 1279 Plnstice
396 1244 420 1263 ³³¹
448 1254 496 1279 est
526 1246 687 1290 parietum
717 1258 756 1279 ex
783 1258 894 1290 gypso
922 1246 1053 1289 efligies
1080 1246 1242 1289 signaque
1270 1245 1456 1288 exprimere
1483 1240 1681 1288 pingique³⁶
1707 1242 1886 1275 coloribus.
1935 1242 2015 1274 Pla-

73 1293 186 1332 ειὶςθ37
214 1305 323 1330 antem
351 1298 476 1330 dictum
495 1298 638 1337 Graece,
666 1298 757 1340 quod
786 1298 904 1330 Latine
932 1302 980 1328 est
1007 1297 1135 1340 tingere
1146 1293 1170 1313 ³⁸
1196 1301 1294 1337 terra,
1323 1296 1375 1327 vel
1403 1306 1512 1339 gypso
1539 1293 1778 1326 similitudines.
1832 1294 1919 1326 Nam
1947 1299 1980 1325 et
1991 1290 2015 1309 ³⁹

72 1350 232 1393 impressa
259 1350 376 1394 argilla
400 1350 544 1381 formam
572 1349 718 1391 aliquam
747 1349 857 1382 facere
884 1348 996 1393 plastis
1010 1345 1035 1365 ⁴⁰
1062 1352 1118 1381 est.
1177 1347 1279 1380 Unde
1307 1352 1338 1380 et
1365 1347 1591 1391 protoplastus
1606 1343 1629 1362 ⁴¹
1658 1345 1764 1379 dictus
1790 1349 1837 1377 est
1849 1341 1873 1361 ⁴²
1898 1343 2014 1384 homo,

72 1402 129 1444 qui
156 1411 196 1434 ex
223 1400 301 1433 limo
330 1400 454 1444 primus
481 1405 527 1433 est
553 1400 714 1433 conditus.

622 1485 916 1518 CARXVI.
1012 1484 1092 1517 De
1160 1484 1467 1529 pictura.

242 1552 271 1586 l.
326 1554 459 1587 Pictura
483 1558 592 1586 autem
621 1558 667 1587 est
693 1555 808 1597 imago
837 1553 1022 1597 exprimens
1048 1551 1195 1596 speciem
1222 1552 1269 1585 rei
1296 1552 1432 1586 alicuius
1443 1548 1484 1593 ⁴³,
1526 1562 1613 1595 quae
1641 1549 1722 1582 dum
1750 1548 1818 1581 ulla
1848 1547 1945 1580 fuerit
1973 1547 2016 1579 ad

74 1603 340 1637 recordationem
368 1611 512 1637 mentem
540 1605 678 1638 reducit.
732 1605 863 1638 Pictura
890 1609 1000 1637 autem
1029 1604 1138 1646 dicta,
1168 1604 1260 1647 quasi
1288 1604 1414 1637 fictura.
1468 1605 1527 1637 Est
1554 1602 1642 1635 enim
1668 1601 1783 1644 imago
1811 1599 1907 1638 ficta,
1951 1608 2016 1630 non

74 1655 199 1689 veritas.
254 1652 376 1689 ΗὶιιοΗ
404 1662 436 1688 et
460 1653 623 1697 fucata³⁵‚
650 1656 684 1689 id
714 1661 762 1689 est
782 1656 861 1689 ficto
873 1652 897 1672 ⁴⁶
924 1655 1040 1690 colore
1062 1655 1210 1699 quodam
1222 1652 1245 1672 ⁴²
1273 1656 1352 1688 illita
1375 1655 1455 1687 nihil
1482 1655 1562 1687 fidei
1590 1660 1622 1686 et
1644 1652 1787 1685 veritatis
1814 1646 2016 1683 habentiaffl.

75 1705 175 1739 Unde
202 1713 235 1740 et
261 1713 333 1740 sunt
358 1707 524 1750 quaedam
547 1708 714 1752 picturae,
749 1719 835 1751 quae
870 1718 1014 1751 corpora
1040 1707 1183 1740 veritatis
1209 1707 1319 1739 studio
1343 1707 1464 1740 coloris
1493 1705 1672 1744 excedunt,
1714 1708 1747 1736 et
1773 1701 1891 1743 fidem,
1936 1701 2016 1733 dum

75 1768 201 1801 augere
225 1759 446 1799 contendunt,
492 1759 534 1791 ad
563 1759 772 1792 mendacium
799 1755 1041 1804 provehuntffl,
1081 1759 1163 1792 sicut
1189 1758 1246 1802 qui
1273 1758 1487 1791 Chimaeram
1513 1751 1726 1800 tricipitem⁵⁰
1760 1754 1918 1798 pingunt,
1965 1752 2016 1784 vel

75 1808 213 1842 Scillam
240 1809 411 1842 hominem
438 1822 580 1851 sursum,
615 1811 735 1844 caninis
762 1816 871 1843 autem
899 1811 1062 1856 capitibus
1090 1811 1230 1844 cinctam
1259 1809 1424 1843 deorsum.

76 1918 121 1956 23)
146 1919 193 1946 Sic
211 1920 267 1946 eu.
288 1922 315 1948 1.
333 1928 379 1947 va.
404 1919 508 1948 An-
531 1920 640 1948 haheat
664 1920 745 1958 vulg.
768 1936 807 1942 -
829 1919 872 1957 24)
896 1920 944 1947 sie
965 1920 1023 1949 Gn.
1070 1926 1094 1947 iz
1120 1918 1222 1947 addidi
1246 1929 1261 1947 e
1285 1919 1341 1948 eu.
1370 1922 1393 1948 1.
1420 1921 1449 1948 2.
1473 1926 1516 1944 va.
1550 1932 1587 1935 —
1623 1915 1671 1951 ⁶10)
1688 1914 1811 1951 plastae
1838 1912 1906 1948 Aa,
1937 1912 2016 1950 quod

79 1965 105 1992 1.
127 1963 157 1992 2.
179 1962 227 1989 Ar.
244 1976 285 1981 —
307 1962 425 1989 Lucius
441 1961 521 1999 vulg.
550 1979 591 1984 —
620 1959 666 2002 25)
682 1964 769 1999 facit
794 1983 801 1991 .
827 1984 832 1989 .
857 1981 864 1989 .
897 1963 1027 1990 lacunar
1068 1972 1172 1991 verum
1195 1960 1322 1989 videtur.
1367 1960 1406 1987 At
1429 1968 1520 1997 quum
1545 1967 1646 1986 onmes
1670 1955 1757 1985 codd.
1787 1960 1814 1984 et
1839 1954 1921 1983 editt.
1945 1959 2015 1983 vett.

78 2013 135 2033 om.
166 2004 222 2031 Gu.
241 2005 268 2032 2.
300 2019 334 2023 ——-
368 2005 415 2040 26)
444 2003 548 2032 Horat.
578 2004 634 2033 Od.
664 2004 705 2038 ΙΙ,
739 2008 785 2037 18.
814 2004 878 2032 init.
908 2020 948 2025 —·
979 2003 1026 2043 27)
1069 2003 1256 2033 consentiant
1278 2003 1308 2030 in
1332 2000 1426 2030 forma
1444 2001 1569 2039 plastis,
1593 2000 1685 2028 nolim
1709 2003 1835 2028 mutare.
1878 1997 2015 2026 Fortasse

77 2048 180 2074 renitet
218 2046 276 2073 Cu.
302 2049 330 2076 1.
357 2060 398 2066 -—
434 2047 538 2074 retinet
568 2057 612 2084 pr.
635 2056 680 2075 va.
710 2064 748 2068 —-—
782 2046 828 2085 28)
848 2048 936 2084 facit
968 2057 1024 2075 om.
1069 2048 1145 2075 enim
1175 2046 1212 2074 ad
1240 2046 1354 2073 tertiam
1391 2043 1617 2072 declinationem
1651 2043 1774 2070 formata
1809 2045 1852 2069 est
1872 2050 1943 2069 vox.
1975 2056 2015 2061 —

77 2090 126 2116 Ar.
158 2105 198 2110 —
234 2091 277 2120 ⁹29)
301 2088 348 2116 Sic
380 2088 436 2117 Gu.
453 2091 479 2118 1.
503 2091 532 2119 2.
565 2105 597 2109 —
624 2094 696 2116 sunt
717 2090 780 2118 tal).
805 2089 884 2127 vulg.
906 2105 947 2110 —
973 2089 1021 2117 Cr.
1063 2088 1110 2129 41)
1147 2088 1323 2126 proplastos
1370 2087 1426 2115 Gu.
1457 2089 1481 2116 1.
1515 2101 1555 2106 —
1597 2086 1642 2121 42)
1675 2086 1723 2113 Sic
1757 2086 1814 2112 Gu.
1843 2087 1869 2114 1.
1904 2099 1935 2104 --
1973 2087 2013 2108 ml

77 2136 176 2158 autem
202 2135 273 2157 sunt
295 2130 355 2157 tab.
379 2140 424 2168 pr.
453 2148 490 2152 —-
521 2133 568 2165 30)
593 2132 737 2158 rationem
760 2142 815 2160 om.
838 2142 885 2170 pr.
910 2148 951 2152 —
973 2132 1021 2168 31)
1064 2130 1165 2159 dictus
1195 2130 1274 2167 vulg.
1302 2145 1344 2150 —
1372 2134 1413 2156 est
1445 2139 1500 2156 om.
1533 2128 1588 2155 Gu.
1611 2130 1639 2159 2.
1674 2143 1715 2148 ——-
1749 2127 1794 2163 43)
1825 2125 1872 2153 Sic
1901 2125 1957 2153 Gu.
1982 2127 2006 2152 1.

77 2174 311 2211 excogitaverint
345 2172 399 2206 Cu,
427 2175 456 2202 2.
486 2182 530 2202 va.
553 2188 594 2193 —
625 2175 836 2211 excogitaverit
868 2174 954 2202 Arev.
985 2191 1017 2195 --
1064 2184 1109 2202 va.
1142 2190 1179 2194 -—
1216 2173 1352 2200 alicuius
1388 2172 1431 2199 ra·
1466 2170 1546 2207 vulg.
1592 2186 1625 2190 -
1667 2171 1711 2196 rei
1742 2168 1859 2206 aliquis
1900 2167 1954 2194 Gn.
1983 2166 2010 2193 2.

77 2218 124 2254 32)
147 2216 195 2244 Sic
224 2216 281 2244 Gn.
301 2218 326 2246 1.
350 2215 388 2243 al.
411 2231 452 2236 -
475 2213 572 2242 erodet
595 2215 675 2252 vulg.
699 2231 740 2237 —
767 2217 815 2254 33)
837 2218 1023 2244 Litostrotae
1065 2232 1104 2238 -—
1142 2216 1189 2250 44)
1220 2216 1308 2242 Haec
1340 2216 1396 2242 Gu.
1423 2217 1448 2244 1.
1478 2216 1506 2244 2.
1542 2230 1578 2234 -
1613 2211 1659 2250 45)
1683 2213 1815 2249 furcata
1845 2210 1898 2237 Gu.
1929 2210 1952 2236 l.
1979 2207 2008 2234 2·

78 2258 135 2286 Gu.
152 2261 182 2289 2.
210 2274 246 2279 -
268 2258 314 2292 34)
337 2263 408 2285 sunt
431 2256 531 2285 addidi
554 2267 570 2285 e
593 2258 648 2286 Gu.
670 2259 695 2286 1.
712 2273 753 2279 —-
778 2258 925 2287 Tessellae
946 2269 1022 2288 con-
1069 2275 1102 2279 --
1143 2255 1191 2295 46)
1226 2258 1306 2295 ficta
1351 2257 1405 2284 Gn.
1443 2258 1468 2285 1.
1499 2259 1526 2287 2.
1568 2270 1607 2275 —
1658 2256 1705 2290 47)
1744 2253 1791 2281 Sic
1832 2252 1885 2278 Gn.
1917 2252 1941 2278 1.
1968 2263 2009 2266 ——

77 2301 146 2329 iecit
175 2303 260 2328 Arev.
292 2316 328 2320 —
365 2303 410 2333 35)
435 2300 589 2328 plasticen
623 2299 681 2327 Gu.
701 2301 731 2329 2.
762 2310 807 2337 pr.
835 2311 880 2330 va.
906 2319 942 2323 —
975 2300 1022 2339 36)
1065 2298 1156 2338 quod.
1179 2300 1232 2328 col.
1258 2300 1340 2336 vulg.
1362 2315 1395 2320 —
1434 2300 1480 2333 48)
1510 2297 1623 2325 hahens
1654 2297 1708 2325 Gu.
1733 2299 1761 2327 2.
1792 2308 1829 2313 -
1859 2294 1904 2321 49)
1931 2299 2008 2336 [⁷7⁰.-

79 2343 127 2370 Sic
150 2343 207 2372 Gu.
227 2346 251 2373 1.
275 2344 302 2372 2.
326 2352 370 2380 pr.
386 2352 484 2370 va.—
503 2344 627 2380 pingere
647 2341 728 2379 vulg.
752 2357 791 2363 —
817 2341 865 2380 37)
886 2342 1023 2373 πλάττειν
1065 2344 1189 2369 veniant
1212 2342 1265 2370 Gn.
1291 2346 1317 2373 1.
1339 2344 1367 2372 2.
1402 2357 1436 2363 --
1470 2343 1515 2373 50)
1541 2340 1589 2367 Sic
1614 2340 1670 2367 Gu.
1696 2342 1719 2367 1.
1745 2346 1789 2363 va.
1815 2335 1861 2362 Ar.
1884 2347 1924 2354 --
1948 2337 2006 2358 tn-

80 2384 133 2412 Ar.
157 2400 198 2409 ·-
220 2383 266 2423 38)
288 2384 338 2412 Sic
361 2384 416 2413 Gu.
437 2387 464 2414 1.
486 2386 514 2415 2.
537 2395 583 2413 va.
605 2401 645 2406 —-
663 2385 788 2422 pingere
809 2384 888 2422 vulg.
914 2403 950 2406 —
975 2385 1021 2423 39)
1065 2395 1131 2423 cap.
1155 2384 1233 2422 vulg.

121 2433 286 2465 Gnmu.
302 2445 370 2463 ιΑτ.
387 2434 437 2464 ΙΠ.
1497 2434 1524 2466 F
1540 2433 1581 2465 ff
1593 2433 1608 2463 f
