2203 2829
184 92 259 126 300
888 91 1065 126 lSIDORI
1092 90 1273 129 HISPAL.
1297 93 1440 127 EPISC.

350 183 409 217 40.
464 183 651 227 Conscripti
680 183 798 215 milites
825 184 990 226 dicuntur,
1019 187 1096 229 quia
1122 187 1155 220 in
1182 188 1302 221 tabulis
1329 188 1544 221 conferuntur
1568 190 1611 222 ab
1640 201 1692 230 eo,
1720 191 1778 233 qui
1805 201 1860 223 eos
1888 190 2046 225 ducturus
2074 199 2131 233 est,

181 240 265 272 sicut
291 236 477 280 transcripti
506 241 681 274 vocantur,
724 246 799 268 cum
831 236 875 269 de
910 238 973 270 alia
999 238 1032 271 in
1061 239 1159 272 aliam
1186 240 1354 284 legionem
1391 245 1576 282 transeunt,
1616 247 1647 274 et
1681 242 1760 275 inde
1787 243 1989 287 transcripti,
2031 242 2129 288 quia¹

181 290 315 323 nomina
343 288 439 328 dant,
467 292 500 319 ut
528 286 790 319 transcribantur.

345 339 404 372 41.
459 338 621 381 Optiones
648 337 746 380 dicti,
775 338 867 382 quod
895 340 957 372 sint
983 341 1092 374 electi.
1146 343 1231 375 Nam
1260 348 1378 386 optare
1406 342 1532 387 eligere
1560 349 1626 385 est,
1657 344 1740 378 sicut
1768 349 1816 377 est
1840 345 1941 378 illud:

414 385 650 433 Optzwilqzte²
677 390 789 423 locum
817 402 941 436 regno,

179 443 212 475 id
241 448 288 475 est
315 440 425 484 elegit.
1806 488 1810 494 1

344 491 404 524 42.
459 491 678 525 Excubitores
702 493 866 535 dicuntur,
891 506 955 539 pro
984 507 1024 528 eo
1053 495 1145 539 quod
1173 496 1329 529 excubias
1353 502 1457 540 agunt
1484 494 1647 541 semper3.
1700 498 1784 531 Sunt
1812 498 1898 531 enim
1925 510 1964 532 ex
1992 510 2129 531 numero

178 544 320 576 militum
352 548 384 575 et
411 543 443 575 in
470 544 654 587 porticibus
678 547 843 579 excubant
871 552 1012 591 propter
1039 548 1188 592 regalem
1217 548 1412 580 custodiam.
1466 549 1639 583 Excubiae
1666 555 1775 583 autem
1805 550 1941 583 diurnae
1969 556 2052 591 sunt,
2079 551 2129 582 vi-

177 595 277 639 giliae
305 599 492 628 nocturnae.
546 595 648 629 Unde
676 602 707 629 et
734 595 884 642 vigiles&

341 645 400 680 43.
454 647 577 679 velites
604 654 696 680 erant
723 650 814 693 apud
847 651 1019 682 Romanos
1046 662 1151 694 genus
1187 650 1343 688 militiae,
1382 662 1401 682 a
1437 651 1608 683 volitando
1640 653 1761 686 vocati.
1813 652 1909 686 Lecti
1939 654 2024 686 enim
2053 654 2128 697 agi—

175 698 267 731 litate
294 698 428 730 iuvenes
457 710 531 731 cum
561 700 659 733 armis
695 701 758 733 suis
785 707 860 745 post
887 707 984 746 terga
1012 703 1158 744 equitum
1187 699 1454 743 consedebant5,
1497 709 1529 735 et
1563 714 1641 735 mox
1677 715 1753 736 cum
1781 703 1823 736 ad
1854 704 1965 737 hostes
1992 710 2128 737 ventum

176 746 327 789 fuisset⁰,
370 751 462 792 equis
496 751 707 792 desiliebant,
750 758 781 785 et
815 754 972 786 continuo
1000 754 1128 797 pedites
1160 754 1221 797 ipsi
1250 765 1288 786 ex
1317 754 1381 786 alia
1417 760 1530 797 parte,
1574 755 1754 797 equitibus,
1795 767 1856 799 per
1889 767 1971 799 quos
1996 756 2128 789 advecti

175 797 342 840 fuerant⁷,
388 801 638 843 dimicantibus,
684 803 816 837 hostem
864 806 1114 849 perturbabant.
1194 805 1248 837 Ab
1293 805 1345 838 his
1387 805 1513 849 igitur⁸
1549 806 1700 838 velitibus
1742 806 1913 851 elephanti
1956 808 2127 851 quondam

174 852 370 884 Hannibalis
404 858 492 886 retro
529 854 611 895 acti,
649 866 724 888 cum
758 857 829 901 regi
861 858 926 889 iam
961 869 979 889 a
1006 857 1070 889 suis
1098 867 1164 888 non
1192 863 1346 901 possent,
1384 857 1496 890 fabrili
1525 858 1658 902 scalpro
1686 859 1770 890 inter
1797 870 1890 891 aures
1917 859 2038 893 adacto
2067 870 2127 891 ne-

174 904 345 938 cabantur.

338 955 398 989 44.
453 956 568 989 Castra
599 964 690 998 sunt,
727 960 783 992 ubi
811 960 905 993 miles
933 956 1088 993 steterit⁹.
1142 959 1240 994 Dicta
1275 965 1384 993 autem
1413 967 1518 994 castra
1554 961 1647 1004 quasi
1675 966 1784 1006 casta,
1823 958 1898 995 eo¹⁰
1933 961 2024 1004 quod
2057 961 2126 994 illic

174 1012 370 1040 castraretur
396 1008 513 1040 libido.
566 1009 652 1042 Nam
681 1021 848 1054 nunquam
876 1012 912 1044 iis
939 1012 1094 1044 intererat
1120 1012 1249 1044 mulier.

338 1057 398 1091 45.
452 1059 575 1092 Militia
612 1066 721 1094 autem
760 1075 777 1094 a
814 1064 967 1095 militibus
1003 1063 1111 1096 dicta.
1159 1069 1215 1096 aut
1248 1075 1267 1095 a
1296 1063 1424 1103 multis,
1474 1063 1565 1106 quasi
1607 1064 1765 1104 multitia,
1813 1064 1905 1107 quasi
1945 1063 2126 1108 negocium

174 1106 408 1150 multorumfl,
436 1116 492 1143 aut
519 1123 537 1143 a
566 1113 655 1145 mole
682 1125 812 1155 rerum,
837 1115 928 1157 quasi
952 1115 1088 1146 moletia
1100 1111 1132 1146 ¹².

337 1160 397 1193 46.
450 1162 561 1206 Legio
588 1175 644 1196 sex
672 1165 798 1197 milium
814 1163 836 1182 ¹³¹
869 1171 1070 1198 armatorum
1107 1171 1172 1205 est,
1209 1166 1251 1197 ab
1279 1161 1422 1198 elect0¹⁴
1452 1172 1589 1205 vocata,
1624 1166 1717 1208 quasi
1750 1165 1848 1204 lecti,
1883 1165 1918 1197 id
1954 1170 2000 1197 est
2027 1165 2125 1197 armis

173 1212 282 1247 electi.
336 1213 479 1256 Proprie
507 1219 616 1246 autem
641 1215 757 1259 lingua
769 1213 791 1232 ¹⁵
819 1216 1046 1249 Macedonum
1076 1216 1244 1259 phalanx,
1273 1216 1452 1248 Gallorum
1481 1222 1630 1257 caterva,
1658 1222 1768 1249 nostra
1796 1217 1888 1260 legio
1902 1213 1934 1248 ¹⁶.

339 1262 399 1297 47.
453 1264 563 1309 Legio
577 1263 598 1281 Π
634 1266 736 1299 habet
778 1268 947 1312 sexaginta
990 1268 1170 1310 centurias,
1207 1267 1394 1310 manipulos
1433 1267 1584 1312 triginta,
1621 1267 1778 1301 cohortes
1818 1267 2015 1304 duodecim,
2056 1272 2125 1299 tur-

170 1326 240 1347 mas
267 1314 437 1350 ducentas,

333 1366 393 1399 48.
447 1367 604 1401 Centuria
628 1374 675 1402 est
701 1381 778 1415 pars
806 1371 966 1404 exercitus
992 1372 1025 1403 in
1053 1375 1209 1404 centenos
1236 1370 1354 1403 milites
1381 1369 1492 1402 divisa.
1536 1369 1637 1403 Unde
1665 1375 1697 1403 et
1722 1370 1779 1414 qui
1803 1369 1840 1402 iis
1868 1374 2023 1413 praesunt
2045 1379 2125 1402 cen·

171 1419 314 1450 turiones
341 1419 504 1453 dicuntur.

337 1469 396 1502 49.
448 1471 689 1503 Succenturiati
717 1483 795 1504 vero
809 1469 832 1488 ¹⁸
859 1478 948 1511 sunt,
992 1485 1057 1505 non
1092 1474 1148 1516 qui
1184 1473 1216 1504 in
1251 1473 1374 1516 prima,
1418 1473 1476 1505 sed
1505 1470 1600 1515 (Ῑιιὶ19
1627 1473 1659 1505 in
1693 1471 1840 1506 secunda
1868 1471 2013 1504 centuria
2041 1476 2125 1510 sunt,

171 1520 263 1562 quasi
291 1521 350 1552 sub
379 1520 485 1564 prima
507 1522 672 1554 centuria:
700 1528 810 1556 tamen
838 1525 938 1557 stricti
950 1522 974 1541 ²⁰
1000 1526 1098 1557 etiam
1123 1524 1185 1568 ipsi
1207 1528 1239 1555 et
1259 1524 1290 1555 in
1318 1524 1462 1567 speculis
1485 1525 1583 1567 positi
1610 1525 1641 1556 in
1670 1525 1761 1557 bello
1790 1528 1873 1563 sunt,
1902 1528 1937 1556 ut
1964 1523 1989 1554 si
2018 1523 2125 1566 prima

172 1570 350 1612 defecerit,
386 1572 435 1604 isti
447 1569 488 1611 ²¹,
523 1584 606 1615 quos
633 1574 693 1605 snb
721 1572 790 1607 se²²
818 1575 976 1616 diximus,
1011 1576 1238 1608 laborantibus
1267 1575 1380 1619 primis
1406 1575 1599 1608 subveniant
1612 1573 1645 1608 ²³.
1699 1575 1802 1608 Unde
1834 1580 1866 1608 et
1892 1574 1936 1606 ad
1966 1574 2124 1606 insidian-

172 1622 252 1655 dum
280 1623 416 1667 ponitur
442 1625 718 1665 succenturiatus,
746 1627 837 1669 quasi
866 1628 962 1660 armis
991 1628 1115 1659 dolosis
1143 1627 1325 1661 instructus.

336 1672 396 1707 50.
449 1676 643 1720 Manipnlus
672 1677 892 1712 ducentorum
921 1684 969 1711 est
991 1680 1141 1712 militum.
1195 1678 1362 1722 Manipuli
1390 1682 1500 1710 autem
1527 1676 1606 1710 dicti
1632 1680 1705 1708 sunt
1732 1676 1868 1717 milites,
1902 1676 1968 1707 sive,
1996 1671 2123 1718 quod²³

173 1723 298 1757 bellum
326 1724 471 1769 primo²⁵
498 1739 597 1760 manu
624 1728 841 1773 incipiebant,
869 1731 936 1764 sive
960 1731 1051 1774 quod
1080 1736 1255 1773 antequam
1283 1730 1379 1775 signa
1404 1734 1526 1769 essent,
1554 1727 1742 1772 manipulos
1769 1727 1847 1766 sibi,
1881 1727 1916 1759 id
1945 1731 1991 1759 est
2022 1726 2124 1760 fasci-

174 1776 266 1808 culos
294 1778 454 1821 stipulae,
490 1780 543 1811 vel
574 1779 699 1812 herbae
727 1782 862 1814 alicuius
890 1794 953 1826 pro
981 1783 1080 1828 signis
1108 1783 1291 1823 faciebant,
1326 1794 1344 1814 a
1372 1792 1439 1825 quo
1467 1781 1564 1826 signo
1592 1779 1815 1824 manipulares
1842 1778 1964 1812 milites
1991 1788 2122 1823 cogno·

175 1827 286 1860 minati
313 1834 393 1862 sunt.
450 1830 500 1863 De
528 1832 648 1873 quibus
674 1832 829 1865 Lucanus
840 1831 880 1865 ²¹⁵:

405 1880 579 1915 Convocat
608 1888 767 1917 armatos
791 1886 966 1930 extemplo
993 1885 1044 1918 ad
1070 1885 1180 1930 signa
1208 1885 1391 1930 maniplos.

262 1990 286 2022 1)
307 1987 355 2015 Sic
378 1988 434 2018 Gu.
458 1992 483 2020 1.
502 2001 547 2020 va.
563 1990 612 2021 Ar.
631 2011 667 2015 —
693 1993 775 2032 quod
797 1994 877 2032 vulg.
904 2011 940 2015 -
969 1994 1000 2033 Ξ)
1029 1995 1126 2032 Opla-
1169 1995 1268 2033 vulg.,
1291 1992 1373 2032 quod
1397 2002 1453 2021 om.
1479 1992 1535 2019 Gu.
1556 1995 1581 2022 1.
1606 1992 1654 2019 Ar.
1677 2008 1715 2012 —-
1743 1992 1787 2025 18)
1808 2001 1874 2018 vero
1898 1988 1998 2018 addidi
2023 1999 2038 2017 e
2063 1990 2119 2019 Gn.

176 2030 265 2068 vique
288 2030 343 2058 Gn.
362 2034 387 2061 1.
421 2032 514 2060 Locus
537 2039 580 2061 est
606 2035 685 2073 Virg.
710 2037 845 2072 Aon.lll‚
871 2039 939 2068 109.
965 2056 1001 2059 —
1026 2035 1055 2076 3)
1078 2037 1126 2064 Sic
1173 2042 1200 2068 1.
1234 2047 1279 2065 va.
1322 2053 1353 2057 —-
1397 2036 1445 2072 19)
1473 2036 1526 2072 qui
1555 2032 1657 2062 addidi
1689 2043 1704 2062 e
1735 2034 1792 2061 Gu.
1809 2036 1836 2064 1.
1856 2035 1885 2063 2.
1913 2041 1959 2061 va.
1995 2047 2035 2052 —
2072 2031 2118 2071 20)

177 2072 272 2103 Gu.1.
298 2089 335 2094 -
359 2084 471 2112 semper
495 2082 592 2113 agunt
615 2079 695 2115 vulg.
719 2096 758 2100 —
783 2082 810 2113 4)
837 2080 941 2116 vigilis
963 2089 1007 2118 pr.
1032 2095 1072 2101 —
1097 2079 1124 2116 5)
1170 2080 1282 2107 structi
1304 2079 1341 2107 al.
1364 2093 1406 2100 ·-
1427 2082 1470 2110 21)
1495 2078 1554 2115 ipsi
1576 2076 1644 2106 add.
1669 2086 1716 2105 va.
1740 2094 1778 2098 —-
1803 2078 1847 2109 22)
1872 2072 2008 2101 secunda
2031 2074 2119 2103 al.—

176 2113 369 2143 considebant
387 2127 430 2144 va.
447 2117 496 2145 Ar.
511 2135 550 2138 —
572 2119 603 2157 6)
628 2121 677 2147 Sic
692 2122 746 2148 Gn.
761 2125 786 2153 1.
805 2139 839 2142 —
855 2128 927 2150 amet
944 2122 1022 2158 vulg.
1041 2138 1081 2142 -—
1098 2122 1125 2160 7)
1171 2125 1217 2158 23)
1241 2121 1420 2149 subveniunt
1444 2120 1500 2147 Gu.
1526 2123 1550 2150 1.
1571 2122 1599 2150 2.
1626 2135 1662 2140 —-
1688 2118 1736 2154 24)
1760 2115 1844 2156 quod
1863 2127 1919 2155 pro
1945 2118 1998 2154 qui
2021 2117 2078 2144 Gu.
2093 2121 2118 2148 1.

166 2158 299 2194 fufffml
312 2158 368 2186 GU·
388 2162 413 2189 1·
428 2176 470 2181 ·-
484 2160 513 2195 3)
538 2161 586 2188 Sic
602 2162 657 2189 GU·
683 2165 749 2193 1.2.
774 2175 818 2202 pr.
842 2174 887 2193 va.
903 2182 935 2185 —
950 2175 1018 2200 ergo
1042 2165 1125 2201 vulg.
1173 2182 1210 2186 ——
1233 2165 1282 2200 25)
1302 2165 1407 2202 primu
1426 2164 1481 2190 Gn.
1502 2165 1525 2192 1.
1543 2177 1584 2183 —-
1608 2161 1655 2198 26)
1681 2161 1788 2189 Lucan.
1804 2159 1826 2194 Ι,
1840 2161 1912 2190 296.
1929 2175 1970 2180 -
1992 2160 2036 2195 27)
2060 2165 2118 2187 tet·-

178 2217 215 2221 —
238 2202 267 2238 9)
290 2201 402 2228 milites
424 2204 557 2230 steterint
581 2204 616 2231 al.
649 2221 691 2225 —
723 2207 767 2239 lo)
798 2208 844 2234 vel
867 2206 948 2245 quod
970 2208 1026 2234 Gn.
1047 2210 1072 2237 1.
1095 2210 1123 2237 2.
1168 2212 1283 2234 centum
1306 2206 1343 2233 al.
1376 2223 1413 2226 —
1447 2206 1493 2240 25)
1519 2205 1649 2243 triginta
1673 2205 1729 2233 Gu.
1748 2206 1773 2233 1.
1803 2217 1842 2223 ·-—
1876 2203 1924 2239 29)
1940 2201 2059 2239 fiebant
2081 2202 2118 2230 al.

178 2259 214 2263 -
242 2240 287 2277 11)
322 2249 392 2271 acta
421 2245 488 2272 add.
513 2245 569 2273 Gn.
588 2248 613 2275 1.
642 2263 674 2266 —
707 2248 751 2282 12)
782 2250 921 2277 mellatio
952 2249 1008 2276 Gn.
1034 2253 1058 2279 1.
1084 2267 1121 2270 —
1167 2254 1196 2278 et
1218 2249 1341 2277 Vulcan.
1367 2248 1432 2283 ed.,
1462 2257 1537 2285 qnae
1561 2246 1647 2274 nobis
1672 2250 1716 2275 est
1738 2245 1816 2282 vulg.
1847 2260 1890 2265 —-
1918 2243 1964 2280 30)
1988 2244 2036 2271 Sic
2059 2244 2115 2273 Gu.

177 2284 319 2312 muleram
342 2285 400 2314 Gu.
420 2289 448 2316 2.
473 2287 508 2315 al.
532 2298 577 2326 pr.
601 2304 641 2308 —
667 2291 709 2322 13)
732 2291 820 2318 milia
844 2292 900 2320 Gn.
919 2293 948 2321 2.
970 2307 1010 2312 -—-
1036 2295 1077 2320 145
1104 2303 1123 2319 α
1168 2295 1196 2323 1.
1221 2306 1262 2312 —-
1285 2291 1369 2328 Vulg.
1391 2301 1420 2317 se
1442 2301 1501 2318 non
1524 2288 1663 2317 recedere.
1686 2304 1727 2310 —-
1749 2290 1793 2324 31)
1817 2292 1844 2313 et
1867 2285 1969 2314 addidi
1986 2296 2001 2314 e
2016 2286 2071 2314 Gn.
2088 2290 2115 2318 1.

177 2325 291 2355 dela-m
315 2327 365 2356 Ar.
388 2345 429 2350 --
455 2332 496 2365 15)
522 2331 632 2368 lingua
656 2331 758 2359 addidi
782 2343 796 2361 e
821 2334 876 2362 Gu.
902 2337 927 2364 1.
953 2334 990 2363 al.
1014 2350 1053 2355 —-
1081 2334 1121 2372 16)
1166 2337 1195 2365 2.
1218 2343 1263 2372 pr.
1286 2343 1333 2361 va.
1367 2350 1400 2353 —
1435 2335 1482 2369 32)
1507 2333 1554 2360 Sic
1576 2332 1632 2360 Gn.
1653 2334 1680 2362 1.
1697 2333 1726 2362 2.
1757 2329 1868 2356 milites
1890 2329 1971 2365 vulg.
2001 2344 2040 2350 —
2069 2331 2115 2363 33)

176 2368 292 2398 dicitnr
314 2370 380 2400 add.
396 2372 486 2410 vulg„
509 2373 588 2411 qnod
611 2383 668 2402 om.
694 2374 750 2403 Gu.
770 2378 795 2406 1.
812 2394 847 2397 —
874 2376 920 2413 17)
941 2382 1039 2404 autem
1055 2377 1122 2407 add.
1167 2378 1198 2404 in
1222 2376 1358 2404 tumultu
1382 2376 1438 2404 Gu.
1456 2378 1484 2407 2.
1507 2375 1542 2402 al.
1567 2384 1613 2413 pr.
1642 2390 1675 2394 -
1704 2372 1752 2410 34)
1776 2371 1918 2411 pericula
1950 2372 2004 2399 Gu.
2025 2373 2050 2400 1.
2076 2389 2112 2393 —
