2255 2819
233 97 309 131 630

933 90 1111 126 ISIDORI
1136 91 1317 126 HISPAL.
1344 93 1489 129 EPISC.

338 181 521 223 Scansilia¹
550 182 676 228 gradus
702 184 794 222 sunt,
826 182 884 215 ubi
911 181 1068 217 honorati
1096 185 1129 217 in
1164 185 1296 219 sedibus
1320 187 1435 221 sedent
1447 184 1468 222 ².

403 238 438 272 9.
492 236 597 270 Sedes
625 234 754 273 dictae,
778 229 897 276 quod³
924 236 1014 279 apud
1042 242 1168 269 veteres
1188 237 1361 271 Romanos
1389 251 1455 272 non
1478 246 1547 273 erat
1575 251 1648 273 usus
1676 240 1908 283 accumbendi,
1935 241 2025 274 unde
2053 248 2086 275 et
2102 253 2184 277 con-

237 292 355 326 sedere
367 288 379 307 ⁴
407 289 612 323 dicebantur.

237 402 302 435 est,
329 389 444 437 quod¹⁵
471 390 603 423 Graece
627 385 761 434 θρόνος
788 389 917 422 dicitur.

680 285 820 325 Postea,
862 290 897 318 ut
922 287 967 320 ait
994 285 1124 321 Varro⁵
1151 289 1194 321 de
1219 290 1282 322 vita
1306 291 1428 334 populi
1462 292 1623 333 Romani,
1666 293 1725 325 viri
1753 293 1962 326 discumbere
1990 301 2185 339 coeperunt,

238 344 390 378 mulieres
416 340 549 378 sedere,
577 335 654 381 quia
680 336 784 380 turpis
807 337 890 370 visus
919 343 967 372 est
993 339 1025 371 in
1050 340 1188 373 muliere
1215 342 1394 376 accubitus.

1448 343 1554 377 Sedes
1581 344 1741 389 singulari
1764 355 1902 378 numero
1931 347 2069 390 proprie
2090 347 2186 392 regni

971 388 1077 423 ltem⁷
1105 391 1261 425 thronum
1287 394 1411 428 Graeci
1437 395 1566 434 dicunt3
1607 407 1667 429 nos
1695 397 1827 430 solium.

338 438 531 477 Subsellia⁸
556 450 635 472 vero
665 445 867 481 ceterorum,
896 441 1078 475 cathedrae
1106 444 1295 480 doctorum.

403 493 460 527 10.
512 492 661 531 Solium,
689 492 721 523 in
748 503 814 534 quo
848 505 946 538 reges
974 492 1112 527 sedent⁹
1139 502 1280 540 propter
1307 497 1443 529 tutelam
1471 498 1621 542 corporis
1646 499 1695 531 sui
1709 495 1742 540 ¹⁰,
1771 498 1953 532 secundum
1980 499 2144 541 quosdam
2167 512 2187 532 a

238 547 402 582 soliditate
428 545 573 584 dictum,
600 543 693 586 quasi
719 544 878 577 solidum:
906 546 1086 579 secundum
1116 548 1197 579 alios
1224 560 1286 593 per
1309 548 1518 590 antistichon,
1546 550 1638 593 quasi
1665 551 1813 590 sodium,
1841 562 1859 582 a
1888 549 2048 584 sedendo.
2086 550 2187 583 Unde

237 605 269 632 et
295 598 377 632 sella
404 596 497 640 quasi
521 595 626 627 sedda
640 591 662 610 ¹¹
691 595 780 628 dicta
808 602 855 628 est
870 593 909 637 ¹²,
937 603 969 630 et
995 599 1150 631 subsellia
1177 600 1270 642 quasi
1297 600 1485 633 subseddia.

401 648 461 682 ll,
514 647 627 679 Sellae
643 642 666 662 ¹³
694 648 823 680 curules
836 644 858 664 ¹¹
886 646 1026 689 erant¹⁵,
1054 650 1086 682 in
1109 652 1228 693 quibus
1255 652 1465 696 magistratus
1478 648 1500 668 ¹⁶
1533 651 1684 685 sedentes
1719 652 1788 684 iura
1821 652 2016 685 reddebant.
2069 652 2187 686 Dictae

236 707 346 735 autem
375 700 514 739 curules,
542 699 619 741 quia
647 698 738 743 apud
764 703 890 732 veteres
915 706 1087 744 praetores
1111 708 1143 735 et
1167 704 1318 736 consules
1346 710 1486 748 propter
1502 704 1624 736 itineris
1651 704 1926 748 longinquitatem
1944 700 1965 719 ¹³
1993 715 2091 737 curru
2111 704 2154 736 ad
2165 701 2187 720 ¹⁸

238 754 349 786 sorum
378 750 669 796 provehebantur,
698 751 800 783 sellae
828 757 955 793 autem,
983 765 1068 796 quae
1097 760 1171 798 post
1199 766 1256 788 eos
1284 755 1507 799 vehebantur,
1535 756 1656 799 quibus
1686 755 1836 788 sedentes
1863 755 1973 789 dicere
2000 756 2071 788 iura
2098 756 2187 789 sole-

236 806 330 843 bant,
357 815 375 836 a
403 814 499 836 curru
527 802 657 835 curules
685 802 787 835 sellae
814 808 887 835 sunt
910 806 1108 838 nominatae.

403 853 461 886 12.
514 853 684 897 Tripodes
711 854 881 887 scamnelli
896 852 919 871 ¹¹³
946 861 1037 899 sunt,
1076 856 1237 890 habentes
1267 863 1332 890 tres
1359 858 1480 902 pedes,
1528 857 1585 890 sed
1602 854 1627 874 ²⁰
1654 862 1685 890 et
1713 857 1915 891 candelabra
1942 858 2075 902 tripoda
2104 864 2186 900 sunt,

238 906 316 951 quia
343 905 491 938 similiter
517 910 581 938 tres
607 905 714 949 pedes
743 905 871 939 habent
882 903 917 940 ²¹.

817 991 846 1024 C
873 993 903 1024 A
931 993 967 1027 Ρ.
1020 994 1094 1027 ΧΙΙ.

1173 995 1247 1027 Dc
1299 994 1594 1027 vehiculis.

405 1050 436 1082 l.
491 1049 631 1083 Carrum
660 1062 678 1082 a
706 1051 842 1084 cardine
868 1057 1015 1086 rotarum
1044 1054 1192 1094 dictum,
1236 1053 1324 1087 unde
1351 1060 1384 1087 et
1411 1065 1523 1087 currus
1557 1054 1657 1094 dicti,
1704 1055 1797 1097 quod
1826 1060 1912 1087 rotas
1945 1052 2107 1088 habere²²
2141 1055 2190 1086 vi-

238 1103 357 1136 dentur
369 1098 401 1133 ²³.

343 1154 431 1186 Rota
459 1156 568 1184 autem
585 1149 620 1192 Ἡ,
648 1151 741 1195 quod
763 1158 853 1193 ruat,
881 1159 914 1186 et
940 1155 1119 1188 rotundum
1145 1168 1164 1188 a
1187 1160 1257 1188 rota
1284 1161 1440 1190 vocatum
1452 1153 1485 1188 ²⁵.

757 1201 781 1221 26

402 1204 435 1238 2.
490 1203 614 1236 Rheda
640 1215 745 1249 genus

240 1257 401 1290 haberent
414 1254 438 1272 ²¹*
465 1261 563 1287 rotas.

809 1205 953 1239 vehiculi
980 1212 1123 1250 quatuor
1140 1214 1296 1240 rotarum.

1347 1208 1419 1240 Has
1447 1207 1571 1250 antiqui
1594 1213 1679 1240 retas
1695 1207 1871 1247 dicebant,
1893 1213 2032 1252 propter
2047 1205 2069 1223 ²²
2097 1207 2189 1250 quod

403 1307 436 1341 3.
494 1307 700 1351 Carpentum
727 1307 957 1351 pompaticum
985 1321 1092 1354 genus
1120 1309 1265 1343 vehiculi
1293 1306 1383 1349 essm,
1411 1310 1502 1352 quasi
1530 1321 1660 1343 carrum
1689 1310 1931 1354 pompaticum.

342 1360 528 1392 Plaustrum
545 1358 737 1391 vehiculum
766 1358 906 1392 duarum
922 1366 1086 1404 rotarum,
1114 1374 1183 1406 quo
1197 1358 1222 1379 ³⁰
1249 1373 1350 1394 onera
1366 1361 1570 1395 deferuntur.

240 1411 401 1449 volvitur,
429 1411 521 1454 quasi
550 1410 675 1444 diceret
687 1406 711 1426 ³²
738 1410 908 1454 pilastrum
920 1409 954 1447 ³³.

1625 1362 1671 1395 Et
1698 1361 1824 1395 dictum
1842 1362 2036 1405 plaustrum,
2064 1360 2155 1403 quod
2168 1356 2189 1375 ²³¹

343 1462 571 1496 Can-acutium
599 1461 790 1494 vehiculum
819 1463 1048 1496 altissimarum
1077 1470 1242 1503 rotarum,
1277 1464 1369 1507 quasi
1397 1475 1526 1497 carrum
1555 1469 1697 1497 acutum.

343 1516 471 1558 Capsus
496 1525 632 1547 carruca
659 1513 806 1556 undique
833 1520 987 1549 contecta
1002 1513 1036 1556 ³⁸,
1065 1517 1157 1559 quasi
1185 1527 1295 1560 capsa.

406 1565 440 1599 4.
492 1566 670 1603 Pilentum,
698 1566 750 1598 vel
774 1567 955 1610 petoritum
969 1564 995 1584 ³³
1015 1574 1169 1601 contexta
1197 1573 1338 1612 quatuor
1365 1572 1512 1599 rotarum
1541 1566 1693 1600 vehicula
1708 1562 1741 1603 ³⁶,
1769 1566 1886 1609 quibus
1914 1571 2083 1598 matronae
2112 1565 2190 1597 olim

243 1617 428 1651 utebantur.
484 1617 643 1661 Virgilius
654 1613 695 1648 ³⁷:

470 1667 617 1701 Pilcntis
650 1672 783 1701 matres
797 1665 821 1685 ³¹³
853 1670 888 1702 in
899 1666 923 1686 ³⁹
956 1670 1126 1703 mollibus.

330 1735 358 1771 l)
379 1735 534 1763 *scansilia
557 1740 586 1764 et
609 1734 697 1763 Sede-s·
719 1745 776 1763 om.
800 1736 829 1763 Z.
849 1753 883 1757 —
911 1737 938 1771 52)
964 1737 1012 1765 Sic
1035 1738 1090 1765 Gu.
1118 1739 1142 1767 1.
1163 1737 1199 1765 al.

246 1785 291 1803 va.
313 1793 345 1796 —
367 1777 487 1806 sulcant
505 1778 560 1806 Gu.
577 1780 605 1809 2.
628 1794 670 1799 --
692 1777 814 1806 haerent
838 1778 918 1816 vulg.
941 1796 979 1800 —
999 1778 1028 1819 3)
1054 1781 1200 1818 qnoniam

246 1817 303 1846 Gu.
321 1820 350 1849 2.
374 1829 419 1857 pr.
438 1831 483 1848 va.
507 1838 549 1844 —-
574 1819 603 1859 4)
627 1819 779 1848 considere
805 1821 855 1849 Ar.
886 1838 929 1842 —
958 1820 987 1862 5)
1012 1822 1060 1850 sic
1085 1823 1141 1849 Gu.
1173 1826 1198 1853 1.

247 1862 276 1890 2.
299 1870 346 1888 Va.
365 1877 400 1882 —
429 1863 529 1891 1⁷111·ro
553 1865 597 1891 ait
621 1863 700 1901 vulg.
725 1879 764 1884 ——-
802 1865 831 1901 6)
859 1865 914 1901 qui
937 1864 987 1894 ΑΥ.
1008 1880 1049 1885 ·-—
1072 1866 1100 1901 7)
1127 1865 1199 1892 Item

249 1912 410 1931 om.va.—
428 1906 476 1934 Ar.
502 1911 599 1934 autem
623 1916 679 1934 om.
698 1906 769 1934 llcm
794 1929 799 1935 .
825 1927 832 1935 .
857 1908 979 1935 solium.
1004 1923 1045 1927 —
1067 1910 1095 1944 8)
1115 1907 1200 1935 Sul)-

249 1945 328 1972 Solt'cz
365 1945 418 1972 Gu.
446 1951 473 1978 1.
496 1951 524 1979 2.
548 1959 592 1986 pr.
628 1965 669 1970 —
704 1950 735 1985 9)
758 1948 806 1976 Sic
832 1949 890 1978 Gu.
923 1953 950 1980 1.
974 1951 1002 1980 2.
1031 1949 1065 1977 al,
1091 1960 1136 1988 pr.
1160 1966 1201 1970 —

249 1987 347 2015 sedent
372 1999 452 2026 regns·
476 1990 506 2017 Ζ.
529 2007 569 2011 -
592 2002 636 2018 rm
664 1990 741 2018 sedet
768 1991 849 2029 vulg.
876 2009 912 2012 —
948 1992 994 2028 10)
1018 1994 1068 2018 sui
1091 2003 1147 2022 om.
1169 1992 1199 2021 Z.

254 2047 287 2051 -—
317 2027 362 2069 11)
386 2030 458 2058 seila
483 2033 529 2059 Ar.
553 2049 592 2053 -——
621 2034 666 2070 1⁴2)
693 2040 732 2061 est
757 2044 813 2063 om.
837 2034 867 2063 Z.
890 2050 931 2054 -—
971 2033 1013 2072 13)
1038 2035 1118 2062 Sella
1143 2035 1199 2062 Gu.

251 2075 280 2104 2.
305 2088 346 2094 —-
378 2073 424 2109 14)
449 2075 564 2100 furulis
587 2075 641 2102 Gu.
668 2079 695 2107 2.
724 2092 765 2097 --
792 2077 921 2103 cunda-5
948 2076 1004 2104 Gu.
1034 2080 1057 2107 1.
1083 2094 1117 2098 —
1154 2078 1200 2115 15)

252 2121 312 2143 erat
337 2115 392 2142 Gn.
420 2118 446 2146 1.
463 2117 489 2145 2.
511 2132 552 2136 ——
576 2116 619 2154 16)
643 2120 786 2155 magi-stri
812 2120 867 2147 Gu,
894 2121 920 2150 1.
943 2121 971 2149 2,
999 2135 1041 2141 -·
1066 2118 1113 2160 17)
1136 2120 1202 2147 lon-

250 2156 425 2196 gitudinem
450 2157 504 2185 Gu.
529 2161 554 2188 1.
578 2175 617 2179 —
650 2159 693 2196 15)
718 2160 761 2187 ad
791 2161 893 2189 addidi
917 2171 953 2189 ex
977 2160 1066 2191 Arev.
1094 2181 1131 2184 —
1158 2164 1200 2197 19)

253 2200 301 2227 Sic
317 2200 366 2228 Ar.
392 2210 436 2228 va.
460 2217 498 2221 -—
522 2200 645 2228 scabelli
668 2202 747 2239 vulg.
768 2220 804 2224 —
829 2206 873 2238 ΞΟ)
890 2203 944 2231 sed
965 2204 1068 2233 on1.Z.
1091 2221 1132 2224 —
1154 2203 1203 2243 21)

254 2243 303 2269 Sic
321 2242 376 2269 Gu-
401 2246 412 2272 1
444 2258 483 2263 —-
500 2242 607 2270 habent
631 2248 689 2269 tre-s
706 2243 775 2280 ped.
798 2246 881 2282 vulg.
905 2262 946 2267 -—
969 2252 1028 2273 tre-5
1049 2245 1201 2285 lmqul.

255 2285 354 2315 Gu.2.
377 2294 421 2322 pr.
444 2294 488 2312 va.
512 2301 552 2306 —
576 2282 623 2323 23)
646 2290 729 2312 rotas
755 2286 838 2323 quod
858 2288 927 2317 luch.
952 2298 996 2316 va.
1021 2305 1056 2309 —
1083 2287 1130 2328 23)
1153 2290 1200 2317 ι’ί-

255 2326 395 2354 derentur
417 2326 447 2354 Z.
470 2343 510 2347 —-
533 2328 577 2361 24)
593 2326 680 2364 Vulg.
704 2327 771 2355 add.
794 2327 893 2365 dicta,
920 2331 1000 2368 quod
1023 2341 1079 2359 0111.
1103 2332 1159 2360 Gu.
1176 2334 1201 2362 1.

258 2386 295 2390 —-
315 2372 361 2404 25)
381 2374 504 2397 uocatur
526 2369 555 2396 Z.
583 2385 617 2389 —
647 2366 693 2408 ⁶26)
717 2375 757 2396 eal
778 2369 843 2397 add.
865 2371 1023 2410 ven—27)
1042 2380 1201 2411 propterea

1244 1736 1295 1764 Ar.
1320 1751 1361 1756 —
1383 1735 1430 1775 28)
1453 1734 1562 1762 hahent
1586 1744 1630 1763 va.
1655 1749 1696 1756 —
1718 1736 1766 1771 29)
1789 1734 1837 1761 Sic
1862 1736 1918 1763 Gn.
1939 1736 1963 1763 1.
1987 1750 2019 1754 --
2042 1733 2105 1761 veh.
2124 1744 2191 1771 gen.

1244 1784 1285 1806 cst
1302 1778 1381 1816 vulg.
1405 1794 1446 1800 —
1469 1783 1510 1805 est
1533 1788 1591 1807 om.
1614 1777 1645 1805 Z.
1668 1786 1715 1805 va.
1733 1776 1782 1804 Ar.
1806 1793 1847 1797 -—
1870 1775 1975 1813 30)Sic
1999 1776 2054 1806 Gu.
2073 1779 2099 1807 1.
2115 1778 2192 1807 2.-

1245 1821 1355 1859 ιμιὶύιω·
1382 1820 1463 1858 vulg.
1487 1837 1525 1841 ——-
1559 1817 1608 1859 31)
1631 1819 1679 1847 Sic
1703 1820 1759 1847 Gu.
1781 1821 1806 1850 1.
1829 1821 1857 1850 2.
1880 1834 1921 1838 —
1951 1819 2024 1856 quia
2047 1818 2127 1856 vulg.
2151 1834 2193 1840 —

1243 1865 1289 1900 32)
1317 1863 1364 1891 Sic
1386 1863 1443 1892 Gu.
1470 1866 1496 1894 1.
1520 1864 1546 1893 2.
1565 1863 1601 1890 al.
1625 1872 1669 1900 pr.
1693 1871 1738 1891 va.
1762 1876 1801 1883 -—
1827 1860 1938 1888 diceres
1961 1861 2011 1889 Ar.
2040 1877 2077 1882 —
2108 1859 2192 1888 dicat

1243 1906 1325 1944 vulg.
1350 1922 1390 1927 —
1414 1906 1480 1934 Om.
1503 1904 1628 1933 verbum
1651 1905 1680 1933 Z.
1704 1920 1746 1925 ——
1767 1903 1815 1942 33)
1838 1903 1886 1932 Sic
1908 1904 1937 1932 Z.
1963 1903 2020 1931 Gu.
2046 1906 2071 1933 1.
2097 1905 2124 1933 2.
2141 1903 2191 1931 Ar.

1243 1965 1285 1969 —
1303 1949 1493 1987 [timu-stram
1515 1948 1596 1985 vulg.
1622 1966 1657 1969 —
1691 1948 1740 1983 34)
1761 1946 1809 1974 Sic
1827 1947 1875 1975 Ar.
1896 1962 1932 1967 ——
1957 1951 2092 1973 contexta
2113 1945 2191 1982 vulg.

1244 2009 1284 2012 -——
1305 1993 1350 2028 55)
1374 1992 1504 2029 petorita
1528 1991 1557 2018 Z.
1583 2007 1619 2011 —-
1640 1990 1830 2028 praetorium
1856 1993 1984 2027 utroque
2006 1988 2073 2016 loeo
2092 1988 2147 2015 Gu.
2164 1991 2191 2017 1.

1245 2037 1273 2065 2.
1299 2050 1335 2054 —
1359 2031 1405 2072 36)
1428 2033 1475 2061 Sic
1494 2033 1523 2060 Z.
1541 2033 1595 2060 Gu.
1614 2036 1639 2063 1.
1657 2034 1686 2062 2.
1711 2032 1747 2060 al.
1771 2042 1816 2060 va.
1844 2033 1891 2059 Ar.
1916 2047 1956 2052 —
1978 2036 2143 2058 contextum
2165 2051 2191 2056 ..

1248 2076 1417 2103 vehiculum
1441 2075 1522 2112 vulg.
1542 2091 1584 2096 —
1607 2077 1653 2110 37)
1672 2075 1745 2103 Aen.
1758 2074 1833 2108 Vlll,
1848 2075 1919 2105 666.
1949 2089 1989 2095 —
2018 2075 2064 2110 38)
2086 2075 2193 2100 matris

1248 2119 1303 2146 Gu.
1326 2121 1351 2149 1.
1370 2134 1411 2139 -
1431 2120 1475 2151 39)
1495 2119 1527 2145 in
1549 2117 1651 2146 addidi
1675 2128 1711 2145 ex
1736 2118 1783 2147 Ar.
1812 2134 1848 2138 -
1888 2115 1936 2153 40)
1959 2115 2055 2151 Sat.1,
2075 2117 2104 2150 6,
2126 2114 2192 2145 104.

1248 2178 1286 2182 -
1308 2161 1355 2196 41)
1379 2159 1485 2190 dulae,
1511 2161 1541 2188 Z.
1566 2161 1622 2189 Gu.
1647 2164 1673 2190 1.
1696 2170 1741 2187 va.
1769 2177 1807 2181 —
1832 2160 1879 2195 ΨΒ)
1909 2164 2011 2186 autem
2036 2167 2090 2196 pro
2113 2157 2192 2193 vulg.

1247 2205 1325 2230 enim
1349 2203 1378 2229 Z.
1403 2203 1457 2230 Gu.
1483 2205 1507 2233 1.
1528 2213 1573 2231 va.
1598 2203 1645 2232 Ar,
1677 2218 1717 2223 ——
1753 2203 1798 2238 43)
1815 2202 1912 2228 rosata*
1937 2201 1967 2228 Z.
1991 2210 2037 2230 va,
2066 2215 2105 2221 -
2143 2199 2190 2233 44)

1244 2245 1330 2281 Vulg.
1355 2245 1421 2274 add.
1453 2247 1586 2280 itineris,
1622 2246 1712 2283 quasi
1742 2246 1808 2272 ι’ἰαε
1835 2249 1936 2271 stet-na
1963 2245 2097 2280 (sternax
2117 2240 2189 2276 Ain),

1244 2287 1387 2314 mollzlues
1409 2289 1583 2315 Arrana-ntis
1613 2293 1653 2315 cst
1672 2289 1793 2325 posita,
1824 2297 1843 2313 α
1867 2285 1983 2313 duobus
2005 2282 2192 2311 animalibus

1244 2329 1430 2368 ‹lepor-tatur.
1474 2330 1554 2359 Haec
1583 2341 1641 2359 orn.
1676 2330 1731 2358 Gu.
1753 2332 1776 2359 1.
1798 2331 1826 2360 2.
1858 2344 1899 2349 —-
1927 2336 2053 2363 compos.
2082 2326 2190 2353 omisso

1244 2378 1285 2400 est
1310 2372 1358 2409 Z.‚
1382 2373 1462 2411 quod
1486 2374 1571 2401 etiam
1596 2383 1641 2401 va.
1664 2382 1719 2400 om.
1744 2387 1783 2392 —-
1809 2382 1827 2397 ιι
1858 2369 1945 2397 duob.
1978 2368 2025 2395 vel
2048 2368 2191 2405 plut-ilaus
