2264 2830
804 119 1050 155 ORlGlNUM
1086 120 1230 155 LIBER
1259 121 1315 156 VI.
1963 124 2038 158 199

87 221 206 254 eadem
235 219 401 251 dixerunt:
430 213 641 255 Matthaeus,
676 214 829 257 Marcus,
862 216 988 259 Lucas,
1026 216 1191 249 lohannes
1204 213 1238 249 ³¹.
1292 216 1485 257 Secundus,
1513 217 1544 249 in
1571 217 1691 261 quibus
1718 222 1798 250 tres:
1835 217 2040 261 Matthaeus,

86 273 244 310 Marcus,
271 263 426 303 Lucas-³².
479 266 631 306 Tertius,
664 266 840 310 inquibus
866 274 947 302 tres:
987 268 1199 311 Matthaeus,
1233 268 1361 309 Lucas,
1398 265 1607 302 lohannes³³.
1662 270 1825 311 Quartus,
1859 270 1892 301 in
1919 271 2041 313 quibus

86 329 167 357 tres:
196 322 408 361 Matthaeus,
435 318 589 358 Marcus,
617 317 781 351 lohannes
792 316 825 352 ³⁴.

252 373 287 407 3,
338 370 494 412 Quintus,
516 369 548 401 in
574 369 693 412 quibus
721 371 808 403 duo:
837 370 1045 411 Matthaeus,
1073 370 1192 405 Lucas.
1246 370 1374 411 Sextus,
1402 371 1434 403 in
1461 372 1579 414 quibus
1604 371 1689 405 duo:
1716 371 1920 411 Matthaeus,
1943 372 2038 404 Mar-

86 437 153 460 cuS.
207 425 396 470 Septimus,
423 421 455 453 in
478 421 598 464 quibus
626 421 710 455 duo:
738 422 951 465 Matthaeus,
982 423 1159 455 lohannes.
1213 422 1380 464 Octavus,
1407 423 1439 454 in
1466 424 1586 466 quibus
1613 424 1700 457 duo:
1735 425 1863 465 Lucas,
1888 424 2036 459 Marcus.

86 479 222 521 Nonus,
246 478 278 510 in
303 475 422 518 quibus
448 472 534 506 duo:
568 473 698 514 Lucas,
725 474 900 508 lohannes.

250 528 283 561 4.
338 524 510 567 Decimus,
551 525 583 557 in
617 526 737 568 quibus
774 527 894 571 singuli
929 537 1044 559 eorum
1081 524 1247 568 quaedam
1285 524 1424 568 propria
1494 525 1661 567 dixerunt,
1695 538 1840 570 quorum
1873 527 2036 571 expositio

88 581 175 614 haec
202 584 259 613 est.
313 579 379 611 Per
404 576 553 621 singulos
576 578 663 610 enim
690 578 924 623 Evangelistas
958 589 1112 610 numerus
1145 576 1284 620 quidam
1308 577 1460 621 capitulis
1487 578 1606 609 aslixus
1633 578 1783 618 adiacet,
1817 579 1937 622 quibus
1972 591 2036 612 nu-

83 633 182 666 meris
208 630 342 665 subdita
369 633 416 663 est
443 640 519 661 aera
530 625 555 645 ³⁶
578 629 746 672 quaedam
767 631 868 663 minio
894 634 1024 671 notata,
1059 640 1146 673 quae
1172 628 1315 671 indicat,
1345 629 1378 661 in
1413 634 1517 673 quoto
1551 640 1679 664 canone
1703 630 1829 675 positus
1852 630 1891 663 sit
1918 642 2035 663 nume-

83 695 152 725 rus,
176 683 229 717 cui
257 682 405 715 subiecta
433 685 482 713 est
508 692 594 712 aera.

245 741 280 775 5.
334 741 437 775 Verbi
463 741 587 784 gratia:
621 741 658 774 Si
685 746 733 774 est
760 753 837 775 aera
863 741 990 786 prima,
1017 742 1050 773 in
1071 739 1181 784 primo
1205 751 1351 784 canone,
1384 740 1411 773 si
1437 740 1595 782 secunda,
1622 740 1655 773 in
1675 741 1843 782 secundo,
1869 742 1894 774 si
1928 742 2034 784 tertia,

81 795 114 828 in
140 794 258 836 tertio,
286 798 319 827 et
347 793 394 827 sic
420 804 483 837 per
510 793 663 826 ordinem
690 805 795 836 usque
822 794 866 826 ad
893 793 1063 827 decimum
1090 792 1262 837 pervenies
1272 788 1307 826 ³⁷.

245 852 280 886 6.
333 854 369 887 Si
396 852 497 898 igitur
523 853 676 896 quolibet
703 858 821 897 aperto
835 850 860 870 ³⁸
886 853 1064 897 evangelio
1091 852 1255 896 placuerit
1281 851 1384 893 scire,
1424 853 1481 895 qui
1510 852 1714 896 reliquorum
1742 851 2035 896 Evangelistarum

81 905 204 939 similia
227 905 398 947 dixerunt,
432 901 611 938 assumes³⁹
639 905 847 938 adiacentem
883 916 1058 938 numerum
1098 904 1253 948 capituli,
1289 908 1322 936 et
1348 905 1495 947 requires
1507 901 1529 921 ¹⁰
1562 905 1672 948 ipsum
1709 915 1886 936 numerum
1914 903 1947 935 in
1974 914 2033 935 suo

81 968 227 998 canone,
260 968 361 1000 quem
403 956 543 999 indicat,
586 956 702 999 ibique
735 957 894 998 invenies,
938 960 1020 999 quot
1053 960 1086 989 et
1119 955 1176 999 qui
1189 952 1212 972 '²¹
1247 953 1449 997 dixeru11t⁴²‚
1492 961 1525 989 et
1565 956 1611 989 ita
1643 955 1779 988 demum
1812 956 1845 988 in
1889 965 2034 998 corpore

79 1009 232 1052 inquisita
270 1009 364 1051 loca,
397 1020 483 1052 quae
518 1018 558 1041 ex
598 1008 676 1053 ipsis
710 1009 854 1042 numeris
893 1008 1079 1042 indicantur
1091 1003 1133 1049 ⁴³,
1179 1018 1243 1052 per
1278 1007 1408 1052 singula
1443 1008 1621 1053 evangelia
1656 1007 1774 1041 dixisse
1803 1007 1847 1041 de
1874 1002 2032 1040 eisdem⁴³

78 1061 231 1095 invenies.

1435 521 1460 542 35

438 1134 590 1169 CAP.
643 1135 734 1169 XVI.
813 1136 882 1170 De
920 1135 1231 1170 canonibus
1279 1135 1672 1170 Conciliorum.

244 1202 277 1235 l.
330 1201 447 1236 Canon
473 1208 584 1237 autem
611 1204 763 1247 Graece,
784 1205 903 1238 Latine
930 1205 1051 1249 regula
1079 1208 1299 1247 nuncupatur.
1352 1204 1488 1249 Regula
1525 1209 1636 1237 autem
1664 1203 1771 1243 dicta,
1812 1202 1906 1246 quod
1939 1206 2029 1235 recte

77 1255 185 1296 ducit,
208 1251 306 1288 nec⁴5
332 1255 514 1298 aliquando
538 1256 696 1289 aliorsum
722 1256 833 1289 trahit.
887 1257 955 1289 Alii
982 1256 1134 1288 dixerunt
1160 1256 1312 1300 regulam
1339 1255 1486 1296 dictam,
1512 1256 1566 1288 vel
1593 1254 1686 1299 quod
1711 1258 1827 1299 regat,
1854 1253 1907 1286 vel
1934 1253 2028 1297 quod

80 1319 231 1340 normam
258 1310 349 1339 recte
375 1306 508 1338 vivendi
535 1307 712 1351 praebeat,
740 1308 792 1340 vel
820 1304 931 1350 quia⁴⁴⁵
957 1307 1130 1339 distortum
1157 1317 1366 1350 pravumque
1379 1303 1404 1323 ⁴⁷
1431 1306 1588 1351 corrigat.

242 1357 276 1389 2.
329 1356 481 1390 canones
505 1363 613 1391 autem
635 1359 843 1403 generalium
871 1358 1087 1393 conciliorum
1097 1355 1122 1374 ⁴⁸
1143 1369 1162 1390 a
1183 1358 1391 1402 temporibus
1408 1357 1612 1391 Constantini
1634 1360 1828 1400 coeperunt.
1868 1356 1906 1388 In
1928 1367 2028 1400 prae-

77 1408 273 1444 cedentibus
300 1419 443 1451 namque
472 1409 580 1449 annis,
606 1410 839 1455 persecutione
865 1411 1031 1452 fervente,
1056 1409 1285 1443 docendarum
1312 1409 1465 1454 plebium
1493 1409 1627 1442 minime
1655 1408 1796 1440 dabatur
1825 1406 1975 1440 facultas.

240 1459 273 1492 3.
324 1459 407 1492 Inde
435 1459 661 1494 Christianitas
687 1461 719 1493 in
747 1462 890 1494 diversas
915 1461 1068 1494 haereses
1094 1461 1194 1494 scissa
1217 1457 1316 1501 estw,
1359 1461 1437 1504 quia
1470 1472 1538 1494 non
1572 1464 1643 1493 erat
1669 1458 1836 1503 episcopis
1859 1452 2027 1490 licentia5⁰

74 1513 106 1545 in
133 1522 235 1545 unum
263 1512 458 1554 convenire,
489 1512 548 1545 nisi
582 1517 737 1558 tempore
771 1513 953 1558 supradicti
979 1513 1203 1558 Imperatoris.
1262 1512 1339 1556 lpse
1371 1513 1458 1546 enirn
1491 1512 1586 1545 dedit
1611 1511 1805 1545 facultatem
1831 1508 2026 1543 Christianis

73 1564 178 1598 libere
205 1562 418 1607 congregari.

236 1613 272 1646 4.
324 1613 395 1646 Sub
423 1613 492 1648 hoc
518 1614 618 1648 etiam
650 1614 753 1648 sancti
779 1615 895 1649 Patres
930 1616 963 1648 in
991 1615 1139 1648 Nicaeno
1175 1609 1353 1648 concilio⁵¹
1387 1614 1432 1648 de
1463 1614 1556 1646 omni
1588 1612 1673 1646 orbe
1703 1616 1866 1645 ten-arum
1900 1621 2024 1645 conve·-

71 1666 196 1700 nientes
240 1665 330 1698 iuxta
369 1665 473 1699 fidem
520 1666 751 1712 evangelicam
800 1672 834 1700 et
870 1667 1089 1713 apostolicam
1132 1666 1316 1700 secundum
1355 1670 1434 1711 post
1472 1665 1658 1710 Apostolos
1689 1663 1898 1697 tradiderunt
1933 1674 2024 1707 sym-

70 1719 187 1752 bolum
197 1713 231 1749 ⁵².

234 1765 270 1800 5.
323 1767 413 1800 Inter
438 1772 570 1802 caetera
596 1773 707 1803 autem
734 1769 878 1803 concilia
905 1774 1048 1813 quatuor
1075 1781 1144 1802 esse
1155 1765 1180 1786 ⁵³
1205 1768 1409 1802 venerabiles
1435 1767 1597 1812 synodos,
1637 1777 1724 1810 quae
1758 1769 1863 1799 totam
1898 1763 2022 1809 princi-

70 1820 192 1865 paliter
216 1819 319 1852 fldem
342 1820 628 1864 complectuntur,
651 1822 746 1865 quasi
774 1822 951 1866 evangelia
977 1817 1171 1865 quatuor⁵⁴‚
1199 1821 1251 1853 vel
1273 1820 1415 1853 totidem
1441 1819 1588 1864 paradisi
1614 1818 1759 1851 flumina.

234 1870 269 1903 6.
320 1871 450 1904 Harum
484 1873 579 1917 prior
591 1869 616 1890 ⁵⁵
649 1873 799 1907 Nicaena
834 1873 981 1918 synodus
1013 1877 1237 1908 trecentorum
1271 1872 1463 1907 octodecim
1475 1868 1501 1889 ⁵⁶
1534 1870 1773 1916 episcoporum
1806 1865 2021 1902 Constantino

69 1989 115 2008 va.
144 1994 186 2000 —
215 1977 261 2018 31)
285 1978 370 2018 Vulg.
393 1985 420 2007 ee
442 1980 523 2018 Iolz.,
555 1981 607 2010 sed
630 1987 657 2010 et
679 1992 737 2010 om.
763 1982 822 2011 Gu.
849 1984 877 2014 1.
901 2001 939 2005 —
973 1985 1018 2017 32)
1062 1982 1111 2020 44)
1138 1982 1187 2010 sic
1211 1981 1267 2011 Gu.
1286 1985 1312 2012 1.
1333 1997 1374 2003 ——
1397 1980 1485 2018 Vulg.
1514 1978 1551 2008 de
1573 1978 1647 2008 eisd.
1669 1977 1732 2007 dix.
1763 1994 1805 2001 —
1841 1978 1889 2014 45)
1914 1986 1968 2004 ne.
1987 1997 1994 2004 -
2012 1998 2019 2004 -

68 2022 115 2050 Sic
130 2022 186 2050 Gu.
201 2024 226 2053 1.
243 2024 270 2053 2.
295 2024 344 2051 Ar.
358 2038 400 2044 —-
417 2022 502 2061 Vulg.
525 2025 632 2061 Luca-s,
656 2026 848 2054 Illarcus.—
870 2026 917 2062 33)
934 2025 1019 2062 Vulg.
1062 2025 1168 2053 trallae
1200 2025 1256 2055 Gu.
1277 2026 1308 2054 2.
1328 2039 1371 2045 —
1398 2024 1447 2061 46)
1471 2022 1556 2061 quod
1583 2024 1640 2052 Gu.
1657 2024 1686 2053 2.
1707 2038 1751 2044 —
1781 2018 1829 2060 47)
1852 2017 1929 2058 quid
1950 2017 2017 2046 add·

69 2070 96 2092 et
118 2065 200 2099 Iol1.‚
223 2064 273 2092 sed
296 2070 322 2092 et
345 2075 401 2094 om.
427 2066 483 2094 Gu.
502 2069 528 2097 1.
545 2070 573 2099 2.
596 2068 645 2096 Ar.
670 2083 712 2089 —-
734 2066 780 2106 34)
803 2073 829 2095 et
852 2067 915 2099 loll,
939 2067 1018 2098 Edit.
1062 2068 1119 2098 Gu.
1136 2070 1166 2099 2.
1188 2077 1235 2095 va.
1259 2066 1310 2095 Ar.
1334 2083 1373 2090 -·
1395 2066 1445 2104 48)
1461 2066 1689 2104 evangeliorum
1713 2065 1768 2093 Gu-
1787 2067 1816 2095 1.
1841 2079 1880 2084 -·
1905 2062 1952 2096 49)
1968 2060 2017 2089 5Ῑο

69 2106 160 2137 Goth.
184 2107 242 2134 Gu.
267 2110 293 2138 1.
316 2118 362 2147 pr.
385 2117 430 2137 va.
453 2124 495 2130 —
521 2111 568 2149 35)
592 2110 641 2139 Sic
662 2110 717 2139 Gu.
736 2112 762 2141 1.
779 2126 822 2132 —
846 2110 930 2149 Vulg.
941 2121 1018 2148 pro·
1062 2110 1119 2141 Gu.
1137 2113 1163 2142 1.
1183 2113 1210 2142 2.
1230 2120 1275 2148 pr.
1292 2120 1339 2138 va.
1359 2125 1402 2132 -—
1422 2114 1465 2137 est
1489 2110 1588 2137 scissa
1609 2108 1690 2146 vulg.
1716 2124 1752 2130 —
1778 2104 1825 2144 50)
1843 2104 1892 2133 Sic
1914 2104 1970 2132 GU·
1989 2105 2016 2134 l·

65 2151 137 2187 pria
164 2148 326 2188 quaedam.
361 2166 405 2171 -—-
442 2153 488 2184 36)
513 2162 586 2180 area
607 2153 645 2183 al.
669 2162 732 2181 var.
757 2152 824 2181 lect.
846 2164 893 2192 ap.
927 2152 1016 2182 Goth.
1059 2168 1101 2175 -
1121 2153 1221 2181 licent.
1245 2154 1335 2191 episc.
1358 2151 1440 2190 vulg.
1454 2167 1497 2173 —-
1520 2152 1568 2190 51)
1582 2151 1630 2180 Sic
1646 2151 1703 2179 Gu.
1722 2152 1748 2180 1.
1763 2147 1924 2177 -εοηείἷ-
1943 2146 2012 2174 ΜΟ-

69 2191 176 2220 Eadem
200 2192 328 2221 varietas
351 2197 395 2221 est
417 2192 504 2223 infra.
531 2209 572 2216 —
593 2195 642 2232 37)
661 2197 835 2233 perveniens
859 2198 914 2226 Gu.
937 2199 963 2227 1.
978 2212 1020 2218 —
1061 2195 1143 2233 vulg.
1174 2211 1215 2217 —
1246 2196 1293 2232 52)
1316 2194 1442 2233 symbol.
1469 2193 1550 2225 trad.
1583 2195 1642 2223 Gu.
1664 2195 1694 2224 2.
1715 2191 1765 2222 Ar.
1786 2207 1828 2213 —
1857 2190 1905 2229 53)
1927 2188 2009 2222 vul&-

69 2235 116 2271 38)
136 2235 185 2263 Sic
201 2235 295 2266 Gu.1.
318 2251 360 2256 —
382 2235 468 2273 Vulg.
491 2242 593 2274 aperto
617 2238 757 2276 quolibet.
791 2255 826 2260 —
856 2242 901 2277 39)
925 2249 1019 2267 assu-
1062 2238 1129 2267 add.
1151 2240 1282 2274 scimus,
1307 2237 1389 2277 quod
1415 2247 1472 2266 om.
1488 2238 1545 2266 Gu.
1561 2240 1589 2268 1.
1604 2239 1632 2267 2.
1649 2236 1687 2264 al.
1710 2253 1750 2258 —
1773 2233 1822 2272 54)
1841 2233 1891 2260 Sic
1911 2231 1963 2258 Ga·
1981 2229 2008 2257 1·

69 2285 150 2303 men-5
171 2277 230 2306 Gu.
250 2281 275 2308 1.
292 2293 333 2298 —
349 2288 495 2306 assumus
518 2280 574 2307 Gu.
591 2282 619 2310 2.
641 2296 684 2301 —-
704 2279 753 2315 40)
770 2283 900 2319 requiris
923 2282 1017 2312 Gu.2.
1062 2297 1100 2302 —
1124 2281 1212 2319 Vulg.
1237 2287 1372 2319 quatuor
1394 2291 1500 2320 evang.
1523 2296 1558 2302 —
1586 2284 1720 2318 quatuor
1738 2276 1889 2306 animalia
1907 2270 1944 2298 ³1·
1967 2283 2005 2290 ‘-

68 2333 110 2339 -—
131 2317 177 2356 41)
198 2320 246 2347 Sic
268 2320 326 2349 Gu.
354 2323 379 2350 1.
407 2321 456 2351 Ar.
483 2337 525 2344 —
549 2322 633 2359 Vulg.
657 2323 711 2360 qui
740 2327 766 2349 et
790 2323 876 2361 quid,
900 2341 939 2345 —
970 2323 1016 2363 42)
1059 2324 1106 2359 55)
1128 2323 1177 2352 Sic
1198 2324 1254 2352 Gu.
1276 2328 1301 2356 1.
1325 2328 1352 2357 2.
1376 2323 1411 2355 al.
1431 2339 1475 2346 --
1497 2324 1604 2363 prima
1623 2322 1706 2361 vulg.
1728 2337 1763 2344 —
1792 2318 1838 2349 56)
1860 2313 1956 2341 decem
1978 2314 2005 2337 ’Δ

70 2359 200 2389 dixerint
229 2362 287 2392 Gu.
307 2366 335 2395 2.
352 2363 402 2392 Ar.
428 2380 465 2385 —
488 2364 537 2402 43)
565 2366 696 2393 numeris
725 2364 819 2396 indic.
850 2368 908 2398 Gu.
923 2370 953 2399 2.
976 2384 1015 2389 -
1059 2371 1124 2394 octo
1148 2367 1204 2396 Gu.
1227 2369 1257 2398 2-
