2264 2830
836 87 1083 122 ORIGINUM
1118 90 1264 125 LlBER
1290 93 1347 126 lx.
1995 97 2070 131 307

285 185 320 220 9.
375 184 464 217 Avus
491 188 586 229 pater
612 183 713 227 patris
724 178 748 198 ²⁰
776 187 841 224 est,
869 183 912 215 ab
940 194 1022 216 aevo
1050 183 1173 227 dictus,
1200 186 1235 220 id
1263 191 1311 219 est
1334 187 1376 220 ab
1405 185 1605 229 antiquitate.

224 237 371 269 l‘roavus
402 237 452 268 :ui
480 241 575 280 pater
599 240 661 275 est,
686 235 778 278 quasi
806 246 915 278 prope
929 231 954 251 ³⁰
979 246 1087 268 avum.

223 289 359 321 Abavus
387 288 504 332 proavi
530 291 624 331 pater
651 292 699 319 est
711 283 754 327 ³¹,
782 287 847 319 iam
874 287 978 331 longe
1009 288 1051 320 ab
1079 300 1151 321 avo.

225 341 348 373 Atavus
375 339 470 372 abavi
496 344 601 382 pater.

290 391 348 425 lo.
399 391 554 423 Tritavus
581 389 666 422 atavi
693 393 807 432 pater,
843 389 935 432 quasi
962 393 1121 431 tetravus,
1164 391 1199 423 id
1224 396 1272 424 est
1299 395 1434 434 quartus
1468 388 1601 434 super³²
1628 403 1726 425 avum
1738 388 1771 424 ³⁴¹.
1832 391 1902 426 Sed
1936 394 2070 428 tritavus

123 443 274 476 ultimum
303 443 509 487 cognationis
537 447 584 474 est
611 438 774 473 mnnen‘u.
830 441 972 473 Familia
1000 439 1122 474 enim²¹⁵
1150 444 1253 476 oritur
1279 455 1298 475 a
1326 449 1439 487 patre,
1467 444 1657 476 terminatur
1684 445 1716 476 in
1744 443 1871 477 tritavo.

289 494 346 526 ll.
400 494 502 526 Filius
527 499 560 525 et
586 493 653 524 tilia
682 505 700 524 a
724 493 849 525 familia
876 493 957 526 dicti
983 499 1057 525 sunt
1070 491 1114 532 ³⁵¹⁵,
1146 495 1208 538 ipsi
1236 495 1322 527 enim
1351 495 1450 538 primi
1477 495 1510 526 in
1541 496 1656 527 ordine
1688 497 1891 529 nascentium
1920 496 2068 531 existunt.

123 545 224 578 Unde
245 552 277 578 et
310 545 464 578 Cornelia
491 545 619 577 familia
646 545 717 588 ipsa
743 546 839 588 stirps
852 541 875 561 ³³
904 545 1009 577 omnis
1035 557 1054 577 a
1081 545 1240 578 Cornelio
1265 551 1345 578 orta.

286 597 343 631 12.
396 597 539 629 Familia
570 601 679 629 autem
706 608 726 628 a
762 597 900 630 femore.
966 594 1126 629 κἐιιιιιι·38
1160 598 1245 631 enim
1285 609 1391 643 genus
1427 602 1474 630 est
1501 601 1533 629 et
1567 593 1690 642 stirps-‘¹‘

123 648 247 681 familia
272 660 335 693 pro
362 650 461 681 servis
492 649 644 687 abusive,
684 660 751 680 non
780 649 918 693 proprie
946 648 1076 681 dicitur.

288 700 345 732 13.
398 698 541 744 Stirps⁴⁰
570 712 609 732 ex
633 701 738 744 longa
764 700 896 744 generis
917 700 1159 744 significatione
1186 706 1334 734 vocatur.

224 751 352 784 Gnatus
380 749 520 786 ‹lictus⁴¹
549 749 675 795 quasin
698 758 885 796 generatus.
940 751 1040 784 Unde
1067 757 1099 785 et
1122 764 1184 797 per
1207 764 1232 797 g
1260 752 1422 785 scribitur.

222 803 367 836 Soboles
395 815 454 843 eo,
482 804 575 847 quod
604 804 788 836 substitutio
816 805 857 836 sit
882 804 1024 847 generi-¹.

287 855 344 890 14.
399 852 701 899 Qnadripertitus⁴³
727 861 837 888 autem
866 854 950 887 ordo
986 855 1131 887 filiorum
1159 859 1207 887 est
1232 855 1277 887 ita
1290 851 1322 886 ⁴¹.
1385 853 1600 897 Lnigenitus,
1636 853 1897 897 primogenitus,
1931 855 2071 895 medius,

121 905 323 941 novissimus.
392 907 608 951 Unigenitus,
643 907 735 949 quod
770 908 809 939 sit
841 908 956 940 unicus
969 903 1010 947 ⁴⁵,
1060 917 1121 939 nec
1156 912 1249 946 ante,
1289 916 1350 939 nec
1380 911 1456 949 post
1490 917 1590 948 quem
1604 901 1628 921 ‘¹¹³
1664 905 1759 938 ullus.
1826 906 2072 950 Primogenitus

122 954 287 999 autem⁴⁷‚
316 964 391 991 ante
418 971 519 1002 quem
547 958 668 992 nullus,
721 958 874 1000 Medius,
910 959 994 991 inter
1021 969 1146 991 omneS.
1201 957 1425 999 Novissimus,
1459 962 1535 1001 post
1562 968 1686 990 omnes.
1754 956 1854 990 Unde
1866 953 1891 973 ⁴⁸
1919 964 1950 990 et
1973 959 2072 990 mini-

121 1020 194 1041 mus
218 1021 237 1041 a
267 1010 422 1043 monade.
480 1011 683 1043 Novissimus
706 1016 837 1052 autem,
872 1014 1014 1054 propter
1045 1009 1138 1053 quod
1164 1021 1286 1050 novus,
1328 1010 1406 1052 qnia
1439 1010 1564 1042 caeteri
1601 1008 1840 1054 praecedendo
1871 1010 2071 1052 antiquiores

122 1061 270 1094 existunt.

287 1109 347 1146 15.
402 1112 555 1154 Quatuor
582 1109 700 1145 etiam³
750 1112 859 1145 modis
891 1112 952 1145 filii
989 1113 1221 1157 appellantur,
1257 1116 1393 1155 natura,
1427 1111 1625 1153 imitatione,
1667 1111 1867 1155 adoptione,
1910 1110 2071 1145 doctrina.

122 1163 265 1204 Natura,
294 1164 394 1197 veluti
418 1176 494 1198 cum
505 1162 529 1182 ⁵⁰
556 1165 711 1198 dicuntur
738 1165 797 1196 tilii
830 1164 991 1197 Abrahae
1018 1165 1143 1197 ludaei.
1197 1164 1401 1204 limitatione,
1443 1168 1477 1196 ut
1503 1164 1603 1207 ipsius
1637 1163 1797 1196 Abrahae
1824 1162 1928 1195 fidem
1942 1159 1963 1179 ⁵¹
1997 1163 2072 1196 imi-

123 1219 227 1248 tantes
255 1226 295 1248 ex
329 1216 502 1260 gentibus,
540 1217 672 1250 dicente
706 1216 895 1260 Evangelio
908 1213 946 1248 52:
994 1216 1123 1249 Potens
1154 1219 1203 1248 est
1238 1215 1336 1248 Deus
1370 1215 1416 1248 de
1451 1215 1632 1258 lapidibus
1665 1215 1738 1248 istis
1770 1215 1943 1247 suscitare
1970 1214 2072 1261 filios

124 1266 311 1305 Abrahae,
350 1267 404 1299 vel
431 1268 514 1301 sicut
547 1268 709 1300 Dominus
744 1263 918 1299 ΙιιιῙτιεοε53
948 1267 1034 1298 filios
1065 1267 1193 1298 diaboli
1224 1263 1355 1306 dicit⁵¹‚
1395 1278 1414 1298 a
1441 1277 1509 1308 quo
1533 1277 1599 1298 non
1625 1263 1743 1306 natis's’,
1783 1265 1842 1298 sed
1869 1277 1971 1308 quem
1997 1267 2071 1299 fue-

121 1314 228 1350 rant⁵⁰
260 1318 386 1352 imitati.

291 1368 347 1401 16.
401 1369 598 1412 Adoptione
625 1379 776 1411 quoque,
812 1367 905 1411 quod
937 1367 1083 1400 humana
1118 1367 1356 1401 consuetudine
1369 1363 1394 1382 ⁵⁷
1426 1367 1507 1399 nulli
1541 1367 1619 1400 licet
1652 1366 1796 1408 nescire,
1824 1366 1877 1399 vel
1904 1367 1986 1400 sicut
2012 1378 2071 1400 nos

124 1420 198 1451 Deo
225 1430 290 1452 non
318 1426 450 1461 natura,
478 1420 537 1452 sed
565 1420 750 1464 adoptione
779 1419 934 1452 dicimus:
985 1419 1098 1452 Pater
1122 1423 1255 1459 noster,
1283 1420 1342 1463 qui
1369 1429 1404 1451 es
1431 1419 1465 1451 in
1493 1419 1607 1451 coeliS.
1662 1418 1839 1458 Doctrina,
1867 1418 1950 1452 sicut
1973 1419 2071 1462 Apo-

123 1471 225 1504 stolus
251 1472 337 1504 filios
365 1483 440 1504 snos
467 1472 620 1516 appellat
646 1482 723 1511 eos,
758 1471 878 1512 quibus
906 1471 1129 1514 Evangelium
1158 1471 1373 1514 praedicavit.

288 1523 345 1555 17.
400 1523 476 1555 Filii
501 1528 613 1555 autem
639 1523 672 1554 in
697 1522 829 1566 legibus
855 1522 933 1554 ideo
945 1519 970 1538 ³³
997 1522 1094 1554 liberi
1121 1522 1351 1566 appellantur,
1379 1526 1415 1553 ut
1440 1520 1501 1552 isto
1528 1519 1695 1553 vocabulo
1723 1524 1934 1553 secernantur
1961 1532 1979 1552 a
2002 1532 2071 1554 ser-

123 1573 185 1613 vis,
214 1574 292 1616 quia
319 1575 402 1608 sicut
429 1585 538 1607 servus
564 1576 597 1607 in
625 1578 789 1618 potestate
817 1579 865 1606 est
876 1569 902 1589 ⁵⁰
930 1573 1077 1614 domini,
1115 1573 1160 1607 sic
1196 1578 1245 1606 est
1277 1573 1362 1605 filius
1395 1572 1427 1604 in
1455 1576 1618 1616 potestate
1653 1571 1754 1615 patris
1768 1567 1801 1606 ⁰⁰.
1864 1571 1948 1604 Inde
1972 1572 2071 1605 etiam

121 1624 193 1657 filio
220 1625 258 1657 fit
284 1626 504 1670 emancipatio
515 1622 557 1666 ¹⁵¹,
583 1630 620 1658 ut
649 1625 688 1657 sit
714 1625 799 1658 liber
826 1637 845 1657 a
871 1629 984 1669 patre,
1013 1626 1096 1658 sicut
1122 1625 1160 1657 fit
1186 1635 1281 1658 servo
1309 1624 1540 1664 manumissio,
1567 1628 1603 1655 ut
1629 1623 1667 1655 sit
1693 1623 1850 1656 liberatus
1878 1635 1897 1656 a
1925 1623 2069 1656 «lomina

288 1676 345 1710 18.
397 1678 480 1710 ltem
508 1677 603 1710 liberi
632 1677 728 1717 dicti,
772 1677 848 1720 quia
861 1673 886 1692 ⁰²
917 1688 957 1709 ex
985 1676 1089 1709 libero
1116 1682 1189 1709 sunt
1225 1676 1435 1709 matrimonio
1466 1675 1539 1707 orti.
1600 1675 1687 1707 Nam
1714 1675 1775 1707 filii
1786 1671 1810 1691 ⁶³
1837 1686 1877 1707 ex
1904 1675 2010 1707 libero
2039 1682 2070 1708 et

123 1727 244 1761 ancilla
270 1729 394 1761 servilis
421 1725 651 1762 conditionis.ffl
679 1733 763 1762 tunt.
816 1729 960 1772 Semper
987 1728 1073 1760 enim
1101 1729 1158 1771 qui
1186 1728 1328 1762 nascitur
1356 1727 1558 1760 deteriorem
1571 1723 1596 1743 “³
1619 1727 1764 1770 parentis
1791 1731 1910 1758 statum
1937 1727 2044 1759 sumit.

1691 594 1697 611 ³
1725 597 1916 632 ostenditur.
1984 600 2069 633 Nam

703 1109 715 1129 8

123 1800 171 1840 36)
183 1808 254 1829 sunt
277 1813 334 1831 om.
358 1803 411 1832 Ar.
439 1819 471 1823 —
498 1802 544 1842 37)
555 1803 602 1831 Sic
621 1804 718 1834 Gu.1.
737 1819 776 1823 —
800 1805 892 1841 stirps
915 1804 1074 1841 ipsavulg.
1120 1806 1163 1839 1.,
1188 1803 1237 1841 qui
1261 1803 1341 1831 hune
1364 1803 1500 1831 ordinem
1521 1801 1681 1830 verborum
1706 1806 1802 1835 tenet,
1826 1811 1913 1839 quem
1938 1801 2070 1830 dedimus

122 1846 285 1882 -Stirpis
310 1847 380 1883 ipsa
403 1846 459 1875 Gu.
480 1847 507 1876 2.
532 1864 568 1868 —-
599 1845 645 1884 33)
669 1847 791 1874 lavam-e
821 1848 899 1873 enlm
927 1856 1026 1883 genus
1049 1852 1075 1873 et
1117 1856 1172 1884 pro
1193 1846 1273 1883 vulg.
1305 1845 1419 1873 eusdem
1444 1844 1576 1873 Iudaeos
1597 1844 1675 1871 dom.
1691 1845 1741 1881 fil.
1766 1860 1806 1865 —
1841 1844 1887 1882 54)
1910 1844 1994 1881 Vulg.
2012 1856 2071 1872 esse

123 1888 217 1925 stirp-s·
240 1893 295 1917 ost.
319 1888 368 1918 Ar.
395 1906 433 1910 -—-
455 1898 550 1926 genus
581 1899 641 1916 esse
667 1890 773 1927 ,stimi-9
795 1889 832 1917 al.
865 1893 894 1916 et
917 1898 981 1916 var.
1006 1888 1073 1916 lect.
1117 1888 1208 1924 dicit,
1233 1889 1284 1917 sed
1301 1900 1362 1916 csse
1378 1899 1434 1917 om.
1453 1889 1592 1918 Gn.1.—
1609 1886 1727 1914 diabole·
1740 1886 1814 1914 dicit
1830 1897 1885 1925 pro
1905 1886 1980 1914 dicit
1995 1887 2070 1916 ‹lia-

123 1939 172 1968 ap.
195 1929 283 1958 Goth.
305 1945 347 1951 —
371 1935 472 1958 autem
495 1940 550 1969 pro
573 1932 650 1959 enim
672 1941 718 1961 va.
744 1949 779 1953 —
815 1937 855 1958 est
880 1941 936 1959 om.
961 1931 1017 1959 Gu.
1043 1934 1072 1961 2.
1116 1931 1179 1959 holt
1202 1931 1258 1959 Gu.
1276 1934 1302 1963 1.
1324 1947 1366 1952 ——
1388 1934 1435 1966 55)
1454 1930 1502 1957 Sic
1527 1930 1583 1958 Gu.
1600 1932 1629 1960 2.
1653 1929 1702 1958 Ar.
1718 1946 1760 1951 —·
1783 1929 1870 1967 Vulg.
1892 1939 1952 1957 non
1975 1932 2069 1958 nomi-

122 1972 174 2002 Ar.
196 1989 238 1994 —-
262 1975 307 2007 39)
328 1973 433 2010 stirpis
457 1973 512 2000 Gu.
537 1975 564 2004 1·
590 1976 618 2004 2.
642 1990 680 1995 —
703 1975 752 2009 40)
773 1975 886 2012 Stirpis
910 1973 965 2001 Gu.
986 1975 1015 2003 2.
1030 1989 1073 1995 --
1115 1975 1183 2001 nati
1206 1974 1254 2002 rel
1273 1975 1348 2002 nati.
1372 1989 1413 1995 —
1446 1973 1502 2001 Gu.
1522 1975 1548 2003 1.
1570 1974 1735 2009 nominati,
1763 1983 1823 2000 non
1845 1974 1921 2000 nati.
1944 1989 1978 1993 —
2011 1984 2070 2001 non

122 2013 169 2053 41)
183 2014 299 2042 dicitur
315 2015 352 2043 al.
372 2025 417 2043 va.
432 2031 474 2036 —
494 2013 539 2053 42)
556 2017 630 2053 quia
645 2027 687 2054 pr.
697 2026 742 2045 va.
759 2018 808 2045 Ar.
823 2032 865 2038 —-
887 2017 931 2047 43)
949 2016 998 2044 Sic
1015 2016 1072 2045 Gu.
1116 2018 1268 2044 nominati
1289 2017 1337 2044 vel
1357 2027 1418 2044 non
1440 2016 1508 2043 nati
1530 2024 1576 2053 pr.
1603 2031 1642 2036 —
1676 2014 1723 2056 56)
1746 2016 1878 2051 fuerunt
1902 2015 1960 2043 Gu.
1979 2019 2006 2046 1.
2028 2031 2069 2037 —-

126 2060 152 2088 1.
168 2060 198 2087 2.
214 2068 260 2096 pr.
276 2067 322 2086 va.
336 2073 378 2078 —
403 2056 604 2095 Quadripart.
627 2059 708 2097 vulg,
724 2075 763 2081 —
787 2059 833 2098 44)
851 2059 899 2088 Sic
923 2059 979 2087 Gu.
998 2061 1073 2089 1.--
1115 2058 1161 2099 57)
1184 2059 1356 2087 humanam
1370 2057 1619 2086 consuetudinem
1636 2057 1672 2087 al.
1691 2062 1721 2086 et
1735 2067 1798 2087 var.
1821 2058 1888 2086 lect.
1915 2068 1961 2096 ap.
1979 2057 2067 2086 Goth.

123 2099 211 2137 Vulg.
240 2099 360 2138 Quadr.
376 2105 417 2127 est
439 2105 549 2129 autem.
565 2118 603 2123 -—
628 2101 744 2137 Quadr.
765 2103 810 2130 ita
830 2102 980 2139 aatemfit
1000 2100 1073 2128 ordo
1115 2118 1157 2122 --—-
1180 2104 1227 2139 58)
1244 2102 1292 2130 Sic
1314 2102 1370 2130 Gu.
1383 2105 1409 2132 1.
1434 2118 1472 2122 -
1496 2100 1583 2138 Vuig.
1603 2099 1669 2128 ideo
1691 2101 1724 2128 in
1746 2101 1803 2138 leg.
1824 2117 1866 2122 —
1888 2099 1933 2138 59)
1951 2106 1994 2127 est
2013 2102 2067 2128 ad-

124 2147 166 2170 e-st
184 2152 229 2172 va.
257 2159 290 2163 -
318 2144 549 2181 45)110.9tq11em
564 2143 670 2171 nullus
685 2144 734 2172 Ar.
750 2155 814 2175 var.
830 2146 897 2174 lect.
915 2154 964 2182 ap.
983 2142 1073 2172 Goth.
1117 2143 1180 2172 didi
1196 2154 1211 2173 e
1233 2146 1288 2173 Gu.
1312 2148 1337 2175 1.
1353 2154 1399 2183 pr.
1416 2154 1464 2172 va.
1478 2143 1528 2172 Ar.
1551 2159 1594 2164 —
1619 2144 1666 2180 60)
1697 2143 1746 2172 sic
1770 2144 1826 2172 Gu.
1849 2146 1874 2174 1.
1898 2142 1993 2181 (sicat
2011 2152 2066 2180 pro

124 2185 238 2213 omissis
260 2185 391 2223 reliquis.
413 2201 455 2207 —
483 2185 532 2222 46)
555 2196 640 2224 quem
663 2186 764 2215 addidi
786 2198 801 2216 e
817 2189 874 2219 Gn,
892 2190 918 2218 1.
945 2203 979 2207 —
1005 2187 1072 2214 nul·
1115 2187 1173 2224 sic)
1189 2203 1226 2209 —
1251 2187 1337 2225 Vulg.
1351 2189 1397 2214 sic
1410 2187 1461 2225 fil.
1476 2189 1506 2214 c'n
1516 2191 1582 2224 pot.
1600 2191 1641 2213 εει
1658 2191 1743 2224 patr.
1771 2204 1809 2208 —
1831 2184 1876 2223 61)
1901 2185 1950 2212 Sic
1969 2186 2023 2212 Gu.
2039 2188 2063 2213 1.

123 2228 174 2255 Ius
197 2239 252 2266 pro
276 2228 361 2256 ullus
388 2229 443 2257 Gu,
461 2229 490 2258 ἓ.
514 2245 551 2249 -
579 2230 622 2264 47)
639 2230 774 2267 l'timog.
798 2252 805 2260 .
829 2253 834 2258 .
864 2254 870 2260 .
894 2229 1000 2257 nullus
1015 2239 1072 2258 om.
1114 2245 1157 2250 —-
1177 2229 1253 2258 Inde
1271 2232 1362 2258 etiam
1376 2231 1414 2267 sit
1431 2240 1544 2257 emano.
1560 2230 1611 2257 Ar.
1627 2244 1669 2250 -—-
1684 2229 1768 2265 Vulg.
1783 2229 1864 2257 Inter
1880 2226 2063 2262 etiamfilz‘ox

125 2271 180 2298 GU·
195 2273 223 2301 2.
244 2287 285 2292 -
308 2276 410 2298 autem
432 2269 535 2298 addidi
559 2280 574 2298 e
597 2270 689 2301 Gu,1.
711 2287 752 2292 —
781 2273 826 2309 48)
849 2273 897 2300 Sic
921 2272 978 2300 Gu.
994 2274 1072 2302 1.—
1107 2271 1150 2309 fit
1172 2283 1283 2303 emano.
1305 2289 1348 2294 —
1376 2274 1424 2308 62)
1447 2271 1531 2310 quod
1551 2271 1606 2301 Gu.
1629 2274 1657 2302 2.
1682 2288 1716 2293 —
1749 2270 1795 2309 63)
1830 2271 1909 2298 ,Ναιιι
1930 2267 2062 2294 libertina·

125 2311 204 2341 Idem
227 2313 306 2351 vulg.
331 2330 369 2335 -—-
400 2314 448 2351 49)
468 2314 545 2340 enim
568 2323 612 2351 pr.
627 2329 668 2334 —
695 2315 741 2348 50)
768 2325 834 2342 cum
858 2314 961 2343 addidi
984 2324 999 2342 e
1016 2314 1071 2343 Gu.
1115 2324 1148 2341 cx
1170 2315 1262 2343 libero
1286 2316 1322 2343 al.
1340 2316 1396 2343 Gu.
1417 2318 1454 2351 l.,
1478 2315 1528 2353 qui
1550 2324 1622 2342 nam
1646 2324 1702 2342 om.
1726 2329 1767 2335 —
1789 2315 1834 2347 64)
1854 2310 1974 2338 serviles
1991 2320 2059 2336 con-

128 2359 153 2385 1.
171 2358 198 2386 2.
218 2365 264 2384 va.
285 2356 335 2385 Ar.
361 2373 398 2377 ——
425 2354 471 2393 51)
486 2354 584 2393 fidem
607 2365 664 2383 om.
688 2355 744 2384 Gu.
765 2361 793 2387 1.
820 2373 855 2378 -
880 2356 924 2396 52)
949 2357 1020 2385 Luc.
1041 2359 1071 2392 3,
1116 2355 1229 2386 ditione
1247 2359 1285 2387 al.
1310 2374 1347 2379 ——
1371 2357 1418 2396 65)
1440 2357 1598 2386 deterioris
1622 2357 1677 2384 Gu.
1700 2360 1726 2387 1.

127 2398 154 2428 8.
179 2415 215 2418 ——
239 2397 286 2437 53)
310 2398 395 2436 Vulg.
421 2397 536 2426 eosdem
561 2397 707 2434 ludaeos,
731 2398 783 2428 sed
805 2398 919 2427 eoadem
937 2410 993 2427 om.
1015 2399 1072 2428 Gu.

1554 2443 1659 2483 Qq'
