2255 2819
223 102 297 136 380
914 100 1092 134 lSlDORI
1119 100 1302 137 HISPAL.
1328 101 1471 135 EPlSC.

222 197 400 230 dilectores
427 191 597 238 depictas¹
625 197 752 237 ponunt
778 193 1022 236 pulcherrimas
1049 193 1222 227 columbas
1251 194 1374 228 eis-‘lem
1403 194 1502 235 locis,
1538 196 1656 238 quibus
1682 197 1758 230 illae
1784 202 1972 238 versantur,
2012 208 2080 241 quo
2109 210 2163 230 ra-

221 250 334 292 piente
361 247 431 279 visu
459 246 578 278 similes
605 247 774 288 generent.

386 297 445 330 60.
498 296 580 328 Inde
611 300 674 335 est,
725 295 816 337 quod
849 295 984 339 quidam
1012 295 1167 340 gravidas
1195 297 1347 329 mulieres
1375 297 1487 329 iubent
1517 298 1626 330 nullos
1660 298 1777 331 intueri
1805 300 2010 344 turpissimos
2037 300 2162 331 anima-

220 350 299 382 lium
328 349 453 389 vultus,
494 352 528 379 ut
562 346 813 390 cynocephalos
847 353 879 380 et
912 344 1061 386 simias²,
1104 359 1145 380 ne
1178 349 1298 381 visibus
1325 353 1535 381 occurrentes
1569 350 1690 382 similes
1725 350 1834 383 foetus
1861 351 1999 395 pariant.
2066 350 2163 383 Hanc

221 402 307 433 enim
337 411 404 432 esse
438 398 633 430 feminarum
662 394 853 439 naturam-³,
890 404 924 431 ut
951 399 1066 442 quales
1094 396 1364 443 p1·ospexerint⁴,
1398 400 1464 432 sive
1490 406 1600 433 mente
1628 403 1841 446 conceperint
1867 403 1899 434 in
1928 411 2075 434 extremo
2102 413 2162 434 vo-

219 452 351 496 luptatis
379 455 486 489 aestu,
526 449 606 481 dum
634 450 845 493 concipiunt,
886 450 985 483 talem
1014 447 1071 483 et5
1098 451 1250 484 sobolem
1278 447 1485 495 procreent⁶.
1537 453 1668 485 Etenim
1696 451 1840 486 animal³
1867 454 1899 486 in
1933 465 1993 487 usu
2021 453 2161 486 Venerio

218 502 572 548 formas'extrinsecus
603 502 789 534 transmittit
823 499 945 543 intusss,
999 513 1182 545 eorumque
1217 503 1331 535 satiata
1372 503 1458 547 typis
1492 503 1579 547 rapit
1614 505 1741 549 species
1771 516 1887 538 eorum
1920 505 1953 537 in
1991 505 2162 549 propriam

218 553 418 597 qualitatem.

382 602 441 635 (51.
497 603 534 635 ln
563 603 783 636 animantibus
811 604 971 648 bigenera
999 604 1172 645 dicuntur,
1200 616 1286 648 quae
1314 616 1354 637 ex
1378 605 1511 637 diversis
1540 613 1731 647 nascuntur,
1760 612 1795 640 ut
1821 607 1927 640 mulus
1953 619 1991 640 ex
2018 619 2104 651 equa
2132 613 2163 641 et

218 656 324 688 asino:
350 655 459 688 burdo
488 665 527 686 ex
550 666 637 697 equo
666 661 697 688 et
725 656 827 688 asina:
855 655 1010 689 hibridae
1033 668 1071 689 ex
1100 657 1187 701 apris
1214 662 1244 689 et
1271 656 1398 700 porcis:
1442 656 1556 700 tityrus
1584 669 1623 690 ex
1651 669 1713 690 ove
1740 664 1771 691 et
1793 658 1907 692 hirco:
1944 655 2096 691 musmo'¹
2124 671 2161 692 ex

218 719 317 752 capra
346 712 377 739 et
405 706 514 739 ariete.
568 707 626 739 Est
653 712 763 740 autem
791 707 857 739 (lux
882 708 1006 752 gregis.

817 794 900 827 CA
931 795 967 828 P.
1022 795 1062 827 11.
1140 794 1221 827 Dc

384 862 416 894 l.
472 861 657 893 Bestiarum
687 862 891 895 vocabulum
920 863 1059 907 proprie
1087 863 1240 896 convenit
1263 862 1429 902 leonibus,
1459 864 1571 907 pardis
1600 868 1631 896 et
1658 863 1755 906 lupis,
1783 860 1963 907 tigribusffl,
1992 869 2024 896 et
2051 864 2161 907 vulpi-

216 914 294 951 bus,
320 908 506 951 canibus¹¹,
538 917 570 944 et
593 912 693 945 simiis
720 925 759 946 ac
775 910 798 930 ¹²
824 915 978 955 caeteris,
1003 926 1088 957 quae
1110 915 1161 947 vel
1191 925 1268 955 ore,
1302 914 1355 947 vel
1384 916 1548 959 unguibus
1576 916 1740 957 saeviunt,
1770 915 1915 958 exceptis
1942 915 2159 958 serpentibus.

1275 794 1551 828 bestiis.

215 965 346 997 Bestiae
373 968 482 996 autem
510 963 619 996 dictae
646 976 664 996 a
691 965 741 1004 vi,
769 976 835 1007 qua
861 967 1019 1000 saeviunt.

380 1015 412 1046 2.
467 1015 574 1047 Ferae
602 1016 794 1059 appellatae
808 1013 846 1056 ¹³,
876 1014 953 1049 eost
980 1017 1073 1061 quod
1100 1017 1241 1049 naturali
1269 1021 1402 1049 utuntur
1414 1013 1437 1033 ¹³
1465 1018 1634 1055 libertate,
1664 1023 1695 1050 et
1723 1017 1888 1050 desiderio
1919 1028 1979 1050 suo
2006 1017 2161 1049 ferantur.

215 1065 298 1098 Sunt
325 1070 435 1098 autem
466 1066 591 1099 liberae
614 1079 727 1100 earum
756 1068 939 1101 voluntates
953 1065 992 1110 ¹⁶,
1033 1074 1065 1101 et
1091 1068 1160 1101 huc
1188 1075 1286 1111 atque
1313 1069 1392 1101 illuc
1420 1075 1601 1113 vagantur,
1638 1074 1669 1101 et
1696 1080 1763 1111 quo
1792 1070 1917 1101 animus
1944 1068 2092 1109 duxerit,
2121 1079 2161 1100 eo

213 1117 373 1150 feruntur.

379 1168 413 1203 3.
468 1169 590 1201 Leonis
610 1169 812 1202 vocabulum
840 1181 879 1202 ex
908 1170 1041 1203 Graeca
1069 1171 1198 1213 origine
1224 1170 1380 1202 inflexum
1409 1176 1456 1202 est
1482 1171 1514 1202 in
1543 1171 1704 1203 Latinum.

219 1223 375 1259 vocatur,
417 1223 450 1251 et
476 1226 523 1251 est
550 1232 670 1252 nomen
698 1220 858 1261 nothum,
900 1222 977 1264 quia
1005 1233 1043 1253 ex
1071 1228 1166 1265 parte
1194 1226 1386 1265 corruptum
1403 1218 1434 1253 ¹⁸.

608 1271 655 1303 Ut
682 1268 830 1304 autem¹⁹
858 1272 910 1304 lea
939 1272 1085 1315 dicatur,
1114 1277 1308 1315 usurpatum
1338 1278 1384 1304 est
1411 1284 1430 1303 a
1457 1273 1575 1316 poetis.

214 1271 297 1304 sicut
319 1275 351 1302 et
378 1270 554 1304 dracaena.

1765 1171 1897 1204 Graece
1910 1168 1931 1186 ¹⁷
1960 1172 2047 1203 enim
2075 1171 2160 1205 λέων

1502 1222 1636 1254 Leaena
1669 1234 1746 1254 vero
1773 1227 1879 1255 totum
1907 1222 2076 1255 Graecum
2105 1228 2161 1261 est,

1627 1273 1700 1305 Leo
1728 1279 1837 1305 autem
1869 1274 2016 1313 Graece,
2046 1273 2161 1306 Latine

213 1333 269 1354 rex
296 1322 545 1365 interpretatur,
584 1334 623 1355 eo
652 1324 743 1365 quod
773 1324 929 1368 princeps
957 1321 1040 1356 est²⁰
1068 1324 1215 1356 onmium
1244 1324 1433 1357 bestiarum.

373 1373 406 1405 4.
461 1373 561 1407 Cuius
588 1386 694 1418 genus
721 1375 882 1407 trifarium
911 1376 1038 1408 dicitur.

214 1428 245 1455 et
273 1434 368 1455 coma
399 1424 543 1468 simplici
570 1422 708 1459 acres²³.

214 1474 307 1505 mitas
334 1480 443 1506 autem
456 1473 480 1492 ²²
508 1477 540 1507 in
568 1477 687 1520 capite.

214 1525 300 1557 bulis
329 1530 520 1558 terreantur.

380 1575 394 1591 r

214 1638 256 1659 ne
283 1638 339 1659 eos
365 1634 502 1660 venator
529 1629 679 1661 inveniat.

761 1427 899 1459 Animos
927 1439 1042 1460 eorum
1072 1427 1162 1459 frons
1191 1432 1223 1458 et
1250 1426 1357 1459 cauda
1385 1426 1517 1459 indicat.

757 1478 852 1521 Septi
864 1475 889 1494 '³⁵
916 1490 934 1510 a
962 1479 1173 1511 venatoribus
1209 1484 1330 1510 terram
1357 1481 1571 1517 contuentur,
1614 1489 1683 1521 quo
1711 1478 1815 1510 minus
1842 1478 2029 1522 conspectis
2059 1489 2160 1510 vena—

576 1528 736 1560 Rotarum
766 1529 880 1561 timent
908 1530 1078 1573 strepitus,
1106 1529 1164 1562 sed
1192 1529 1285 1573 ignes

378 1587 412 1611 ο.
467 1577 553 1610 Cum
568 1575 592 1594 ²⁷
621 1578 833 1621 dormierint,
863 1581 998 1625 vigilant
1019 1581 1123 1614 oculi:
1151 1592 1227 1614 cum
1262 1581 1451 1619 ambulant,
1479 1579 1588 1613 cauda
1615 1591 1672 1612 sua
1700 1580 1898 1623 cooperiunt
1924 1581 2064 1624 vestigia
2090 1591 2158 1617 sua,

733 1630 818 1663 Cum
847 1633 1021 1675 genuerint
1049 1632 1211 1671 catulum,
1252 1632 1356 1664 tribus
1390 1632 1508 1664 diebus
1535 1636 1568 1662 et
1600 1632 1703 1664 tribus
1739 1630 1890 1663 noctibus
1918 1632 2043 1663 catulus
2078 1631 2158 1663 (lor—

1093 1376 1123 1407 E
1142 1375 1259 1418 quibus
1281 1375 1397 1408 breves
1413 1370 1477 1407 et²¹
1502 1375 1580 1407 iuba
1608 1375 1716 1418 crispa
1740 1375 1890 1407 imbelles
1900 1370 1925 1391 ²²
1952 1380 2039 1407 sunt:
2066 1375 2160 1418 longi

1572 1426 1682 1458 Virtus
1709 1438 1824 1459 eorum
1854 1426 1886 1458 in
1913 1431 2067 1470 pectore:
2104 1426 2159 1457 fir-

1295 1526 1320 1544 ²⁰
1348 1529 1462 1573 magis.

214 1678 296 1710 mire
322 1678 441 1711 fertur:
484 1685 562 1712 tnnc
589 1680 711 1714 deinde
739 1684 840 1726 patri<
869 1684 1017 1722 fremitu,
1061 1684 1114 1716 vel
1141 1683 1251 1728 rugitu
1281 1683 1383 1716 veluti
1414 1682 1625 1715 tremefactus
1651 1682 1768 1716 cubilis
1795 1682 1887 1715 locus
1912 1681 2034 1715 dicitur
2057 1683 2159 1716 susci-

215 1734 284 1762 tare
297 1726 321 1745 ²⁸
346 1731 490 1763 catulum
520 1732 748 1766 dormientem.

378 1781 411 1816 6.
465 1781 562 1816 Circa
590 1783 759 1818 hominem
797 1786 930 1819 leonum
959 1792 1073 1819 natura
1110 1792 1158 1820 est
1185 1782 1382 1831 benignam,
1425 1791 1458 1818 ut
1494 1784 1550 1817 nisi
1583 1785 1660 1817 laesi
1698 1789 1863 1827 nequeant
1897 1785 2000 1817 irasci.

300 1893 329 1927 1)
354 1896 379 1917 et
403 1889 536 1928 depicta-5
559 1894 614 1921 Gu.
632 1897 657 1925 1.
678 1910 719 1915 —
742 1894 770 1931 2)
793 1897 898 1922 «simio-9
921 1896 969 1923 Ar.
1000 1911 1041 1916 —
1071 1894 1100 1934 3)
1117 1895 1165 1923 Sic

217 1932 272 1960 Gu.
296 1934 320 1962 1·
344 1935 372 1963 2.
395 1949 437 1954 -
460 1934 544 1972 Vulg.
570 1937 719 1972 seminar.
743 1937 850 1965 dicunt
873 1949 933 1965 esse
955 1944 1019 1966 nat.
1052 1954 1091 1958 —
1133 1939 1164 1974 4)

210 1976 410 2012 perspexerint
434 1976 487 2003 Gn.
503 1979 531 2006 2.
556 1988 599 2015 pr.
625 1989 669 2007 va.
696 1996 731 2000 —
755 1979 784 2018 5)
809 1986 834 2007 et
858 1980 925 2008 add.
951 1981 1007 2008 Gu.
1027 1983 1052 2011 1.
1069 1982 1096 2010 2.
1119 1990 1163 2010 va.

215 2032 256 2037 —
284 2018 313 2053 6)
331 2024 494 2054 procreant
519 2020 575 2046 Gn.
594 2023 619 2050 1.
640 2023 668 2051 2.
690 2037 730 2042 -
753 2022 780 2060 7)
805 2025 911 2050 aalma
935 2033 979 2050 va.
1002 2039 1042 2044 —
1066 2021 1094 2061 ὅ)
1116 2023 1164 2050 Sic

217 2058 274 2087 Gu.
295 2061 319 2088 1.
347 2076 381 2079 —
409 2062 491 2088 intus
514 2067 639 2090 tran-rm.
664 2063 742 2101 vulg.
773 2081 814 2087 —-
851 2068 879 2101 9)
904 2066 952 2093 Sic
977 2066 1034 2094 Gu.
1063 2067 1089 2095 1.
1116 2067 1163 2093 Ar.

218 2117 253 2121 -
278 2103 399 2130 musino
429 2103 509 2139 vulg.
535 2121 569 2124 —
601 2115 722 2133 musvno
747 2117 791 2135 va.
814 2124 856 2128 —
883 2110 1019 2136 musincu
1051 2107 1087 2134 al.
1119 2118 1163 2145 ap.

217 2142 306 2171 Goth.
323 2160 364 2165 —
388 2144 432 2182 10)
451 2145 501 2173 Sic
526 2146 581 2174 Gu.
601 2149 626 2178 1.
649 2151 677 2178 2.
702 2150 748 2176 Ar.
773 2148 811 2187 (et
836 2160 892 2179 om.
917 2152 972 2178 Gu.
990 2153 1018 2181 2.
1044 2148 1109 2188 Ar.)
1124 2167 1163 2170 —

217 2185 319 2223 tigrib.
337 2186 429 2224 pard.
452 2187 531 2225 vulg.
559 2205 593 2208 —
621 2194 647 2216 et
671 2190 753 2227 lupis
773 2192 877 2220 eddidi
900 2203 914 2222 e
940 2193 996 2221 Gu.
1014 2196 1040 2223 1.
1056 2195 1086 2224 2·
1111 2192 1162 2222 Ar.

219 2243 255 2248 —
289 2229 334 2264 11)
358 2228 443 2267 Vulg.
467 2230 667 2269 canibusque,
691 2233 742 2260 sed
767 2245 823 2270 qne
846 2245 901 2263 om.
927 2236 981 2263 Gu.
1001 2237 1027 2265 1.
1054 2244 1098 2262 va.
1123 2253 1161 2256 —

220 2268 262 2308 12)
286 2280 323 2297 ac
343 2280 398 2308 pro
428 2278 454 2299 et
478 2273 533 2301 Gu-
560 2276 588 2303 1.
614 2276 642 2304 2.
666 2283 712 2302 va.
735 2275 782 2304 Ar.
816 2294 852 2298 —
894 2276 936 2315 13)
969 2277 1163 2315 appellantur

219 2312 275 2340 Gu.
296 2314 325 2342 2.
349 2328 391 2335 -
416 2315 460 2351 14)
483 2326 513 2342 eo
536 2315 639 2343 addidi
662 2325 676 2343 e
699 2316 754 2344 Gu.
779 2321 803 2347 1.
836 2335 867 2338 —
906 2321 951 2356 15)
982 2320 1030 2347 Sic
1055 2320 1109 2349 Gu.
1137 2323 1163 2350 1.

221 2370 257 2376 -—
282 2359 411 2383 utantar
432 2357 513 2395 vulg.
538 2375 574 2380 —-
603 2360 645 2391 16)
665 2357 711 2386 Sic
732 2360 788 2389 Gn.
809 2363 832 2389 1.
859 2361 906 2389 Ar⁴
930 2378 968 2382 —
994 2362 1164 2399 voluptate-s·

2062 1785 2157 1817 Patet

1210 1895 1288 1933 vulg.
1313 1911 1355 1916 —
1387 1893 1431 1934 17)
1457 1895 1566 1922 Graec-z·
1590 1916 1594 1920 .
1619 1915 1624 1921 .
1650 1915 1656 1921 .
1683 1916 1687 1919 .
1712 1899 1820 1921 vocant
1845 1893 1902 1924 Gu.
1920 1895 1949 1928 2.
1974 1910 2014 1915 -—
2036 1894 2080 1933 18)
2102 1894 2158 1922 lm-

1208 1938 1312 1966 bemus
1334 1937 1403 1966 add.
1427 1937 1483 1965 Gu.
1508 1939 1536 1966 2.
1557 1946 1602 1965 va.
1635 1951 1675 1957 ——
1707 1937 1754 1973 19)
1778 1936 1883 1964 leaena
1904 1935 1972 1965 add.
2002 1936 2080 1974 vulg.
2106 1937 2156 1964 sed

1209 1991 1266 2009 0111.
1290 1980 1347 2008 Gu.
1369 1982 1394 2010 1.
1414 1995 1456 2000 —
1481 1977 1529 2016 20)
1552 1978 1599 2006 Sic
1623 1978 1677 2005 Gn.
1699 1981 1723 2007 1.
1745 1995 1779 2000 —
1797 1980 1896 2016 princ.
1920 1980 1959 2005 sit
1984 1979 2038 2008 Gu.
2056 1981 2082 2008 2.
2106 1979 2155 2006 Ar.

1211 2041 1247 2044 —v
1271 2024 1311 2049 sit
1337 2023 1434 2060 princ.
1465 2021 1545 2058 vulg.
1579 2037 1620 2041 -
1660 2018 1707 2059 ⁶21)
1737 2026 1763 2048 ct
1792 2032 1848 2059 pro
1872 2031 1908 2048 ac
1937 2021 1993 2049 Gu.
2018 2024 2044 2052 1.
2061 2023 2089 2052 2.
2115 2037 2156 2041 —

1207 2064 1256 2104 ⁶22)
1281 2064 1441 2092 cmbecillcs
1464 2064 1518 2091 Gu.
1546 2066 1568 2093 1.
1595 2079 1636 2084 —
1666 2062 1712 2102 923)
1735 2065 1867 2091 ‹teriores
1889 2063 1927 2091 al.
1955 2081 1987 2084 —
2022 2063 2070 2100 24)
2098 2073 2156 2090 αα-

1208 2113 1265 2135 lem
1289 2107 1392 2135 addidi
1415 2116 1429 2134 e
1453 2107 1509 2134 (ἆυ.
1529 2109 1552 2135 1.
1582 2123 1620 2126 -—
1655 2106 1703 2142 25)
1723 2112 1824 2133 autem
1848 2106 1916 2134 add.
1939 2105 2037 2143 vulg,
2075 2105 2155 2143 quod

1208 2161 1264 2179 0111.
1289 2150 1344 2178 Gu.
1370 2151 1395 2178 1.
1417 2165 1458 2169 -—
1489 2148 1534 2185 26)
1562 2148 1609 2176 Sic
1643 2148 1699 2175 Gu.
1721 2152 1747 2179 1.
1770 2158 1815 2176 va.
1840 2149 1887 2176 Ar.
1911 2165 1951 2168 —
1977 2148 2060 2186 ignis
2076 2147 2153 2184 vulg.

1207 2209 1247 2213 —
1277 2190 1325 2230 97)
1350 2190 1482 2228 Quando
1510 2191 1565 2219 Gn.
1588 2193 1616 2221 2,
1646 2206 1688 2211 -
1722 2188 1769 2229 28)
1794 2191 1842 2218 Sic
1867 2191 1923 2219 Gu.
1943 2193 1968 2220 1.
2009 2209 2036 2213 -
2070 2189 2153 2226 Vulg.

1207 2235 1310 2262 stc-scil.
1340 2232 1398 2261 dic.
1439 2251 1475 2254 —
1522 2235 1569 2268 29)
1592 2233 1722 2271 benigna
1752 2243 1807 2261 om.
1844 2233 1899 2262 Gn.
1921 2235 1951 2263 2.
1983 2233 2018 2260 al.
2041 2241 2088 2258 va.
2112 2247 2154 2252 —

1206 2275 1253 2315 30)
1277 2276 1328 2304 lib.
1351 2275 1387 2308 V,
1414 2277 1503 2307 1035.
1534 2291 1575 2297 ——
1610 2276 1658 2310 31)
1682 2276 1859 2313 Scimusque
1880 2276 1954 2303 leon.
1976 2275 2030 2303 Gu.
2053 2277 2081 2304 2.
2107 2284 2153 2303 va.

1208 2335 1249 2341 --
1271 2319 1388 2345 scimiz's
1410 2328 1456 2357 pr.
1482 2335 1515 2338 —
1541 2317 1589 2357 32)
1603 2319 1762 2345 volucrum
1784 2318 1840 2345 Gu.
1863 2321 1890 2349 2.
1914 2332 1955 2338 —
1977 2316 2100 2343 velocem
2115 2317 2151 2344 al.

1207 2379 1247 2383 —
1271 2361 1389 2389 celerem
1418 2367 1443 2388 el
1473 2361 1598 2388 velocem
1622 2360 1658 2387 al.
1691 2377 1727 2381 —-
1760 2360 1878 2388 celerem
1907 2358 1942 2386 al.
1973 2374 2014 2379 —
2049 2360 2093 2395 33)
2124 2364 2149 2385 el
