2264 2830
782 103 1028 137 ORIGm'LsM
1054 106 1199 141 LIBER
1225 110 1349 144 xvnl.

102 198 159 238 dii,
187 198 239 231 vel
267 196 344 240 quia
373 197 503 242 capitur
530 193 620 237 ibi³¹‚
656 202 691 230 ut
718 202 876 231 teneatur.

101 303 239 347 longum
267 298 434 341 v‹›cant³¹'''‚
464 300 540 334 llinc
569 305 601 332 et
628 301 814 334 machaera.

933 200 1017 232 Nam
1046 198 1152 233 alias³

101 255 226 282 tantum
263 249 367 293 gladii
400 255 464 288 cst,
513 249 569 281 sed
606 254 638 280 vt
672 250 846 282 cuiuslibet
880 252 935 282 t‹·li
963 263 1122 294 acumen,
1157 253 1298 289 (ΙίοιυεἨ
1325 270 1343 288 a
1378 258 1594 302 longitudine.

1978 118 2052 153 565

1155 199 1166 218 ²
1830 210 1950 244 Mucro
1988 225 2052 246 non

1651 261 1737 293 Nam
1763 260 1904 308 μακρόν
1931 264 2052 299 Graeci

1194 204 1279 236 acies
1311 206 1387 238 ferri
1411 217 1475 238 non
1504 206 1576 239 sinit
1612 212 1725 241 tenere
1740 204 1774 243 ³³¹.

204 351 389 385 Maeliacra
413 358 521 385 autem
550 357 597 384 est
624 353 757 396 gladius
784 355 904 397 longus
933 351 1008 386 ex⁷³¹⁵
1040 366 1103 387 una
1132 362 1226 400 parte
1253 364 1375 391 acutus.

266 404 299 436 3.
356 405 496 436 Framea
525 414 602 435 vero
631 405 764 449 gladius
793 417 831 438 ex
857 411 992 448 utraque
1017 414 1112 450 parte
1141 414 1266 450 acutus,
1292 411 1385 453 quod
1402 407 1425 426 ³³
1454 412 1558 457 vulgo
1585 411 1777 457 spatham311⁴
1800 422 1928 449 vocant.
1978 418 2053 462 Ipsa

101 462 148 488 est
180 461 212 488 et.
240 452 465 499 romphaeam&

99 508 230 550 dicitur,
261 519 300 541 ac
329 507 469 551 proinde
497 508 602 539 omnis
629 509 762 552 gladius
791 510 925 543 framea.

521 455 664 488 Framea
691 463 799 489 auten}
829 458 929 497 dicta,
958 459 1047 500 quod
1065 457 1085 475 ⁴⁰
1112 460 1220 492 ferrea
1248 467 1304 494 est.

1358 463 1443 495 Nam
1472 464 1552 497 sicut
1580 466 1826 509 ferramentum,
1854 468 1899 502 sic
1926 468 2052 502 framea

263 559 297 592 4.
351 558 483 603 Spatlia
518 571 536 591 a
564 561 718 603 passione
754 561 891 601 dicitur,
923 561 1057 593 Graeco
1095 559 1252 601 verbofl,
1291 565 1448 606 quoniam
1483 570 1616 602 παθεῖν
1645 568 1777 603 Graece
1814 570 1934 604 dicitur
1973 573 2052 615 pati,

99 611 187 644 unde
216 617 247 643 et
272 611 381 655 patior
406 615 437 643 et
464 612 587 654 patitur
608 611 755 644 dicimus.

99 669 147 696 est
172 663 238 696 lata
260 667 292 695 et
316 662 440 706 ampla.

811 613 876 645 Alii
901 612 1053 656 spatham
1082 613 1198 646 Latine
1223 620 1393 648 autumant
1421 617 1554 659 dictam,
1584 631 1624 652 eo
1653 621 1744 664 quod
1766 623 1918 666 spaciosa
1945 624 1993 663 sit,
2017 624 2051 655 id

497 662 596 695 Unde
625 670 657 695 et
683 664 813 708 spatula
838 665 869 696 in
896 665 1073 708 pecoribus
1088 662 1121 697 ¹².

262 713 295 747 5.
349 714 584 758 Semispatium
612 716 745 759 gladius
773 722 820 748 est
847 729 865 748 a
894 715 1004 748 media
1031 715 1171 759 spathae
1200 716 1410 761 longitudine
1424 716 1440 735 ⁴³

1441 716 1448 734 ¹
1472 721 1680 765 appellatum
1695 720 1729 765 ⁴²,
1758 735 1834 765 non,
1862 730 1897 757 ut
1923 725 2051 769 impru-

97 767 178 800 dens
205 766 326 811 vulgus
353 766 443 805 dicit,
465 767 534 798 sine
561 767 674 810 spacio
691 764 731 808 ⁴⁵,
760 767 839 800 dum
868 768 987 811 sagitta
1015 767 1162 799 velocior
1188 769 1237 801 sit.

261 819 294 852 6.
347 818 456 861 Pugio
485 830 504 850 a
532 819 716 862 pungendo
744 824 776 851 et
795 817 1022 863 transfigendo
1053 823 1187 851 vocatus
1199 816 1233 855 ⁴⁰.

547 870 629 902 lteni
660 875 691 902 et
718 870 931 904 clunabulum
961 870 1107 911 (lictum,
1136 871 1228 914 quod
1251 873 1410 917 religetur
1437 874 1479 906 ad
1509 876 1639 909 clunem
1654 875 1687 909 ⁴⁹⁴.

96 876 146 903 tus
174 870 268 903 lateri
297 868 492 902 adhaerens.

1289 821 1347 853 Est
1375 823 1460 854 enim
1488 824 1622 867 gladius
1648 837 1780 869 parvus,
1808 823 1873 858 ειη
1903 827 1950 859 bis
1970 838 2051 861 acu-

261 921 294 953 7.
349 920 611 954 Chelidoniacus
638 922 771 965 gladius
797 923 923 955 ferrum
952 927 1000 953 est
1028 922 1149 963 latum,
1178 924 1269 956 cuius
1297 924 1422 969 duplex
1450 938 1567 960 mucro
1597 940 1636 962 ac
1663 929 1821 968 bifurcus,
1853 928 1884 961 in
1913 929 2050 962 modum

96 973 225 1007 caudae
253 972 474 1005 hirundineae
489 969 512 988 ⁴⁰
540 974 712 1012 formatur,
739 973 827 1006 unde
855 979 887 1007 et
914 973 1166 1007 chelidoniacus
1194 975 1322 1009 dicitur.

262 1025 295 1058 8.
350 1025 426 1057 Sica
454 1036 472 1056 a
499 1025 644 1056 secando
673 1025 763 1058 dicta
776 1022 809 1057 ⁵⁰.

863 1026 923 1058 Est
952 1026 1037 1057 enim
1067 1027 1176 1058 brevis
1203 1027 1337 1071 gladius
1349 1024 1384 1068 ⁵¹,
1422 1041 1491 1073 quo
1514 1031 1656 1064 maxime
1684 1036 1833 1069 utuntur,
1869 1032 1926 1074 qui
1960 1032 2050 1076 apud

96 1076 198 1109 ltalos
226 1076 396 1109 latrocinia
424 1081 588 1115 exercent,
616 1089 634 1108 a
662 1088 730 1119 quo
758 1082 791 1109 et
805 1074 830 1093 ⁵²
858 1077 964 1111 sicarii
990 1077 1079 1110 dicti.

196 1127 410 1171 Tranquillus
422 1124 447 1143 ⁵³
474 1132 583 1160 autem
613 1128 710 1161 dicit:
745 1127 842 1161 Dum
867 1129 1051 1161 cuiusdam
1078 1129 1297 1174 gladiatoris
1323 1131 1357 1163 in
1385 1129 1541 1164 ludum-³⁴
1569 1129 1717 1166 emissi⁵⁵
1743 1133 1895 1177 gladius
1921 1144 2049 1167 curva-

93 1175 181 1213 tus-³⁰
208 1178 333 1224 fuisset
368 1190 412 1211 ex
446 1180 523 1211 acie
549 1185 668 1221 reela,
695 1177 909 1224 1wocurril⁵⁷
947 1192 1034 1212 unus
1066 1181 1116 1213 ad
1150 1178 1222 1213 id⁵⁸
1255 1183 1526 1226 corrigendum,
1564 1188 1704 1229 {umque
1731 1196 1754 1218 ιι
1776 1188 1964 1229 pugnante
1992 1196 2048 1218 re-

92 1242 256 1276 sponsum
286 1234 348 1274 est,
372 1231 422 1263 sic·
449 1227 554 1263 lam-⁵⁹
577 1231 762 1275 pugnabo,
792 1236 823 1263 et
833 1229 858 1248 ⁰⁰
884 1231 966 1264 inde
988 1232 1084 1264 sicae
1110 1242 1233 1264 nomen
1261 1234 1385 1266 datum
1414 1232 1510 1267 estffl.

259 1282 292 1316 9.
345 1282 486 1314 Secures
510 1282 603 1326 signa
631 1288 713 1321 sunt,
737 1294 823 1325 quae
851 1288 926 1315 ante
954 1284 1105 1316 consules
1132 1284 1342 1323 ferebantur,
1380 1297 1421 1318 ne
1447 1291 1503 1318 aut
1530 1297 1624 1318 usum
1652 1287 1831 1330 perderent
1858 1287 1956 1327 belli,
1992 1294 2048 1320 aut

93 1338 246 1366 vacantes
273 1333 342 1365 otio
371 1338 542 1377 aspectum
571 1334 757 1367 amitterent
792 1334 994 1379 gladiorum.

92 1396 167 1418 nem
193 1384 388 1419 Francis-cas
415 1390 536 1418 vocant
548 1381 582 1417 ¹³².

693 1462 722 1496 C
749 1463 780 1496 A
807 1464 845 1497 P.
899 1463 972 1499 vll.

91 1590 133 1623 ab
161 1594 229 1622 astu
239 1587 264 1607 ⁶⁴
287 1590 434 1634 sumpsit,
457 1590 545 1623 unde
573 1596 605 1622 et
632 1591 757 1624 astutia.

255 1641 289 1673 2.
342 1641 469 1675 Contus
481 1639 506 1659 ⁶⁵
532 1642 658 1675 ferrum
685 1654 751 1675 non
779 1642 893 1685 habet,
920 1643 978 1676 sed
1005 1648 1134 1676 tantum
1161 1645 1301 1688 cuspide
1328 1650 1426 1679 acuto
1436 1643 1461 1663 ⁶5
1491 1651 1548 1678 est.

1054 1463 1137 1497 De

259 1538 292 1573 l.
344 1538 450 1571 Hasta
478 1543 525 1571 est
552 1543 670 1572 contus
697 1549 774 1572 cum
795 1540 903 1580 ferro,
931 1540 1022 1574 cuius
1050 1541 1280 1574 diminutivum
1316 1543 1395 1576 facit
1422 1543 1544 1576 hastile
1559 1539 1592 1574 ⁸⁵³.

1050 1335 1141 1376 Quas
1169 1340 1201 1367 et
1228 1336 1368 1380 Hispani
1402 1338 1443 1370 ab
1471 1349 1528 1370 usu
1557 1338 1748 1371 francorum
1780 1350 1840 1383 per
1868 1339 2046 1372 derivatio-

1190 1464 1438 1501 hastis.

1647 1543 1777 1576 Nomen
1806 1549 1916 1577 autem
1952 1543 2045 1576 hasta

1602 1645 1760 1690 Virgilius
1776 1643 1815 1678 ¹⁵⁷:

320 1692 561 1738 Ferralasque
587 1694 707 1728 trudes
736 1699 767 1728 et
796 1698 900 1727 acuto
933 1696 1079 1739 cuspide
1107 1700 1233 1730 contos.

90 1743 217 1777 Contus
238 1748 347 1777 autem
374 1747 468 1789 quasi
495 1743 665 1779 conitusffl.

719 1743 811 1779 Est¹³⁹
839 1747 926 1780 enim
955 1748 1082 1780 conitus
1109 1753 1205 1780 acuta
1233 1748 1426 1781 rotunditas.

92 1852 129 1856 -——
155 1835 203 1871 41)
228 1835 277 1863 Sic
300 1836 357 1864 Gu.
379 1840 406 1868 1.
426 1853 465 1858 —
489 1837 576 1865 verbo
602 1839 655 1868 Gr.
683 1839 761 1877 vulg.
792 1854 833 1860 -—
852 1839 1044 1877 42)pectori·
1087 1839 1123 1868 id
1159 1851 1215 1880 pro
1255 1841 1334 1878 vulg.
1381 1851 1448 1868 eum
1489 1840 1544 1867 Gu.
1579 1843 1603 1870 1.
1638 1842 1665 1870 2.
1689 1841 1719 1872 3.
1750 1850 1795 1868 va.
1834 1857 1874 1862 —
1911 1842 1946 1869 ob
1987 1852 2041 1880 pro

91 1877 148 1904 bus
172 1878 219 1905 Ar.
241 1893 282 1898 —-
302 1878 348 1917 43)
372 1880 421 1907 Sic
447 1880 545 1911 Gu.1.
571 1884 598 1912 2.
622 1891 668 1910 va.
693 1898 734 1902 —
757 1892 777 1909 α
799 1881 874 1910 med.
898 1882 979 1920 long.
1000 1893 1045 1921 Sp.
1089 1882 1133 1911 ad
1152 1894 1199 1912 va.
1223 1899 1264 1905 —
1298 1883 1342 1921 59)
1366 1883 1415 1910 Sic
1440 1883 1488 1911 Ar.
1512 1884 1567 1910 (αὐ.
1595 1883 1622 1913 4.
1647 1899 1687 1903 -
1714 1885 1779 1910 Sica
1804 1884 1863 1911 hac
1886 1886 1943 1912 (αὐ-
1966 1888 1990 1915 1-
2012 1887 2040 1915 2-

90 1920 171 1958 vulg.
193 1935 234 1941 —
275 1918 323 1959 44)
347 1922 395 1949 Sic
425 1922 483 1951 Gu.
505 1925 532 1953 1.
561 1925 590 1954 2.
619 1941 657 1946 —
688 1924 863 1962 appellatus
894 1925 974 1962 vulg.
1003 1941 1045 1947 —
1088 1942 1130 1947 —
1152 1928 1197 1953 <sic
1218 1926 1300 1963 vulg.
1328 1941 1366 1946 —
1391 1923 1440 1964 60)
1464 1930 1490 1951 et
1506 1924 1608 1952 addidi
1629 1935 1644 1953 e
1665 1925 1720 1955 Gu.
1738 1929 1763 1956 t.
1786 1941 1827 1948 -
1849 1927 1894 1965 61)
1917 1926 2042 1955 ductum

88 1962 138 1999 45)
160 1963 300 2001 spacium
325 1963 380 1993 Gu.
402 1967 427 1994 1.
449 1967 476 1995 2.
507 1980 548 1986 —
586 1966 635 2001 46)
662 1966 711 1994 Sic
736 1967 793 1995 Gu.
821 1970 845 1997 1.
870 1969 899 1998 2.
929 1967 964 1995 al.
997 1978 1043 1998 va.
1089 1968 1199 1997 omisso
1232 1974 1275 1995 est
1299 1968 1348 1996 Ar.
1374 1983 1414 1988 —
1443 1972 1485 1994 est
1516 1977 1574 1996 om.
1606 1968 1695 1995 etiam
1720 1978 1766 1997 va.
1789 1985 1831 1991 —
1860 1968 1907 2010 69)
1931 1970 1986 1998 Gu.
2012 1974 2038 2001 1.

91 2023 127 2028 -
152 2010 280 2033 vocatur
303 2006 382 2042 vulg.
400 2022 439 2026 —-
478 2005 524 2046 47)
551 2013 577 2034 et
600 2007 700 2036 addidi
722 2019 737 2038 e
762 2010 818 2038 Gu.
839 2012 865 2040 1.
880 2012 908 2041 2.
933 2020 979 2038 va.
1002 2026 1044 2032 —-—
1088 2028 1125 2031 -—
1153 2021 1232 2049 qua-5
1255 2011 1392 2048 Hispani
1413 2009 1451 2036 ab
1476 2019 1536 2036 usu
1550 2010 1736 2046 francorum
1754 2021 1809 2049 per
1823 2010 2040 2040 derivationem

90 2065 127 2069 —
160 2046 208 2086 43)
231 2048 335 2076 clune-9
358 2059 402 2077 va.
425 2064 466 2070 —
497 2049 544 2087 49)
568 2050 746 2080 hirundinis
775 2063 823 2082 va.
854 2069 893 2073 —
930 2054 975 2090 50)
999 2058 1041 2080 est
1074 2054 1258 2090 francisca-9
1281 2057 1421 2080 vocantes
1450 2049 1573 2091 (vocant
1597 2058 1623 2080 et
1647 2053 1702 2081 Gu.
1726 2053 1771 2092 3.)
1795 2064 1829 2081 ea
1851 2056 1943 2093 «signa
1959 2066 2039 2093 por-

89 2089 157 2118 add.
180 2090 314 2128 vulg.-—
342 2102 399 2119 om.
416 2091 471 2120 Gu.
493 2094 519 2122 1.
544 2094 572 2122 2.
593 2102 638 2120 va.
664 2109 701 2115 —
737 2092 785 2134 51)
805 2095 854 2123 Sic
878 2095 934 2122 Gu.
960 2099 986 2125 1.
1010 2097 1040 2126 2.

89 2149 127 2155 -—
152 2132 238 2171 glad.
262 2133 340 2164 brev.
363 2134 444 2171 vulg.
470 2152 507 2156 —
539 2133 586 2174 52)
610 2141 636 2162 et
659 2146 715 2164 om.
737 2147 783 2168 va,
804 2153 846 2158 —
870 2137 941 2165 Post
963 2136 1040 2165 dicta·

87 2175 155 2203 add.
175 2175 255 2213 vulg.
279 2182 361 2211 sunt,
386 2176 467 2215 quod
491 2186 548 2205 om.
579 2177 634 2207 (ιύ.
656 2181 681 2208 1.
705 2188 751 2207 va.
767 2195 809 2201 —·
844 2182 889 2217 53)
910 2181 959 2208 Sic
982 2181 1038 2209 Gu.

88 2221 115 2249 1.
138 2221 166 2249 2.
190 2219 240 2247 Ar.
262 2218 309 2249 ed.
334 2219 424 2248 Goth.
447 2235 484 2240 —
516 2220 748 2257 Tranquillinus
768 2222 848 2260 vulg.
878 2239 919 2243 —
942 2223 990 2261 54)
1007 2224 1039 2251 in

87 2259 160 2289 ludo
185 2271 232 2289 va.
262 2279 295 2282 —
328 2261 372 2301 55)
397 2263 526 2289 emissus
549 2262 605 2291 Gu.
632 2265 657 2292 1.
682 2273 728 2301 pr.
749 2280 792 2286 —
814 2266 957 2293 emissum
982 2266 1037 2293 Gu.

87 2306 116 2335 2.
131 2305 160 2335 3.
182 2314 229 2332 va.
251 2320 293 2325 —
312 2304 359 2342 56)
377 2304 522 2343 gladium
545 2310 709 2332 curvatum
733 2306 789 2335 Gu.
806 2309 833 2338 2.
851 2317 897 2336 va.
924 2324 966 2329 —
990 2307 1036 2345 57)

88 2345 137 2374 Sic
160 2346 217 2376 Gu.
243 2349 270 2378 1.
293 2349 322 2378 2.
346 2347 392 2377 ed.
416 2346 506 2378 Goth.
530 2363 570 2369 --
588 2350 786 2386 procucurrit
808 2349 888 2387 vulg.
911 2366 952 2372 —
989 2352 1037 2386 58)

1083 2097 1154 2128 tari,
1178 2107 1213 2124 ne
1236 2101 1293 2123 aut
1316 2105 1408 2123 usum
1424 2094 1562 2132 perderet
1578 2094 1748 2133 (perderent
1764 2097 1858 2134 vulg.)
1880 2098 1961 2134 belli,
1984 2102 2037 2124 aut

1082 2149 1196 2166 vacans
1224 2140 1288 2166 ocio
1311 2142 1466 2176 aspectam
1488 2139 1637 2166 amitteret
1660 2138 1846 2178 (amitterent
1862 2139 1956 2179 vulg.)
1967 2140 2036 2177 gla-

1083 2180 1213 2211 diorum,
1267 2180 1464 2209 Consentiunt
1502 2181 1558 2210 Gu.
1582 2183 1611 2212 2.
1636 2183 1665 2212 3.
1689 2183 1718 2213 4.
1745 2200 1783 2204 -
1829 2184 1878 2220 63)
1908 2181 2035 2209 hastilia

1083 2224 1140 2251 Gu.
1174 2227 1200 2254 1.
1224 2226 1253 2254 2.
1284 2224 1320 2253 al.
1350 2234 1394 2251 va.
1429 2240 1468 2243 —
1510 2224 1558 2261 64)
1575 2224 1654 2260 folii
1682 2223 1751 2254 add.
1784 2225 1839 2253 Gu.
1866 2228 1893 2255 2.
1916 2239 1957 2244 —
1986 2224 2033 2255 65)

1085 2266 1211 2293 Contum
1236 2266 1291 2295 Gu.
1307 2268 1334 2296 2.
1361 2265 1391 2294 h.
1414 2265 1434 2294 l.
1458 2270 1487 2294 et
1509 2271 1624 2304 postea.
1653 2282 1696 2288 ——
1738 2265 1786 2306 66)
1810 2267 1857 2293 Sic
1880 2265 1934 2292 Gu*
1953 2267 1978 2294 1.
2002 2266 2032 2294 2.

1081 2309 1117 2336 al.
1142 2319 1188 2336 va.
1212 2308 1241 2337 h.
1265 2309 1284 2338 l.
1309 2314 1337 2337 et
1356 2312 1458 2348 postea
1481 2325 1515 2330 —
1543 2314 1638 2337 acuta
1659 2309 1739 2347 vulg.
1765 2323 1805 2329 -
1834 2306 1877 2343 67)
1899 2307 1969 2334 Aen.
1996 2306 2031 2342 V,

1080 2352 1152 2382 208.
1173 2367 1213 2373 -—
1245 2352 1293 2389 68)
1311 2354 1445 2381 conitum
1469 2351 1524 2379 Gu.
1541 2354 1567 2382 2.
1592 2362 1637 2381 va.
1659 2368 1700 2374 --
1738 2350 1785 2385 69)
1808 2349 1861 2375 Est
1885 2370 1891 2376 .
1916 2369 1924 2377 .
1952 2350 2031 2376 coni—
