2203 2829
141 94 216 128 272
842 80 1019 116 lsmom
1045 79 1227 112 HISPAL.
1254 77 1401 113 Ense.

145 186 250 222 omnis
276 183 364 218 circa
388 175 539 213 idolum¹
567 177 745 211 famulatus
782 180 815 209 et
845 176 990 208 servitus.
1052 172 1200 215 Quidam
1228 184 1307 206 vero
1336 169 1466 205 Latini²
1492 173 1682 217 ignorantes
1710 171 1841 204 Graece
1864 171 2018 215 imperite
2042 172 2095 205 di—

146 243 240 280 cunt,
265 234 396 269 idolum
422 243 462 265 ex
489 230 570 263 dolo
597 229 772 273 sumpsisse
799 238 939 267 nomen,
966 225 1059 270 quod
1087 225 1241 257 diabolus
1269 229 1440 258 creaturae
1467 225 1592 259 cultum
1621 223 1721 256 divini
1748 222 1886 256 nominis
1912 223 2044 256 invexit.

313 283 371 318 15.
423 284 611 317 Daemonas
647 292 666 312 a
694 280 831 312 Graecis
859 279 966 312 dictos
994 278 1101 318 aiunt,
1134 277 1227 319 quasi
1255 273 1452 322 δαήμονας,
1489 276 1525 309 id
1553 281 1600 309 est
1626 275 1752 320 peritos
1777 286 1818 308 ac
1841 286 1953 308 rerum
1979 272 2095 309 scios³.

147 340 340 376 Praesciunt
363 336 449 369 enim
478 334 586 366 futura
612 332 733 371 multa,
761 330 850 363 unde
878 335 911 363 et
938 330 1044 362 solent
1069 339 1228 372 responsa
1256 328 1367 370 aliqua
1395 327 1484 361 (lare.

314 387 372 420 16.
425 386 512 418 Inest
538 380 646 416 enim⁴
674 383 738 415 illis
767 382 915 427 cognitio
942 393 1052 414 rerum
1075 381 1150 424 plus
1177 391 1277 423 quam
1309 379 1490 412 infirmitati
1522 378 1707 420 humanae,
1740 377 1862 422 partim
1898 373 2097 421 subtilioris⁵

147 454 258 478 sensus
284 438 450 477 acumine,
484 436 605 480 partim
633 434 834 479 experientia
860 433 1074 478 longissimae
1100 432 1206 473 vitae,
1240 431 1360 476 partim
1383 442 1446 475 per
1471 431 1534 463 Dei
1561 432 1682 463 iussum
1708 429 1861 474 angelica
1884 429 2095 464 revelatione.

149 496 195 529 Hi
220 501 400 536 corporum
427 483 612 520 aeriorum⁶
639 491 753 519 natura
780 486 904 530 vigent,

314 542 372 574 17.
426 540 472 572 Hi
499 535 595 572 ante'
621 538 914 582 transgressionem
942 535 1077 578 quidem
1103 534 1257 568 coelestia
1285 544 1430 577 corpora
1457 533 1630 577 gerebant.
1678 532 1782 576 Lapsi
1810 543 1888 564 vero
1916 532 1948 564 in
1974 533 2098 566 aeriam

149 597 340 641 qualitatem
368 591 519 626 conversi
544 597 634 632 sunt,
661 601 723 623 nec
751 590 833 622 aeris
861 589 947 621 illius
974 587 1111 633 puriora
1135 586 1267 631 spacia,
1294 585 1352 616 sed
1381 586 1441 617 ista
1468 585 1651 629 caliginosa
1678 589 1790 617 tenere
1817 581 1985 627 permissiE
2013 590 2097 625 sunt,

149 648 205 692 qui
232 647 277 680 eis
302 645 395 689 quasi
423 654 536 677 carcer
563 647 610 675 est
637 653 740 685 usque
767 640 810 673 ad
841 645 972 684 tempus
999 638 1124 671 iudicii.
1178 637 1224 670 Hi
1247 632 1339 669 sunt⁹
1366 636 1649 680 praevaricatores
1676 635 1806 680 angeli,
1834 647 1977 679 quorum
2005 636 2098 680 prin-

149 711 228 745 ceps
255 703 302 732 est
329 696 494 729 diabolus.

314 747 372 781 18.
424 746 587 780 Diabolus
614 745 782 779 Hebraice
809 744 928 777 dicitur
950 742 1104 775 deorsum
1132 741 1246 781 fluens,
1273 740 1349 784 quia
1363 736 1386 756 ¹⁰
1413 740 1543 783 quietus
1570 739 1602 772 in
1627 738 1714 772 coeli
1742 738 1886 773 culmine
1907 743 1993 771 stare
2016 749 2097 772 con-

149 801 294 846 tempsit,
320 800 379 833 sed
407 799 581 843 superbiae
608 797 759 842 pondere
782 796 937 829 deorsum
964 806 1121 828 corruens
1147 792 1278 826 cecidit.
1333 792 1465 825 Graece
1493 803 1571 824 vero
1599 790 1753 823 diabolus
1780 791 1970 824 criminator
1996 801 2098 823 voca-

149 860 212 894 tur,
241 852 294 884 vel
315 847 439 894 quod¹¹
468 849 615 892 crimina,
642 850 675 881 in
690 846 713 865 ¹²
739 859 825 891 quae
851 848 922 892 ipse
949 842 1093 888 inlicitffl,
1121 845 1163 876 ad
1192 845 1301 876 Deum
1329 844 1460 883 referat,
1490 844 1541 876 vel
1564 843 1640 887 quia
1668 842 1851 875 electorum
1878 842 2100 875 innocentiam

151 904 339 939 criminibus
367 901 451 934 fictis
479 897 662 942 accusetu,
690 900 778 932 unde
789 896 812 915 ¹⁵
838 900 872 932 in
900 897 1107 942 Apocalypsi
1125 894 1146 912 ¹⁶
1173 907 1257 928 voce
1285 896 1437 940 angelica
1465 895 1600 928 dicitur:
1630 893 1813 926 Proiectus
1841 890 1923 926 θείη
1950 904 2099 926 αρε-ηεα-

151 961 206 990 tor
222 954 389 1001 fratrum
417 956 631 991 nostrorum,
660 952 718 996 qui
745 950 935 983 accusabat
964 950 1042 982 illos
1069 949 1104 980 in
1132 950 1316 992 conspectu
1344 947 1487 979 Domini
1499 943 1521 962 ¹¹³
1548 946 1619 979 Dei
1646 946 1756 978 nostri
1783 945 1841 977 die
1868 956 1913 978 ac
1940 948 2047 979 nocte.

319 1005 375 1039 19.
428 1004 566 1037 Satanas
592 1004 623 1036 in
647 1003 801 1036 Latinum
813 999 835 1018 ¹⁰
863 1006 958 1035 sonat
980 1000 1204 1041 adversarius,
1239 999 1306 1030 sive
1333 1004 1563 1042 transgressor.
1616 997 1692 1041 lpse
1719 1002 1767 1029 est
1794 997 1880 1029 enim
1892 992 1917 1012 ²⁰
1944 995 2101 1028 adversa-

152 1059 232 1097 rius,
260 1057 317 1100 qui
346 1061 393 1088 est
421 1056 564 1088 veritatis
590 1055 757 1093 inimicus,
787 1058 818 1086 et
844 1065 976 1097 semper
1002 1057 1189 1085 sanctorum
1218 1050 1390 1082 virtutibus
1417 1050 1582 1082 contraire
1593 1045 1618 1065 ²¹
1646 1047 1765 1080 nititur.
1833 1048 1909 1092 lpse
1943 1053 1975 1080 et
1999 1053 2102 1080 trans-

152 1120 301 1155 gressor,
338 1108 414 1150 quia
437 1112 658 1151 transgressor
671 1103 695 1122 ²²
723 1102 897 1138 effectus²³⁵
921 1106 954 1136 in
981 1103 1133 1141 veritate,
1168 1113 1234 1144 qua
1264 1101 1416 1134 conditus
1443 1097 1542 1138 est²¹,
1580 1111 1645 1131 non
1683 1100 1778 1131 stetit.
1840 1099 1935 1132 Idem
1971 1104 2003 1131 et
2028 1104 2102 1131 ten-

152 1167 255 1201 tator,
283 1160 359 1203 quia
387 1159 576 1192 tentandam
604 1158 760 1189 iustorum
789 1156 1009 1188 innocentiam
1033 1154 1199 1198 postulat,
1226 1153 1309 1185 sicut
1335 1153 1367 1183 in
1395 1153 1480 1184 libro
1494 1148 1519 1167 ²⁵
1546 1152 1607 1183 lob
1632 1150 1795 1184 scribitur.

319 1210 378 1244 20.
432 1209 651 1242 Antichristus
679 1208 892 1251 appellatur,
919 1202 1031 1249 quia²⁶
1058 1211 1173 1238 contra
1201 1203 1370 1235 Christum
1398 1208 1551 1235 venturus
1579 1207 1635 1243 est,
1662 1213 1739 1243 non,
1767 1201 1938 1244 quomodo
1966 1200 2102 1243 quidam

153 1263 321 1307 simplices
350 1261 558 1304 intelligunt,
601 1258 840 1292 Antichristum
877 1257 953 1289 ideo
983 1256 1129 1293 (lictum.
1165 1254 1257 1297 quod
1293 1259 1367 1286 ante
1395 1253 1562 1286 Christum
1591 1259 1743 1285 venturus
1773 1254 1826 1292 sit,
1860 1252 1895 1284 id
1924 1249 2005 1284 est²⁷
2028 1257 2104 1296 post

154 1326 230 1347 eum
269 1310 415 1345 veniet‘ffl
449 1311 609 1345 Christus,
650 1311 727 1342 Non
763 1310 828 1349 sic,
869 1309 928 1340 sed
957 1306 1178 1341 Antichristus
1207 1306 1337 1338 Graece
1369 1305 1508 1345 dicitur,
1548 1305 1640 1347 quod
1677 1310 1725 1336 est
1764 1304 1882 1336 Latine
1922 1305 2103 1337 contrarius

155 1366 303 1399 Christo.
353 1362 457 1398 'Ami
487 1363 572 1395 enim
598 1362 730 1394 Graece
757 1362 789 1393 in
818 1360 971 1393 Latinum
999 1364 1114 1392 contra
1141 1356 1316 1402 significat.

321 1414 381 1449 21.
436 1414 605 1447 Christum
635 1414 720 1445 enim
749 1424 782 1445 se
810 1412 1003 1451 mentietur,
1038 1422 1114 1444 cum
1126 1406 1150 1426 Ψ
1177 1408 1319 1446 venerit,
1355 1412 1387 1439 et
1421 1412 1537 1440 contra
1564 1418 1641 1439 eum
1665 1405 1823 1439 dimicabi

155 1468 279 1501 sabitur
306 1466 514 1498 sacramentis
543 1466 683 1506 Christi,
713 1470 746 1496 ut
773 1463 916 1496 veritatis
945 1463 1011 1494 eius
1039 1460 1248 1505 evangelium
1278 1455 1431 1492 solvat³¹.

322 1515 381 1550 22.
434 1517 520 1548 Nam
548 1523 579 1548 et.
606 1516 768 1559 templum
797 1513 1036 1556 Hierosolymis
1064 1523 1236 1556 reparare,
1271 1516 1303 1542 et
1336 1521 1450 1541 omnes
1485 1509 1602 1541 veteris
1629 1508 1713 1552 legis
1748 1508 1952 1540 ceremonias
1979 1512 2106 1540 restau-

158 1581 230 1603 rare
256 1568 406 1601 tentabit.
459 1567 528 1599 Sed
558 1564 624 1599 et³²
651 1567 706 1599 ille
736 1565 954 1599 Antichristus
981 1570 1040 1607 est,
1063 1564 1119 1606 qui
1148 1567 1249 1606 negat
1276 1573 1346 1593 csse
1375 1560 1555 1593 Dominum
1583 1556 1795 1592 Christum³³³.
1840 1559 2031 1591 Contrarias
2057 1563 2106 1591 est

159 1622 246 1654 enim
275 1615 451 1652 Christo³⁸.
506 1618 633 1652 Omnes
661 1618 765 1659 enim,
804 1618 860 1660 qui
895 1620 1013 1649 exeunt
1049 1615 1092 1648 de
1119 1613 1272 1648 Ecclesia
1307 1618 1339 1645 et
1366 1613 1407 1644 ab
1436 1612 1557 1645 unitate
1586 1611 1664 1643 fidei
1690 1610 1942 1654 praeciduntur,
1978 1615 2011 1642 et
2044 1610 2105 1654 ipsi

159 1670 349 1706 Antichristi
377 1674 458 1705 sunt.

1826 1401 1888 1445 t³⁰‚
1925 1411 1958 1437 et
1983 1403 2104 1438 adver—

248 1770 275 1811 1)
300 1772 382 1798 circa
405 1781 490 1798 omne
511 1770 629 1798 [dolum
653 1771 689 1798 al.
706 1788 742 1792 —
767 1768 799 1809 Q)
823 1770 871 1798 Sic
895 1769 951 1797 Gu.
971 1771 998 1799 1.
1015 1771 1044 1799 2.
1066 1778 1112 1797 va.
1155 1784 1196 1789 —
1220 1766 1266 1806 19)
1290 1767 1402 1794 Latine
1425 1765 1462 1793 al.
1491 1779 1532 1784 —
1566 1761 1615 1802 ΞΟ)
1644 1762 1692 1790 Sic
1716 1761 1773 1790 Gu,
1792 1764 1817 1792 1.
1833 1764 1861 1793 2.
1886 1771 1931 1790 va.
1953 1777 1995 1782 —
2018 1760 2105 1800 Vulg-

162 1815 264 1844 Ar.—
281 1812 394 1841 Latine
409 1814 488 1851 vulg.
504 1814 588 1851 —3)
606 1814 654 1842 Sic
672 1814 766 1844 Gu.1.
782 1815 829 1842 Ar,
850 1822 1007 1850 prae-setes
1031 1812 1111 1849 vulg.
1155 1811 1223 1849 Ipse
1245 1811 1322 1836 enim.
1341 1814 1390 1836 eust.
1413 1824 1455 1829 —
1481 1805 1526 1844 21)
1552 1806 1701 1832 cono-arie
1723 1805 1760 1831 al.
1792 1820 1832 1825 —
1862 1804 1909 1841 2⁵2)
1932 1803 1981 1831 Sic
2005 1804 2062 1833 Gu,
2078 1807 2105 1834 1.

161 1873 203 1879 .-
226 1856 255 1887 4)
279 1859 357 1883 enim
379 1866 434 1884 om.
463 1857 518 1884 Gu.
535 1858 563 1886 2,
588 1872 629 1877 —-
658 1860 684 1889 5)
716 1855 871 1882 subtiliori
894 1855 948 1882 Gu.
966 1857 993 1884 2.
1013 1870 1054 1874 ——-
1083 1857 1112 1888 t»)
1149 1854 1382 1892 praevaricator
1399 1850 1480 1887 vulg.
1503 1863 1544 1870 —
1574 1848 1621 1884 Εὖ)
1645 1853 1686 1874 est
1710 1846 1776 1875 add.
1801 1846 1859 1874 Gu.
1878 1848 1903 1877 1.
1926 1862 1968 1867 —
1993 1844 2040 1886 24)
2062 1851 2106 1874 est

163 1900 211 1927 Sic
229 1899 284 1926 Gu.
304 1902 330 1928 1.
348 1901 375 1929 2.
399 1909 443 1937 pr.
467 1909 729 1928 va.—‹czreornm
752 1898 831 1935 vulg.
860 1897 908 1924 Sic
931 1907 1001 1924 mox
1022 1896 1112 1924 iidem
1156 1906 1213 1923 om.
1237 1905 1282 1923 va.
1299 1910 1340 1915 ——
1360 1896 1404 1930 2³5)
1427 1892 1503 1920 libro
1527 1889 1627 1918 addidi
1652 1900 1666 1918 e
1690 1891 1747 1917 Gu.
1768 1891 1794 1919 1.
1817 1905 1859 1910 —
1881 1891 1926 1921 26)
1944 1888 1993 1916 Sic
2009 1889 2106 1921 Gu.1-

164 1941 233 1970 libri
257 1942 382 1968 aeriam.
409 1957 449 1963 —
471 1944 497 1974 7)
522 1942 568 1968 Ili
584 1942 689 1970 addidi
707 1952 721 1969 e
738 1940 794 1968 Gn.
806 1943 831 1971 1.
847 1956 889 1961 —
913 1938 942 1978 ὃ)
962 1940 1010 1966 Sic
1025 1939 1111 1969 Gu.1.
1155 1939 1258 1967 Ar.—
1272 1935 1355 1975 quod
1367 1933 1544 1973 vulg—27)
1557 1932 1603 1960 Sic
1616 1933 1672 1961 Gu.
1684 1934 1746 1963 1.2.
1757 1941 1804 1970 pr.
1818 1941 1865 1960 va.
1877 1930 2011 1959 An-et
2022 1931 2104 1968 vulg.

163 1994 214 2013 va.
237 1985 286 2012 Ar.
308 1993 371 2012 var.
394 1983 461 2012 lect.
483 1994 529 2022 ap.
547 1983 636 2012 Goth.
658 2001 690 2006 -
717 1983 952 2021 Vulg.pe1·pm·si
970 1986 1049 2009 szmt.
1074 1997 1111 2002 ——
1155 1998 1194 2003 -—
1219 1978 1268 2021 28)
1291 1980 1339 2007 Sic
1357 1979 1412 2008 Gu.
1435 1981 1461 2009 1.
1485 1975 1728 2012 1*e11iatvuig.—
1747 1973 1792 2012 29)
1809 1974 1859 2002 Sic
1874 1973 2016 2003 Gu.1.—
2030 1972 2106 2000 dum

166 2027 202 2055 al.
219 2027 398 2065 persistunt.
424 2043 457 2048 —
483 2029 510 2060 9)
537 2026 591 2055 Vv.
610 2028 657 2054 Hi
678 2048 686 2055 .
710 2048 716 2055 .
740 2047 747 2054 .
770 2031 811 2053 est
836 2025 980 2052 diabolus
1003 2034 1059 2051 om.
1077 2023 1113 2051 al.

166 2070 223 2098 Pro
240 2070 384 2108 princeps
405 2067 544 2096 d1'al1.est
560 2070 645 2100 Gu.1‚
663 2068 784 2097 exhibet
802 2070 901 2107 princ.
924 2072 966 2094 est
981 2065 1063 2094 diab.
1075 2084 1112 2087 —-

168 2113 224 2140 Gu.
239 2115 267 2144 2.
291 2110 373 2139 diab.
391 2113 490 2149 princ.
514 2116 562 2138 est.
593 2127 634 2133 ——
666 2110 710 2150 10)
735 2111 790 2139 Vv.
812 2112 887 2149 quia
912 2132 919 2138 .
944 2131 952 2138 .
976 2130 985 2138 .
1008 2108 1057 2136 die
1079 2119 1116 2135 (ιε

167 2160 250 2184 nocte
272 2164 330 2183 om.
355 2153 392 2181 al.
414 2170 455 2175 —
486 2153 532 2190 11)
556 2153 640 2191 quod
660 2154 707 2181 rel
740 2153 796 2183 Gu.
815 2156 844 2183 2.
868 2152 905 2182 al.
936 2167 978 2172 -
1008 2150 1051 2188 1⁶2)
1081 2153 1112 2178 ιἰι

169 2196 270 2226 addidi
293 2206 308 2225 e
332 2196 388 2223 Gu.
411 2198 437 2226 1.
461 2205 506 2223 va.
530 2196 579 2225 Ar.
603 2198 634 2223 in
657 2207 719 2234 qun
741 2196 796 2224 GU.
815 2197 843 2225 2.
866 2205 911 2233 pr.
930 2212 965 2215 --
990 2195 1039 2229 13)
1061 2204 1112 2220 διι-

166 2240 273 2279 perbia
293 2237 400 2266 cecidit
424 2239 537 2266 illicita
563 2238 607 2265 ad
621 2240 722 2266 Deum
744 2239 797 2275 ref.
823 2238 879 2266 Gu.
895 2240 922 2268 1.
938 2253 979 2257 —
1002 2237 1045 2272 14)
1064 2237 1112 2265 Sic

171 2284 229 2311 Gu.
246 2284 273 2313 1.
288 2283 317 2312 2.
340 2279 505 2320 (accusat.)
528 2280 578 2311 Ar.
596 2298 634 2302 -——
659 2280 745 2318 Vulg.
769 2290 811 2308 cr.
836 2279 980 2316 (lctufict.
1003 2293 1043 2299 —
1068 2278 1112 2319 15)

170 2325 259 2362 Vulg.
283 2322 363 2351 unde
385 2329 426 2360 et,
449 2323 502 2352 sed
525 2328 552 2350 et
574 2334 630 2352 om.
656 2323 712 2351 Gu.
728 2325 754 2353 1.
776 2338 817 2344 -
850 2321 896 2361 16)
920 2331 985 2359 cap.
1003 2323 1114 2355 1210.

172 2384 213 2390 --
235 2369 278 2401 17)
302 2371 344 2394 est
365 2376 421 2397 om.
445 2366 501 2395 Gu.
515 2368 544 2397 2.
566 2382 607 2388 -—
636 2368 683 2402 18)
705 2366 835 2393 Domini
857 2363 958 2393 addidi
981 2373 995 2392 e
1016 2363 1070 2391 Gu.
1087 2367 1111 2394 1.

1156 2023 1238 2061 vulg.
1262 2038 1304 2043 —
1323 2023 1369 2058 30)
1393 2018 1591 2047 dimicabitur
1614 2018 1670 2045 Gu.
1690 2020 1715 2048 1.
1738 2019 1766 2048 2.
1788 2017 1827 2045 al.
1850 2032 1892 2038 —
1911 2014 1957 2053 31)
1981 2021 2007 2042 et
2029 2016 2104 2044 veri-

1157 2068 1233 2093 tatis
1255 2066 1320 2092 ersus
1343 2062 1533 2101 evangellum
1559 2060 1675 2088 Christi
1696 2059 1795 2087 solvat
1822 2059 1878 2086 Gu.
1895 2060 1923 2089 1.
1945 2074 1985 2078 —
2007 2059 2054 2096 32)
2079 2064 2105 2085 et

1158 2119 1215 2137 om.
1238 2108 1294 2135 Gu.
1312 2109 1340 2138 2.
1369 2122 1410 2127 —
1453 2105 1500 2141 33)
1525 2105 1625 2131 Deum
1651 2102 1808 2130 Clu-istum
1829 2101 1880 2129 Ar.
1903 2115 1945 2121 —-·
1987 2101 2032 2133 34)
2057 2100 2105 2129 Sic

1159 2152 1216 2180 Gu.
1235 2154 1261 2181 1.
1277 2159 1323 2176 va.
1342 2166 1379 2170 -
1404 2147 1489 2184 Vulg.
1513 2147 1611 2175 contr.
1635 2147 1712 2172 enim
1735 2150 1777 2172 est
1801 2161 1839 2166 —
1866 2142 1982 2170 Christi
2006 2142 2104 2174 Gu.2.

1154 2209 1197 2216 ·—
1208 2203 1265 2221 om.
1284 2191 1402 2219 Christo
1419 2200 1465 2218 va.
1480 2206 1521 2211 ·--
1543 2192 1588 2220 35)
1604 2187 1796 2225 Babjlonzcm
1813 2186 1869 2214 Gu,
1879 2188 1907 2216 2.
1930 2185 2104 2222 Babyloni-

1157 2246 1223 2263 cum
1247 2234 1293 2263 ed.
1316 2232 1404 2262 Goth.
1433 2249 1467 2254 -—
1492 2230 1538 2269 36)
1563 2241 1641 2270 qnae
1664 2240 1709 2258 va.
1730 2245 1771 2252 —-
1792 2231 1837 2263 37)
1854 2229 1978 2266 primus
1995 2227 2032 2256 al.
2047 2238 2103 2256 om.

1157 2295 1195 2300 -—
1218 2276 1263 2315 38)
1288 2276 1375 2304 Baal
1398 2285 1463 2304 var.
1490 2274 1559 2303 lect.
1582 2284 1629 2312 ap.
1653 2271 1742 2300 Goth.
1764 2287 1804 2292 -—
1827 2271 1873 2309 39)
1897 2269 2025 2309 quidam
2046 2270 2103 2300 Gu.

1155 2324 1187 2353 2,
1210 2335 1252 2342 —-
1275 2320 1323 2356 40)
1347 2323 1603 2346 sacramentorum
1626 2316 1682 2345 Gu.
1702 2317 1727 2345 1.
1749 2329 1791 2335 —
1812 2311 1860 2352 41)
1884 2319 1918 2340 ιιι
1941 2313 1997 2341 Gu.
2014 2314 2040 2343 1.
2063 2328 2102 2334 —-

1155 2361 1203 2403 42)
1227 2362 1369 2400 Belsegor
1399 2362 1454 2389 Gu.
1473 2364 1499 2391 1.
1520 2363 1549 2392 2.
1576 2374 1618 2381 ·--
1649 2359 1697 2392 43)
1723 2361 1825 2384 autem
1849 2356 1905 2386 Gu.
1928 2358 1957 2387 2.
1987 2371 2026 2376 -—
2057 2354 2102 2394 44)
