2203 2829
179 131 252 164 280
879 120 1057 155 ISIDORI
1083 120 1264 154 HISPAL.
1292 119 1436 156 EPISC.

345 219 403 254 92.
457 218 540 252 Tria
569 219 680 249 autem
708 214 775 247 fata
799 215 932 260 fingunt
967 216 1000 248 in
1028 215 1106 249 colo
1135 220 1166 249 et
1194 215 1268 249 fuso
1297 215 1477 260 digitisque
1506 216 1562 249 fila
1591 227 1630 249 ex
1662 217 1736 250 lana
1763 218 2008 263 torquentibus,
2044 231 2126 264 pro-

182 281 257 322 pter
282 274 344 307 tria
371 278 544 316 tempora,
572 266 806 312 praeteritum,
834 267 926 310 quod
954 268 986 300 in
1014 268 1088 300 fuso
1119 268 1186 301 iam
1213 273 1324 300 netum
1352 272 1400 300 est
1433 273 1531 311 atque
1567 266 1790 303 involutum¹2
1828 281 2000 315 praesens,
2035 272 2128 315 quod

181 329 266 362 inter
291 325 412 370 digitos
439 322 542 355 nentis
569 315 764 352 traiicitur²t
790 319 956 360 futurum,
984 319 1016 352 in
1043 320 1136 361 lana,
1173 317 1284 363 quae³
1311 319 1388 352 colo
1416 319 1587 364 implicata
1623 327 1686 363 est,
1729 326 1761 355 et
1794 322 1888 366 quod
1916 322 2030 356 adhuc
2067 335 2129 368 per

182 379 306 426 digitos
332 375 434 409 nentis
461 373 504 405 ad
533 371 640 403 susum
671 375 829 414 tanquam
857 383 1013 416 praesens
1042 372 1085 404 ad
1112 373 1326 416 praeteritum
1354 370 1607 405 traiiciendum⁴
1634 379 1690 406 est.

345 434 406 468 93·
460 433 566 466 Parca
592 427 733 465 V⁰0³¹³⁵
759 429 835 466 κατ’
863 429 1103 479 α’ντίφρασιν,
1139 432 1231 476 quod
1259 431 1392 464 minime
1419 437 1564 475 parcant.
1626 434 1717 475 Quas
1746 438 1811 466 tres
1838 445 1909 466 esse
1934 434 2128 468 voluerunt:

181 501 298 530 unam,
332 497 418 530 quae
444 484 545 518 vitam
570 482 713 516 hominis
740 483 906 527 ordiatur,
934 484 1089 525 alteram,
1127 496 1214 527 quae
1247 488 1420 525 contexat,
1455 485 1602 527 tertiam,
1636 497 1722 529 quae
1749 490 1890 530 rumpat,
1949 485 2128 531 Incipimus

181 542 284 582 enim,
312 550 389 572 cum
416 537 599 579 nascimur,
625 546 753 576 summ,
782 546 858 568 cum
884 536 1039 579 vivimus,
1068 535 1262 576 desinimus,
1291 546 1367 568 cum
1395 535 1571 569 interimus.

345 597 403 630 94.
459 597 642 630 Fortunam
671 607 689 627 a
710 595 852 628 fortuitis
879 595 1006 629 habere
1034 592 1178 628 nomen*i
1207 596 1338 635 dicunt,
1367 596 1461 637 quasi
1489 595 1586 627 deam
1615 596 1782 638 quandam
1811 609 1861 629 res
1884 596 2047 630 humanas
2070 609 2126 630 va-

179 653 234 685 riis
254 650 382 685 casibus
410 652 443 682 et
466 647 608 681 fortuitis
636 647 850 687 illudentem,
885 647 973 681 unde
1001 652 1033 681 et
1071 658 1206 681 caecam
1235 646 1427 691 appellant,
1464 658 1504 679 eo
1533 647 1624 690 quod
1652 649 1772 692 passim
1801 649 1833 681 in
1865 649 2032 692 quoslibet
2061 649 2128 682 ho—

179 699 307 737 mines⁷
340 702 507 735 incurrens
533 700 601 732 sine
629 699 699 732 ullo
728 700 876 732 examine
902 701 1116 740 meritorum,
1146 705 1178 731 et
1205 699 1247 731 ad
1277 699 1382 731 bonos
1410 703 1441 731 et
1468 698 1511 730 ad
1540 699 1642 731 malos
1670 700 1766 732 venit.
1822 700 1942 733 Fatum
1971 706 2082 734 autem
2109 713 2128 733 a

179 758 312 788 fortuna
339 748 538 797 sepau-anfi,
566 755 598 784 et
626 751 790 783 fortunam
814 752 910 794 quasi
930 752 969 784 sit
995 752 1027 784 in
1054 751 1122 792 his,
1151 762 1237 795 quae
1265 750 1401 783 fortuitu
1419 750 1569 792 veniunt,
1595 751 1686 783 nulla
1702 752 1814 796 palam
1843 764 1951 786 causa.
2006 753 2127 786 Fatum

179 818 259 841 vero
286 800 498 850 appositum⁵¹
526 802 661 847 singulis
690 807 721 835 et
747 807 901 836 statutum
919 800 949 837 ¹⁰.

343 863 404 897 95.
456 864 559 897 Aiunt
586 868 618 895 et
649 868 713 895 tres
750 862 849 896 furias
884 863 1044 896 foeminas
1072 863 1202 898 crinitas
1229 863 1454 906 serpentibus,
1499 867 1639 907 propter
1665 867 1730 895 tres
1759 859 1952 904 affectus¹¹‚
1978 864 2035 907 qui
2048 859 2069 880 ¹²
2095 864 2128 896 in

179 917 293 951 animis
320 916 492 948 hominum
521 914 640 947 multas
667 914 932 959 perturbationes
964 916 1123 959 gignunt,
1152 922 1184 948 et
1211 914 1374 946 interdum
1404 921 1530 958 cogunt
1553 915 1596 946 ita
1629 914 1839 957 delinquere,
1868 920 1902 947 ut
1929 927 1990 948 nec
2019 915 2127 948 famae

178 980 240 1003 nec
265 968 404 1013 periculi
433 968 482 1000 sui
508 971 696 1010 respectum
725 965 850 998 habere
877 968 1076 1010 permittant.
1129 967 1200 1005 lra,
1227 978 1314 1008 quae
1341 966 1520 998 vindictam
1541 967 1650 1010 cupit:
1673 967 1853 1010 cupiditas,
1879 977 1965 1008 quae
1993 966 2126 999 deside-

178 1027 229 1054 rat
255 1032 355 1064 opes:
381 1019 506 1061 libido,
541 1029 628 1061 quae
655 1018 842 1061 voluptates
869 1016 1040 1061 appetit¹³.
1095 1019 1191 1059 Quae
1219 1018 1295 1050 ideo
1330 1018 1435 1050 furiae
1467 1018 1698 1061 appellantur,
1732 1014 1858 1062 quodu
1895 1018 2030 1050 stimulis
2063 1019 2128 1052 suis

179 1077 324 1105 mentem
352 1071 486 1111 feriant,
514 1075 546 1102 et
575 1069 719 1112 quietam
748 1080 816 1101 esse
844 1080 909 1101 non
936 1071 1049 1102 sinant.

344 1129 403 1162 96.
458 1128 634 1172 Nymphas
661 1129 741 1161 deas
779 1140 940 1171 aquarum
975 1134 1110 1172 putant,
1139 1129 1243 1162 dictas
1273 1141 1291 1161 a
1324 1129 1464 1161 nubibus
1491 1139 1596 1171 aquae
1611 1124 1650 1167 ¹⁵,
1687 1126 1812 1160 unde¹⁰
1846 1129 2031 1161 derivatum
2069 1135 2128 1167 est,

179 1182 346 1226 nymphas
373 1181 453 1213 deas
489 1191 649 1222 aquarum
661 1176 701 1219 ¹⁷,
742 1181 834 1222 quasi
866 1177 1034 1212 numina¹⁸
1068 1180 1292 1224 lympharum.
1358 1183 1448 1223 lpsas
1475 1186 1583 1212 antem
1612 1180 1727 1212 dicunt
1751 1186 1781 1212 et
1810 1180 1943 1221 Musas,
1988 1192 2069 1224 quas
2096 1187 2129 1214 et

178 1233 363 1279 nymphas,
398 1242 459 1264 nec
486 1231 661 1263 immerito.
714 1231 799 1262 Nam
815 1227 836 1246 ¹⁹
864 1242 970 1273 aquae
998 1236 1105 1262 motus
1136 1232 1280 1264 musicen
1308 1232 1420 1264 efficit.

343 1291 402 1326 97.
456 1290 692 1334 Nympharum
720 1290 811 1334 apud
839 1291 982 1335 gentiles
1009 1291 1097 1322 varia
1126 1296 1197 1322 sunt
1225 1290 1400 1323 vocabula.
1455 1289 1631 1333 Nymphas
1654 1291 1782 1334 quippe
1798 1291 1958 1322 montium
1977 1290 2128 1323 Oreades

178 1347 311 1388 dicunt,
338 1344 493 1376 silvarum
522 1341 689 1386 Dryades,
717 1352 915 1386 camporum
945 1343 1219 1385 Hamadryades,
1260 1343 1402 1374 fontium
1430 1342 1592 1379 Naiades,
1628 1341 1723 1373 maris
1753 1338 1956 1375 Nereides²⁰.

343 1403 402 1437 98.
458 1403 587 1436 Heroas
616 1399 764 1436 (Ιίουιιῑ21
793 1415 811 1435 a
839 1403 964 1435 lunone
991 1403 1125 1435 traxisse
1153 1414 1283 1435 nomen.
1339 1402 1471 1435 Graece
1500 1402 1587 1433 enim
1615 1401 1696 1433 luno
1717 1400 1819 1448 “Ilpq
1842 1401 2042 1445 appellatur.
2085 1401 2129 1433 Et

178 1457 256 1489 ideo
284 1456 396 1488 nescio
424 1455 495 1497 quis
522 1455 608 1486 filius
637 1455 706 1486 eius
739 1454 922 1487 secundum
952 1455 1161 1487 Graecorum
1200 1454 1347 1487 subulam
1386 1453 1474 1499 ἥρως
1512 1453 1573 1485 fuit
1600 1450 1841 1496 appeltam-2²,
1878 1452 1945 1486 hoc
1972 1452 2128 1485 videlicet

179 1508 270 1540 velut
297 1507 470 1550 mysticum
498 1506 705 1550 significante
733 1505 862 1547 fabula,
891 1505 983 1548 quod
1008 1518 1064 1538 aer
1092 1506 1207 1539 lunoni
1237 1502 1459 1549 deputetur-²³³,
1489 1505 1544 1536 ιι1)ἰ
1560 1505 1674 1536 volunt
1703 1504 1822 1536 heroas·
1850 1503 2011 1536 habitare.
2050 1504 2127 1545 Quo

179 1559 312 1592 nomine
340 1558 513 1602 appellant
537 1557 673 1589 alicuius
702 1557 808 1589 meriti
833 1557 956 1589 animas
981 1556 1236 1598 defunctorum,
1264 1557 1355 1600 quasi
1384 1554 1545 1602 αἠριῦας,
1575 1556 1609 1588 id
1638 1561 1685 1588 est
1706 1556 1791 1588 viros
1813 1551 1955 1588 aerios²³
1981 1560 2013 1587 et
2030 1555 2128 1589 coelo

179 1611 301 1657 dignos
326 1614 467 1654 propter
494 1608 686 1653 sapientiam
715 1614 747 1641 et
774 1608 1009 1642 fortitudinem.

344 1669 403 1702 99.
458 1669 598 1702 Penates
628 1669 770 1713 gentiles
797 1664 990 1703 dicebant²⁵
1025 1680 1140 1701 omnes
1174 1668 1273 1707 deos,
1315 1679 1397 1710 quos
1432 1666 1524 1698 (lonii
1559 1666 1725 1698 colebant.
1786 1666 1830 1698 Et
1865 1669 2001 1709 penates
2036 1665 2126 1705 dicti,

180 1721 273 1765 quod
300 1726 406 1754 essent
426 1721 459 1753 in
487 1721 710 1765 penetralibus
723 1717 766 1761 ²¹³,
794 1720 828 1752 id
857 1727 905 1754 est
932 1721 963 1753 in
985 1720 1127 1754 secretis.
1182 1720 1227 1752 lli
1251 1720 1296 1751 dii
1323 1718 1497 1762 quomodo
1508 1715 1532 1734 ²¹⁷
1560 1718 1774 1758 vocabantur,
1801 1717 1853 1749 vel
1881 1728 1967 1760 quae
1994 1717 2127 1750 nomina

180 1773 374 1814 habuerint,
400 1773 581 1817 ignoratur.

348 1833 430 1865 100.
484 1832 602 1865 Manes
630 1832 712 1865 deos
739 1837 947 1866 mortuorum
976 1832 1091 1865 dicunt
1104 1827 1146 1872 ²²³,
1181 1841 1324 1874 quorum
1349 1833 1548 1875 potestatem
1577 1827 1660 1860 inter
1687 1828 1799 1860 lunam
1827 1832 1860 1861 et
1888 1832 2011 1861 terram
2038 1840 2122 1862 asse-

182 1888 272 1925 runt,
300 1895 319 1915 a
346 1885 464 1927 quibus
491 1890 523 1916 et
550 1895 647 1917 mane
674 1884 802 1918 (lictum
831 1885 1032 1926 existimant,
1061 1894 1143 1927 quos
1170 1888 1288 1928 putant
1298 1880 1323 1899 ²¹³
1351 1883 1392 1915 ab
1420 1893 1516 1921 aere,
1539 1880 1595 1922 qui
1624 1890 1739 1912 manus
1750 1876 1786 1919 ³¹⁰,
1813 1879 1847 1912 id
1876 1885 1924 1913 est
1949 1891 2041 1913 rarus
2068 1885 2125 1921 est,

270 1992 297 2031 l)
313 1992 362 2020 Sic
386 1992 441 2021 Gu.
466 1994 492 2023 1.
509 2009 550 2014 —
573 1992 659 2031 Vulg.
681 1999 782 2021 nciam
804 1999 895 2032 atquc
918 1993 1008 2023 inrol.
1032 1999 1133 2020 m·t.—
1178 1990 1375 2032 ap.Golh.—-
1390 1990 1512 2029 ‹flletus›-
1527 1989 1607 2026 vulg.
1622 2004 1663 2009 —
1688 1987 1735 2027 152)
1752 1999 1830 2027 quae
1845 1989 1901 2017 Gu.
1916 1990 1947 2019 2.
1966 1999 2012 2027 pr.
2028 1998 2125 2017 va.—

183 2037 214 2075 2)
241 2036 386 2063 traicitur
416 2045 459 2073 pr.
486 2051 520 2055 —
557 2036 690 2064 lraltt'lur
723 2038 779 2065 Gu.
805 2038 833 2067 2.
858 2037 895 2066 ai.
919 2053 960 2057 -—
997 2034 1025 2073 3)
1053 2034 1137 2073 qnod
1180 2035 1223 2072 13)
1247 2034 1295 2063 sie
1320 2034 1374 2062 Gu.
1398 2037 1425 2064 1.
1449 2051 1486 2055 —
1515 2042 1583 2069 sqq).
1607 2031 1664 2060 rol.
1686 2031 1764 2069 vulg.
1785 2048 1826 2053 —
1850 2029 1898 2071 14)
1921 2032 1998 2069 qula
2019 2040 2066 2059 va.
2084 2049 2125 2052 —

185 2079 283 2110 Gu.2.
301 2089 348 2117 pr.
372 2093 413 2098 —-
445 2078 474 2112 4)
497 2078 712 2107 trasimundum
736 2089 794 2107 om.
821 2090 866 2118 pr.
889 2096 929 2100 —
952 2077 980 2119 ὅ)
1006 2077 1054 2105 Sic
1079 2080 1131 2107 Gn.
1180 2076 1226 2118 15)
1245 2077 1293 2105 Sic
1317 2077 1372 2104 Gu.
1388 2078 1415 2107 1.
1436 2091 1477 2097 --
1500 2074 1585 2111 Vulg.
1609 2086 1627 2102 α
1650 2074 1792 2102 nubibus.
1838 2074 1918 2101 Nam
1942 2084 1974 2101 ex
1996 2073 2125 2102 nubibus

186 2125 213 2153 1.
232 2131 277 2160 pr.
301 2130 348 2149 va.
365 2136 404 2141 —
428 2120 547 2147 Parcas
570 2120 676 2148 dicunt
702 2143 709 2150 .
734 2144 741 2150 .
766 2144 772 2149 .
797 2122 968 2160 amn-llatae*
991 2120 1070 2157 vulg.
1097 2136 1133 2141 —
1178 2131 1277 2159 aquae
1295 2124 1347 2147 etc.
1373 2136 1411 2140 ——
1437 2116 1483 2157 16)
1501 2122 1526 2144 rt
1542 2116 1609 2145 add.
1635 2117 1693 2146 Gu.
1709 2120 1739 2148 2.
1762 2126 1807 2144 va,
1825 2131 1866 2136 -
1892 2113 1937 2154 17)
1960 2115 2008 2144 Sic
2029 2116 2124 2147 Gu.1.

183 2162 214 2203 6)
233 2163 280 2191 Sic
304 2163 359 2191 Gu.
382 2164 408 2193 1.
434 2177 474 2183 —
497 2173 602 2190 nomen
623 2163 730 2190 hahere
753 2163 833 2200 vulg.
883 2165 953 2192 Post
976 2164 1134 2190 interimus
1176 2165 1205 2193 2.
1235 2180 1266 2183 —
1297 2161 1384 2199 Vulg.
1407 2170 1561 2198 aquarum
1583 2158 1663 2187 ‹lca-5.
1688 2175 1730 2182 —
1759 2157 1803 2197 18)
1826 2159 1951 2186 nomina
1974 2158 2029 2186 Gu.
2051 2160 2080 2189 2.
2096 2163 2124 2188 et

185 2206 216 2235 in
237 2205 307 2235 edit.
329 2216 374 2234 va.
397 2203 447 2232 hic
470 2214 573 2232 versus
597 2205 732 2234 additur:
766 2205 801 2233 de
824 2207 935 2244 quibas
955 2207 1056 2243 parci.»
1081 2205 1132 2233 ‹ld-
1176 2215 1240 2234 var.
1263 2204 1330 2232 lect.
1355 2214 1403 2242 ap.
1427 2201 1517 2231 Goth.
1542 2218 1585 2223 --
1615 2203 1662 2239 19)
1688 2202 1827 2239 Namque
1856 2200 1912 2231 Gn.
1938 2203 1967 2231 2.
1997 2218 2036 2223 --
2074 2198 2124 2241 20)

186 2248 458 2277 citurhicverszcs:
486 2247 591 2275 Clotho
608 2248 708 2275 colum
724 2248 1008 2285 [»<1t0l‹1t‚Lacl1c‚>=1·s
1026 2248 1130 2285 trahit,
1176 2247 1223 2275 sic
1245 2246 1335 2276 Arev.
1356 2265 1391 2268 —
1417 2245 1503 2282 vulg.
1526 2254 1680 2284 perverse:
1696 2245 1777 2281 sunt.
1799 2244 1908 2279 llam„
1931 2253 2029 2280 camp.
2050 2242 2122 2271 Ναί.

186 2294 319 2329 Atropos
331 2296 475 2319 occat.—
490 2290 1129 2329 ”homines-addidieGu.1.—8)0·1p‹au-
1175 2306 1213 2310 ——
1238 2287 1286 2328 21)
1310 2288 1456 2316 <licuntur
1480 2289 1536 2315 Gu.
1562 2290 1591 2318 2.
1617 2305 1653 2309 —
1678 2286 1727 2326 22)
1747 2286 1794 2314 Sic
1812 2286 1869 2314 Gu.
1892 2288 1918 2316 1.
1942 2302 1979 2307 —
2004 2296 2123 2313 nuncu-

187 2334 282 2362 tzcral.
297 2331 691 2373 —9)apposili.s·Gu.1.—
707 2330 754 2372 10)
764 2339 879 2361 statum
891 2334 1129 2371 Gu.1.—Vulg.
1167 2338 1265 2371 patu-5
1289 2331 1367 2369 vulg.
1390 2348 1431 2352 —
1460 2328 1506 2370 23)
1526 2328 1608 2368 quod
1628 2330 1744 2357 aerium
1766 2328 1924 2367 deputetur
1945 2328 1981 2356 al.
2004 2344 2045 2349 —
2073 2328 2122 2365 24)

188 2376 322 2416 sequitur
334 2377 432 2412 aiunt,
447 2376 528 2414 quod
544 2386 600 2404 om.
611 2376 667 2404 Gu.
680 2377 742 2406 1.2.
756 2392 790 2395 —
810 2374 912 2414 11)Sic
923 2375 971 2405 Ar.
988 2377 1127 2405 vur.lect.
1172 2386 1272 2403 aereos
1296 2374 1331 2402 al.
1351 2390 1391 2395 —
1415 2375 1462 2411 25)
1485 2372 1624 2401 dixerunt
1646 2371 1681 2400 al.
1707 2389 1741 2392 —
1766 2372 1814 2409 26)
1835 2372 1866 2398 ιή
1884 2370 2122 2409 penetrabilibus
