2255 2819
210 105 286 140 622

902 97 1081 132 ISlDORI
1108 97 1290 135 HISPAL.
1318 99 1462 134 EPISC.

380 195 437 229 13.
490 192 624 232 Medus,
653 191 744 234 quasi
767 190 881 229 melus,
908 191 986 234 quia
1013 203 1053 224 ex
1079 192 1181 224 melle
1201 192 1248 232 fit,
1275 193 1358 226 sicut
1384 194 1552 228 calamitas
1579 206 1642 241 pro
1669 195 1859 229 cadamitas.

317 244 485 283 Faecula¹
518 255 581 278 uva
602 242 744 287 pinguis,
771 242 913 275 decocta
941 254 1045 285 usque
1072 243 1115 276 ad
1142 244 1388 278 crassitudinem
1416 247 1523 280 mellis
1539 271 1548 288 ,
1576 259 1615 281 ac
1641 249 1839 293 refrigerata
1866 248 1953 282 utilis
1973 249 2157 283 stomacho.

381 299 437 332 14.

214 352 382 399 patiendo.

489 298 642 331 Passum,
682 294 840 337 quicquid
876 305 916 326 ex
943 306 1008 327 uva
1037 306 1133 339 passa
1166 306 1393 339 compressum
1435 299 1606 332 effluxerit.

436 349 522 381 Nam
553 346 736 390 percutitur
762 357 824 378 uva
852 347 982 385 siccior,
1010 353 1043 379 et
1070 347 1278 390 decoquitur,
1312 354 1344 380 et
1366 348 1444 382 inde
1471 351 1508 382 fit
1534 362 1674 395 passum.

1660 300 1789 334 Dicitur
1821 306 1930 333 autem
1970 311 2103 345 passum
2140 313 2159 334 a

316 402 491 436 Defrutum
514 398 639 431 dictum
664 402 721 437 est,
749 397 839 440 quod
864 395 1113 439 defraudatur-²,
1137 404 1170 431 et
1195 400 1286 442 quasi
1309 399 1462 433 fraudem
1490 403 1633 446 patiatur
1644 400 1665 436 ³.

380 450 438 484 15.
491 449 668 489 Carenum,
699 459 741 482 eo
770 449 862 492 quod
891 450 1051 482 fervendo
1083 447 1198 494 parte⁴
1225 457 1346 484 careat.

215 503 416 543 remanserit,
444 513 600 535 carenum
629 505 686 534 est.
740 501 803 534 Cui
830 502 994 534 contraria

1400 453 1514 486 Tertia
1542 455 1627 487 enim
1656 460 1752 499 parte
1775 455 1872 486 musti
1900 455 2034 493 amissa,
2066 454 2159 497 quod

314 556 405 599 Sapa
432 559 490 593 est,
517 565 604 596 quae
631 552 794 585 fervendo
830 553 872 585 ad
897 553 1025 586 tertiam
1057 553 1194 586 redacta
1221 550 1462 588 descen‹lerit⁵.

379 605 436 639 16.
489 605 605 638 Sicera
632 610 679 637 est
706 605 812 637 omnis
848 606 963 649 potio,
1001 616 1086 647 quae
1123 612 1213 638 extra
1248 606 1356 638 vinum
1393 602 1579 638 inebriare⁰
1616 612 1732 650 potest.

1786 607 1887 640 Cuius
1926 607 2004 640 licet
2039 618 2160 639 nomen

212 660 405 693 Hebraeum
422 654 433 674 ⁷
460 657 516 696 sit,
539 662 652 689 tamen
678 656 832 688 Latinum
860 662 953 689 sonat
980 668 1042 700 pro
1072 668 1130 697 eo,
1166 657 1257 700 quod
1287 667 1327 690 ex
1353 668 1453 691 succo
1481 658 1650 698 frumenti,
1677 659 1728 691 vel
1755 670 1933 702 pomorum
1961 658 2123 691 efficiatur
2137 655 2160 698 ⁸,

213 717 268 744 aut
293 710 481 755 palmarum
504 708 630 742 fructus
656 708 689 740 in
717 709 880 751 liquorem
908 709 1133 752 exprimantur
1146 705 1167 751 ⁹,
1196 709 1410 752 decoctisque
1425 706 1447 725 ¹⁰
1474 709 1626 754 frugibus
1652 721 1738 753 aqua
1766 710 1940 755 pinguior,
1967 713 2058 753 quasi
2085 721 2162 743 suc-

213 775 269 797 cus
297 763 436 800 colatur,
464 766 496 793 et
523 761 593 804 ipsa
621 760 714 803 potio
742 761 845 793 sicera
872 766 1088 804 nuncupatur.

379 812 438 845 17.
492 811 638 844 Cervisia
659 822 678 843 a
703 811 836 852 Cerere,
864 811 898 843 id
922 816 969 844 est
996 812 1094 856 fruge
1122 817 1248 845 vocata.

212 865 316 900 modo
343 863 508 898 confecta.

379 914 435 946 18.
489 914 584 947 Celia
600 909 622 929 ¹¹
646 925 665 946 a
693 914 922 947 calefaciendo
950 914 1131 958 appellata.

213 969 311 1002 fecta.

1302 813 1362 845 Est
1389 812 1475 845 enim
1499 812 1594 856 potio
1622 823 1661 844 ex
1688 813 1864 845 seminibus
1891 813 2044 845 frumenti
2072 812 2161 844 vario

1184 913 1243 946 Est
1276 914 1362 946 enim
1400 915 1496 958 potio
1535 925 1574 947 ex
1611 925 1711 948 succo
1738 915 1835 948 tritici
1863 926 1924 958 per
1951 920 2054 947 artem
2081 926 2163 947 con-

364 966 546 999 suscitatur
573 965 658 998 enim
687 965 785 1009 ignea
801 963 823 982 ¹²
850 966 907 997 illa
934 966 980 997 vis
1003 965 1161 1009 germinis
1184 965 1394 999 madefactae
1421 967 1544 1010 frugis,
1573 978 1612 999 ac
1635 966 1758 999 deinde
1785 967 1942 1003 siccatur,
1971 971 2002 999 et
2030 971 2104 1009 post
2131 966 2162 997 in

213 1020 351 1052 farinam
378 1017 514 1050 redacta
541 1017 635 1049 molli
662 1027 762 1049 succo
788 1016 987 1050 admiscetur
1005 1014 1037 1058 ¹³,
1071 1028 1139 1060 quo
1175 1017 1374 1050 fermentato
1391 1015 1412 1034 ¹⁴
1447 1027 1546 1061 sapor
1574 1018 1766 1050 austeritatis
1800 1024 1832 1050 et
1873 1018 1965 1051 calor
1999 1017 2163 1050 ebrietatis

213 1070 373 1109 adiicitur,
399 1078 486 1112 quae
506 1068 544 1100 fit
570 1068 602 1099 in
629 1068 664 1099 iis
692 1068 839 1111 partibus
865 1069 1059 1112 Hispaniae,
1086 1068 1177 1101 cuius
1205 1069 1297 1101 ferax
1329 1069 1393 1102 vini
1421 1070 1515 1102 locus
1542 1080 1607 1102 non
1636 1074 1692 1101 est.

315 1121 406 1153 Faex
434 1120 535 1161 dicta,
561 1119 653 1162 quod
682 1131 751 1151 sese
778 1120 860 1151 vasis
888 1119 1094 1163 emergendo
1123 1116 1285 1163 affigatff.

381 1171 435 1203 19.
464 1171 593 1203 Garum
609 1176 655 1203 est
671 1171 783 1213 liquor
798 1171 938 1214 piscium
955 1172 1066 1209 salsus,
1082 1171 1138 1213 qui
1156 1171 1236 1202 olim
1253 1171 1491 1204 conficiebatur
1505 1182 1544 1204 ex
1562 1171 1663 1214 pisce,
1681 1182 1780 1214 quem
1795 1170 1917 1203 Graeci
1935 1168 2047 1216 γάρον
2062 1179 2163 1202 voca-

213 1225 302 1263 bant,
329 1229 360 1256 et
380 1223 529 1267 quamvis
558 1233 644 1256 nunc
667 1233 706 1255 ex
733 1222 859 1254 infinito
883 1234 1007 1266 genere
1025 1222 1165 1266 piscium
1179 1222 1246 1262 liat,
1274 1233 1396 1255 nomen
1423 1228 1533 1254 tamen
1552 1223 1723 1267 pristinum
1748 1223 1875 1261 retinet,
1902 1234 1920 1254 a
1946 1232 2014 1264 quo
2035 1222 2162 1253 initium

213 1276 359 1320 sumpsit.

379 1326 439 1359 20.
493 1326 680 1369 Liquamen
705 1325 841 1364 (lictum,
870 1335 911 1357 eo
938 1324 1031 1367 quod
1046 1321 1068 1341 ¹⁶
1096 1325 1194 1357 soluti
1222 1325 1252 1356 in
1286 1325 1484 1357 salsamento
1502 1321 1524 1342 Π
1559 1324 1709 1368 pisciculi
1746 1323 1887 1356 eundem
1924 1323 2100 1356 humorem
2123 1323 2164 1354 li-

214 1385 315 1421 quant
333 1375 364 1409 ¹⁸.

214 1430 404 1468 commixta,
433 1429 622 1472 effectaque
649 1434 747 1473 gustu
774 1429 806 1460 in
835 1427 975 1460 modum
1010 1429 1118 1464 maris.

379 1480 437 1515 21.

320 1532 424 1564 Zerna
439 1528 474 1573 ²¹,
501 1543 667 1576 opozema
679 1530 704 1548 ²¹²
731 1532 863 1564 Graeca
890 1532 1055 1565 vocabula
1083 1544 1142 1565 sun

668 1591 696 1623 C
725 1592 753 1623 A
783 1591 818 1623 Ρ.
874 1591 932 1623 lV.

381 1640 414 1675 l.
469 1641 556 1674 Vasa
583 1641 672 1675 dicta
683 1639 707 1659 ²⁴
725 1655 744 1675 a
766 1643 943 1683 vescendo,
973 1643 1064 1686 quod
1083 1643 1166 1674 iniis

217 1692 310 1735 quasi
335 1692 470 1726 vescula
485 1690 520 1728 ²³.

303 1783 477 1820 1)Faecala
499 1808 507 1814 .
531 1807 538 1814 .
568 1785 653 1823 Sapa
676 1807 683 1814 .
709 1808 715 1814 .
741 1784 892 1813 descendit
924 1796 982 1814 om.
1014 1785 1046 1815 Ζ.
1069 1801 1110 1806 -·
1142 1785 1169 1817 2)

219 1825 269 1853 Sic
294 1825 349 1853 Gu·
372 1831 397 1856 1.
422 1830 451 1859 2.
475 1845 514 1849 —
538 1826 742 1865 defraudetur
766 1828 817 1857 Ar.
841 1845 879 1850 —
911 1828 1099 1865 defrudatur
1126 1837 1169 1855 va.

219 1883 261 1889 --
284 1866 461 1904 defi'udclur
482 1870 562 1908 vulg.
586 1887 627 1893 —
648 1871 679 1909 3)
698 1873 822 1909 patitur
846 1873 902 1900 Gu.
927 1874 955 1903 2.
981 1887 1019 1891 —
1043 1870 1071 1909 4)
1087 1881 1171 1908 patr-

221 1916 278 1937 tem
303 1912 357 1937 (αὐ-
377 1914 406 1942 2.
422 1927 462 1933 -
494 1915 523 1948 5)
544 1913 592 1941 sic
612 1914 667 1943 Gu.
686 1917 711 1944 1.
731 1917 760 1945 2.
780 1915 827 1942 Ar.
852 1930 891 1936 —
915 1912 1065 1941 ‹lea-cendit
1092 1913 1171 1949 vulg.

222 1966 263 1974 ›—
285 1954 314 1989 6)
341 1953 488 1981 imbriari
508 1956 538 1982 Z.
568 1972 610 1977 —
649 1956 680 1993 7)
704 1956 797 1985 slebr.
829 1967 905 1984 num.
930 1957 960 1984 Z.
991 1973 1032 1977 —
1070 1958 1098 1993 3)
1125 1955 1174 1982 Sic

222 1995 279 2024 Gu.
301 1999 326 2025 1.
348 2009 390 2016 --·
411 1997 515 2033 confic.
547 1998 628 2034 vulg.
661 2015 699 2020 -—
737 2000 768 2035 9)
792 2001 976 2037 exprimatur
1006 2010 1049 2037 pr.
1072 2013 1110 2019 -
1143 2008 1175 2025 fx

217 2038 397 2076 palmarum
414 2039 574 2074 fructibus
597 2041 626 2067 Z.
649 2057 691 2062 —-
724 2044 767 2076 lO)
794 2043 841 2069 Sic
866 2043 922 2070 (ἆυ.
942 2045 969 2073 2.
988 2057 1028 2062 —-
1047 2039 1175 2068 ‹lewe-tis

223 2080 281 2111 Gu.
306 2082 333 2110 1.
361 2095 397 2101 —
430 2083 580 2119 coctisque
607 2083 686 2120 vulg.
718 2099 758 2104 -
798 2087 842 2117 11)
870 2084 953 2112 Calda
977 2106 983 2112 .
1009 2105 1015 2111 .
1040 2084 1175 2120 confecta

224 2133 279 2151 om.
302 2123 332 2152 Z.
356 2138 397 2143 —
419 2125 464 2158 12)
483 2123 531 2151 Sic
557 2124 605 2152 Ar.
632 2140 672 2146 —
695 2127 763 2162 igne
786 2126 865 2163 vulg.
890 2145 927 2149 —-
952 2128 1017 2164 igni
1033 2126 1087 2154 Gu.
1106 2129 1131 2156 1.
1146 2127 1176 2155 2.

224 2181 265 2186 -·
297 2167 340 2198 13)
364 2163 514 2193 adiicitur
538 2165 570 2194 Z.
593 2182 633 2187 ——
670 2166 715 2205 14)
739 2168 823 2205 quod
840 2171 1057 2205 skrnzcntulum
1082 2169 1112 2196 Z.
1136 2184 1174 2189 —

218 2209 407 2244 fermentata
430 2208 486 2237 Gu.
506 2210 530 2239 1.
557 2223 592 2228 —-
635 2206 680 2246 15)
705 2210 752 2237 Sic
777 2211 831 2238 Gu.
857 2215 883 2242 1.
915 2222 961 2241 va.
986 2212 1036 2240 Ar.
1059 2227 1100 2232 —
1124 2210 1176 2247 “s-

223 2251 343 2288 ligatur
375 2250 431 2277 Gu.
454 2253 482 2282 2.
508 2264 547 2270 ——
576 2249 697 2286 afficiat
726 2252 806 2288 vulg.
839 2271 874 2275 —
920 2252 964 2294 16)
993 2265 1023 2281 co
1059 2252 1176 2280 dictum

226 2291 311 2330 quod
333 2301 380 2320 va.
405 2307 444 2314 -
476 2294 520 2328 17)
537 2292 754 2319 salsamentum
778 2296 834 2322 Gu.
860 2299 886 2327 1.
906 2313 947 2316 —
972 2297 1016 2332 18)
1033 2296 1176 2334 linquant

228 2335 259 2363 Z.
285 2335 341 2363 Gu.
365 2337 393 2364 2.
428 2342 475 2362 va.
503 2350 544 2355 —
586 2333 630 2371 19)
655 2333 702 2361 Sic
726 2335 755 2361 Z.
782 2337 837 2362 (ἆυ.
860 2340 883 2365 1.
906 2348 951 2374 pr.
973 2347 1020 2365 va.
1039 2354 1081 2360 —
1103 2349 1176 2365 ..vuc-

230 2388 281 2404 cus
304 2375 380 2403 dicti
403 2387 429 2414 q,
453 2387 478 2404 S.
503 2377 710 2414 eaprimmztur
733 2377 789 2403 Gu.
811 2380 836 2407 2.
860 2394 899 2397 -
923 2378 1038 2406 (licitur
1062 2391 1104 2418 pr,
1130 2391 1175 2408 va.

230 2435 270 2440 —-
293 2420 383 2447 Suc-ci
405 2419 481 2446 dccli
505 2430 530 2457 q.
554 2430 577 2447 ε.
601 2420 809 2456 exprimuntur
830 2419 909 2456 vulg.
933 2436 973 2440 —
1000 2424 1177 2458 arprt'nu'mr

427 1377 528 1411 Cuius
570 1378 680 1420 liquor
712 1376 903 1420 appellatur
945 1377 1080 1420 salsugo
1114 1377 1167 1409 vel
1202 1377 1319 1409 muria.

1010 1591 1088 1623 De
1139 1590 1336 1623 vasis

1378 1376 1519 1420 Proprie
1554 1380 1662 1408 autem
1698 1376 1803 1408 muria
1831 1375 1951 1408 dicitur
1983 1386 2069 1418 aqua
2100 1375 2165 1406 sale

489 1481 618 1514 succus
644 1482 760 1517 dictus,
789 1480 881 1523 quod
910 1491 1007 1513 sacco
1038 1481 1240 1524 exprimatur
1254 1476 1287 1520 ¹⁰,
1315 1485 1350 1512 ut
1378 1479 1526 1523 ptisanae
1538 1475 1571 1511 ²⁰.

1146 1528 1202 1564 [²³.

1389 1598 1709 1622 CSCssYn‘HL

1227 1653 1322 1675 escae
1345 1637 1598 1685 apponanturffi.
1651 1639 1752 1673 Cuius
1775 1636 2004 1671 diminutivum
2024 1638 2165 1677 vascula,

1213 1795 1258 1823 pr.
1283 1801 1321 1805 —
1348 1783 1399 1819 20)
1425 1783 1472 1811 Sic
1495 1783 1545 1813 Ar.
1570 1799 1610 1804 --
1634 1784 1770 1810 tissanac
1791 1782 1870 1819 vulg.
1896 1797 1937 1805 -—
1966 1781 2013 1820 21)
2038 1779 2167 1809 Praece-

1216 1827 1260 1855 dit
1276 1828 1418 1855 Tzssanae
1440 1826 1726 1864 vulg—Fibrarum
1750 1826 1799 1855 Ar.
1815 1841 1851 1846 —
1872 1824 1936 1854 0111,
1964 1823 1995 1853 Z.
2021 1823 2076 1851 Gu.
2100 1826 2124 1853 1,
2139 1825 2166 1853 2.

1216 1887 1256 1891 -—
1288 1869 1334 1907 21²)
1364 1869 1411 1897 Sic
1441 1868 1490 1897 Ar.
1522 1885 1559 1889 —
1590 1879 1732 1906 apozema
1763 1867 1842 1905 vulg.
1872 1883 1913 1888 —
1958 1869 2002 1900 23)
2030 1866 2167 1904 physicis

1218 1914 1339 1940 omnino
1363 1913 1486 1949 cognitu
1513 1911 1582 1939 add.
1604 1912 1633 1939 Z.
1658 1928 1695 1933 -—-
1739 1911 1783 1945 ⁶24)
1811 1910 1859 1938 Sic
1890 1910 1920 1938 Z.
1944 1909 1999 1937 Gu.
2025 1913 2051 1939 1.
2076 1911 2105 1939 2.
2130 1907 2167 1935 al.

1219 1966 1264 1983 va.
1290 1973 1326 1976 —
1357 1956 1421 1983 Vas
1443 1953 1560 1981 dictum
1591 1954 1672 1991 vulg.
1705 1969 1747 1975 —
1788 1956 1833 1987 25)
1865 1952 1913 1980 Sic
1936 1951 1969 1981 Z.
1994 1952 2051 1980 Gu.
2076 1953 2103 1980 1.
2125 1964 2166 1971 ——

1219 1999 1260 2025 cis
1285 1997 1340 2026 Gu.
1365 1999 1393 2027 2.
1411 2013 1449 2018 -
1474 2007 1507 2023 ‘a
1533 2006 1577 2025 va.
1600 2013 1642 2018 —
1672 2007 1702 2023 eo
1726 1995 1806 2033 vulg.
1838 2012 1875 2016 —
1912 1992 1960 2032 26)
1984 1994 2031 2022 Sic
2054 1994 2086 2022 Z.
2110 1993 2167 2020 Gu.

1223 2045 1246 2070 1.
1270 2043 1298 2072 2.
1324 2050 1368 2068 va.
1393 2040 1442 2067 Ar.
1467 2055 1508 2060 —
1533 2050 1602 2077 pon.
1626 2039 1707 2076 vulg.
1738 2055 1774 2060 —
1815 2038 1859 2074 27)
1883 2037 1932 2065 Sic
1955 2037 1985 2066 Z.
2011 2036 2066 2064 Gu.
2089 2038 2115 2066 1.
2138 2036 2165 2065 2.

1220 2082 1255 2111 al.
1286 2092 1331 2111 va.
1355 2098 1396 2104 —
1426 2082 1590 2109 vasculum
1614 2100 1651 2104 -
1682 2081 1836 2109 vesculum
1868 2078 1948 2116 vulg.
1986 2097 2022 2100 —
2066 2076 2111 2118 28)
2136 2087 2166 2104 eo

1220 2123 1301 2163 quud
1322 2124 1352 2152 Z.
1373 2140 1413 2145 -—
1437 2122 1485 2164 99)
1502 2125 1587 2162 stam
1614 2130 1639 2152 ct
1663 2135 1719 2152 om.
1743 2124 1772 2151 Z.
1803 2139 1844 2145 —
1884 2125 1928 2155 30)
1953 2128 2035 2149 extra
2057 2125 2167 2147 terrum

1219 2169 1249 2196 Z.
1280 2183 1322 2188 —-·
1355 2165 1403 2205 31)
1433 2172 1458 2193 et
1488 2177 1544 2194 om.
1569 2168 1598 2196 Z.
1635 2166 1693 2195 Gu-
1717 2169 1743 2197 1.
1769 2169 1798 2197 2.
1822 2176 1866 2193 va.
1888 2181 1930 2187 —
1966 2163 2014 2201 302)
2040 2160 2114 2190 dicit
2135 2161 2165 2190 Z.

1220 2210 1274 2238 Gu.
1291 2212 1319 2240 2.
1372 2209 1467 2236 Locus
1491 2215 1533 2237 est
1559 2211 1587 2238 in
1613 2209 1705 2248 Epist.
1729 2208 1768 2237 ad
1789 2209 1910 2236 Roman.
1933 2208 1962 2242 9,
1986 2208 2034 2238 20.
2060 2221 2096 2226 —-
2119 2202 2164 2240 33)

1210 2253 1307 2291 fingit
1327 2261 1372 2281 va.
1397 2251 1445 2279 ΑΓ.
1473 2270 1509 2274 ——
1549 2251 1596 2292 δὴ)
1621 2252 1667 2279 Sic
1694 2251 1723 2279 Z.
1748 2251 1803 2280 Gu.
1825 2254 1849 2281 1.
1875 2253 1903 2282 2.
1928 2259 1973 2276 va.
2001 2263 2039 2268 —
2063 2248 2166 2273 mesic

1220 2295 1300 2331 vulg.
1316 2310 1353 2314 —
1391 2295 1437 2330 35)
1462 2295 1510 2322 Sic
1533 2296 1564 2324 Z.
1596 2294 1652 2323 Gu.
1678 2297 1703 2325 1.
1724 2296 1751 2324 2.
1783 2302 1829 2322 va.
1855 2309 1895 2314 —
1926 2293 1993 2329 igne
2015 2288 2093 2326 vulg.
2132 2306 2161 2308 ῌ

1219 2340 1264 2374 36)
1288 2342 1328 2364 est
1353 2335 1420 2365 add.
1450 2336 1530 2373 vulg.
1570 2355 1601 2358 -
1645 2337 1709 2365 Om.
1741 2336 1796 2364 Gu.
1834 2338 1858 2366 1.
1887 2344 1932 2373 pr.
1963 2342 2008 2360 va.
2043 2346 2084 2352 —
2117 2331 2165 2366 37)

1221 2385 1245 2408 et
1270 2378 1370 2407 addidi
1394 2389 1408 2407 e
1431 2379 1461 2408 Z.
1498 2380 1554 2407 Gu.
1581 2382 1607 2409 1.
1630 2382 1658 2410 2.
1682 2389 1726 2416 pr.
1754 2388 1799 2405 va.
1834 2393 1868 2397 —
1911 2372 1957 2413 38)
1982 2373 2029 2401 Sic
2060 2373 2114 2401 Cu·
2137 2375 2161 2404 1.

1221 2438 1261 2443 —-
1281 2421 1399 2460 fingere
1430 2420 1508 2458 vulg.
1536 2437 1576 2442 —
1620 2423 1665 2453 39)
1689 2419 1795 2447 dicunt
1826 2418 1893 2447 add.
1925 2416 2006 2453 vulg.
2028 2431 2068 2437 -——
2098 2416 2162 2443 Om.
