2264 2830
783 116 1026 150 olqu‘ml
1062 118 1206 154 LIBER
1232 122 1321 155 xlx.
1956 127 2030 161 597

87 223 174 255 quae
201 216 257 244 aut
284 222 367 244 unae
396 217 486 253 sunt,
515 217 570 245 aut
597 212 726 256 plures,
754 211 831 254 quia
859 211 984 244 numeri
1012 216 1138 245 tantum
1167 215 1305 258 pluralis
1334 221 1379 248 est
1404 228 1544 257 nomen,
1572 221 1606 250 ut
1633 218 1764 257 literae,
1791 231 1877 262 quae
1905 223 2031 266 episto-

88 264 155 296 lam
183 263 347 308 significat
360 260 394 297 ²³.

599 339 888 372 CARMX.
982 339 1065 373 Dc
1136 342 1515 388 lignariis.

256 415 286 447 l.
340 415 514 459 Lignarius
537 416 739 459 generaliter
765 416 845 460 ligni
873 416 986 460 opifex
1014 418 1213 461 appellatur.

178 466 427 511 'Carpentarius
454 467 599 510 speciale
626 479 746 500 nomen
769 473 826 500 cst.
879 468 1082 512 Carpentum
1111 470 1196 503 enim
1224 471 1331 503 solum
1360 471 1457 510 facit,
1485 472 1569 505 sicut
1591 473 1828 515 navicularius,
1855 476 1932 519 quia
1959 481 2031 509 tan-

87 524 158 551 tum
185 519 319 551 navium
347 524 394 551 est
424 519 602 552 fabricator
631 525 663 551 et
690 520 814 552 artifex.

252 569 285 603 2.
337 570 539 603 Sarcitector
567 571 694 610 dictus,
728 571 821 614 quod
849 581 890 603 ex
917 571 1026 602 multis
1054 570 1132 605 hinc
1160 578 1192 604 et
1203 570 1227 588 ²²⁴
1254 572 1330 605 inde
1358 573 1541 607 coniunctis
1570 574 1690 608 tabulis
1725 588 1824 609 unum
1858 579 1935 611 tecti
1962 591 2031 611 sar-

86 621 151 655 ciat
178 631 308 664 corpus.
362 622 457 653 Idem
486 627 518 654 et
544 622 721 666 tignarius,
750 623 827 664 quia
854 623 991 655 tectoria
1013 623 1110 667 lignis
1138 623 1272 656 inducit.

249 672 282 705 3.
338 673 485 717 Lignum
516 672 706 707 νοοῑιῐυιιιῖ9
733 675 864 707 (fimena
899 675 1122 718 etymologia,
1168 676 1244 718 quia
1277 676 1308 707 in
1337 675 1447 707 lumen
1478 673 1684 710 incensum³⁰
1715 680 1913 712 convertitur
1941 687 1974 712 et
2000 681 2031 712 in

84 723 262 758 flammam.
316 724 417 757 Unde
445 731 478 757 ct
505 725 710 768 ellychnium
722 722 745 741 ³¹
773 726 911 763 dicitur,
943 725 1036 767 quod
1064 726 1174 758 lumen
1202 726 1269 759 det.

247 775 281 807 4.
336 775 478 808 Materia
506 777 583 809 inde
608 778 728 811 dicitnr
755 788 854 809 omne
882 777 1027 819 lignum,
1070 777 1162 819 qnod
1187 789 1225 810 ex
1253 790 1292 810 ea
1320 777 1444 820 aliquid
1472 778 1654 820 efficiatur,
1696 781 1749 812 vel
1777 782 1801 812 si
1830 782 1872 813 ad
1901 783 2031 815 ianuam

85 825 227 866 reseras,
271 827 322 858 vel
351 827 392 859 ad
422 833 581 867 statuam,
624 828 759 861 materia
787 829 856 860 erit.
909 827 964 860 Ad
993 827 1118 870 aliquid
1147 830 1233 861 enim
1260 829 1397 862 materia
1424 826 1592 873 semper³²
1618 831 1816 875 accipienda
1844 838 1909 872 est,
1952 835 2033 866 sicut

85 878 249 911 elementa
284 879 455 911 materiam
489 891 599 913 rerum
634 892 703 913 esse
739 879 906 918 dicimus,
949 876 1062 921 (μιὶειΜ
1095 880 1173 912 inde
1201 893 1256 921 ea,
1298 892 1383 924 quae
1410 885 1499 919 sunt,
1540 881 1630 915 facta
1656 882 1806 915 videmus
1835 890 1866 915 et
1897 885 2032 917 materia

83 931 176 972 quasi
205 934 309 962 mater
336 930 433 963 dicta.

247 979 280 1013 5.
335 982 465 1015 Trabes
492 986 631 1015 vocatae
658 977 776 1021 sunt³⁸‚
804 977 915 1024 quia³⁵
942 981 974 1013 in
1002 985 1186 1015 transverso
1214 983 1342 1027 positae
1369 987 1525 1027 utrosque
1551 984 1694 1028 parietes
1722 986 1919 1018 contineant.

187 1032 288 1065 Aliud
318 1038 428 1066 autem
457 1038 530 1065 sunt
556 1033 666 1078 tigna,
713 1033 803 1065 aliud
832 1033 950 1065 trabes.
1004 1033 1118 1078 Tigna
1154 1035 1241 1067 enim
1269 1035 1378 1068 iuncta
1405 1035 1534 1068 trabem
1562 1036 1696 1070 faciunt.
1766 1037 1895 1069 Trabes
1922 1044 2031 1071 autem

83 1088 174 1123 sunt,
204 1095 279 1117 cum
307 1090 379 1116 sunt
407 1085 550 1117 dolatae.

248 1135 280 1167 (i.
335 1136 440 1168 Tolus
465 1137 603 1180 proprie
630 1141 677 1167 est
704 1135 805 1168 veluti
833 1139 961 1169 scutum
983 1135 1104 1175 breve,
1132 1136 1224 1178 quod
1251 1137 1283 1169 in
1299 1136 1412 1170 medio
1439 1142 1527 1170 tecto
1548 1142 1612 1179 est,
1639 1139 1671 1172 in
1688 1150 1754 1182 quo
1771 1140 1878 1171 trabes
1900 1147 2029 1173 coeunt.

185 1183 352 1231 Cuplae³¹⁵
379 1193 533 1229 vocatae,
561 1186 654 1231 quod
682 1187 842 1230 copulent
868 1187 900 1218 in
927 1198 962 1218 se
989 1187 1160 1221 luctantes

182 1238 362 1271 Laetantes
391 1239 546 1272 dicuntur
559 1235 604 1281 ³²,
632 1238 725 1281 quod
748 1238 850 1271 erecti
873 1238 1012 1270 invicem
1040 1249 1074 1271 se
1101 1243 1234 1271 teneant
1262 1249 1355 1271 more
1382 1239 1588 1272 luctantium.

184 1290 349 1334 Agrantes
377 1287 441 1322 *3⁸.

246 1341 279 1374 7.
332 1342 465 1374 Asseres
492 1341 534 1374 ab
562 1352 632 1373 asse
659 1340 756 1381 dicti,
784 1341 861 1384 quia
885 1341 946 1372 soli
974 1347 1157 1384 ponuntur,
1187 1353 1295 1385 neque
1323 1341 1497 1375 coniuncti.

183 1392 380 1431 Schululae,
406 1404 446 1425 eo
473 1392 565 1436 quod
592 1392 796 1432 scindantur,
823 1392 857 1424 id
885 1398 932 1424 est
959 1392 1159 1425 dividantur.

184 1444 304 1488 Epigri
332 1449 365 1477 et
392 1445 477 1477 clavi
505 1440 631 1485 sunt³⁹,
659 1444 778 1486 quibus
806 1444 934 1487 lignum
962 1445 1056 1487 ligno
1085 1444 1257 1478 adhaeret.

183 1494 277 1528 Clavi
305 1501 414 1528 autem
432 1496 527 1536 dicti,
553 1495 646 1539 quasi
664 1495 816 1538 chalybi,
835 1495 912 1537 quia
932 1507 971 1527 ex
989 1496 1134 1539 chalybe
1157 1496 1249 1535 fiunt,
1272 1495 1306 1527 id
1323 1500 1371 1527 est
1390 1494 1489 1528 ferro,
1543 1493 1693 1538 Chalybs
1712 1495 1798 1526 enim
1827 1494 1950 1527 ferrum
1971 1500 2028 1528 est.

245 1546 278 1579 8.
331 1547 485 1579 Tabulae
512 1559 531 1579 a
559 1547 722 1579 veteribus
748 1547 885 1591 tagulae
910 1547 1132 1588 vocabantur,
1168 1559 1187 1579 a
1209 1546 1358 1592 tegendo
1382 1547 1528 1585 scilicet,
1556 1545 1646 1578 unde
1674 1550 1706 1578 et
1730 1546 1873 1590 tegulae.

182 1596 408 1630 Commissum
436 1599 557 1632 dicitur
583 1598 770 1631 tabularum
799 1598 996 1631 coniunctio.

179 1648 295 1683 Sectio
323 1655 434 1683 autem
462 1651 551 1683 dicta
578 1662 597 1682 a
623 1650 794 1693 sequendo
823 1662 881 1689 ea,
909 1661 995 1693 quae
1023 1649 1158 1693 ceperit.
1215 1649 1301 1681 Nam
1329 1658 1440 1681 secare
1467 1648 1585 1682 sectari
1613 1652 1645 1680 et
1672 1648 1762 1690 sequi
1791 1654 1846 1680 est.

240 1700 274 1733 9.
327 1701 448 1734 Serrae
474 1707 584 1734 autem
612 1713 734 1734 nomen
762 1702 805 1734 de
832 1712 913 1734 sono
940 1697 1114 1740 factum⁴⁰‚
1141 1700 1176 1732 id
1204 1705 1253 1733 est
1279 1711 1298 1732 a
1324 1700 1474 1733 stridore.

180 1752 300 1785 Serme
327 1753 507 1796 circinique
535 1765 629 1786 usum
657 1753 779 1786 Perdix
791 1750 813 1769 ⁴¹
843 1752 979 1796 quidam
1012 1752 1205 1785 adolescens
1232 1751 1373 1792 invenit,
1413 1763 1513 1795 quem
1539 1761 1680 1795 puerum
1718 1749 1887 1781 Daedalus
1926 1749 2027 1781 frater

80 1802 190 1834 matris
218 1815 294 1836 suae
322 1805 434 1836 studiis
461 1805 715 1848 perdocendum
742 1809 930 1848 acceperat.
983 1803 1085 1837 Cuius
1110 1803 1206 1848 pueri
1233 1807 1361 1836 tantum
1397 1803 1566 1847 ingenium
1597 1802 1718 1840 fertur,
1752 1806 1786 1833 ut
1812 1800 1893 1833 dum
1920 1805 2025 1833 mate-

80 1853 147 1886 riae
174 1853 373 1888 dividendae
398 1857 635 1900 compendium
663 1862 853 1899 quaereret,
881 1856 1007 1900 spinam
1035 1855 1135 1900 piscis
1161 1855 1304 1887 imitatus
1333 1851 1388 1887 e⁴²
1415 1854 1505 1887 ferro
1532 1853 1689 1885 laminam
1718 1863 1914 1896 exasperans
1941 1851 2025 1884 den-

79 1904 160 1936 tium
188 1905 407 1939 mordacitate
435 1904 629 1949 armavitss,
659 1920 759 1951 quam
787 1919 909 1941 serram
935 1907 1075 1941 artifices
1103 1912 1303 1950 nuncupant.
1358 1906 1425 1938 Pro
1452 1906 1544 1939 cuius
1573 1904 1649 1936 artis
1675 1904 1862 1937 inventione
1888 1903 2022 1936 Daeda-

79 1955 130 1989 lus
148 1958 307 2001 magister
334 1957 402 1991 eius
419 1958 523 1991 livore
543 1958 685 1992 invidiae
697 1956 721 1976 ⁴⁴
748 1964 919 2004 permotus
946 1959 1166 2003 praecipitem
1189 1968 1329 2002 puerum
1358 1967 1397 1989 ex
1418 1967 1495 1990 arce
1518 1955 1656 1995 deiecit,
1680 1955 1804 1989 dehinc
1825 1955 1992 1988 exulatum
2002 1951 2024 1970 ⁸⁷*

78 2050 124 2089 23)
145 2052 193 2079 Sic
218 2051 273 2079 Gu.
298 2052 323 2080 3.
348 2050 398 2078 Ar.
430 2065 471 2072 -—
493 2056 566 2078 sunt
594 2058 700 2080 constr.
725 2053 805 2089 vulg.
839 2069 875 2072 —
905 2050 951 2089 24)
980 2051 1028 2079 Sic
1071 2049 1117 2087 34)
1145 2055 1215 2077 sunt
1238 2048 1339 2077 addidi
1363 2058 1378 2077 e
1402 2049 1459 2077 Gn.
1477 2052 1503 2079 1.
1526 2050 1555 2079 2.
1586 2063 1626 2069 --
1662 2046 1710 2087 35)
1734 2048 1782 2075 Sic
1806 2048 1862 2076 Gu.
1884 2051 1908 2079 1.
1929 2051 1957 2079 2.
1983 2062 2022 2067 ’-

79 2094 136 2122 Ου,
161 2097 187 2124 1.
203 2096 232 2123 2.
254 2109 295 2114 —
318 2104 351 2120 ex
373 2093 436 2120 lino
456 2094 499 2130 fit
522 2093 600 2130 vulg.
632 2110 671 2116 —
702 2095 749 2132 25)
773 2094 941 2124 Martellus
968 2094 1025 2121 Gu.
1072 2091 1155 2131 quod
1175 2091 1255 2128 vulg.
1280 2109 1317 2113 —
1354 2090 1400 2129 36)
1427 2091 1568 2129 Complae
1591 2090 1648 2119 Gu.
1670 2093 1697 2122 1.
1720 2106 1762 2112 —
1788 2090 1899 2128 Coplae
1923 2090 1978 2118 Gu.
1994 2091 2020 2117 2.

79 2138 106 2167 2.
129 2136 177 2167 Ar,
206 2152 247 2158 —
276 2138 321 2169 26)
346 2135 383 2162 ab
416 2146 472 2174 pro
495 2146 515 2162 α
538 2135 593 2165 Gu.
621 2139 664 2171 1„
699 2138 750 2174 qui
782 2137 865 2165 addit
888 2136 922 2163 id
944 2142 985 2164 est
1009 2147 1029 2164 α
1072 2151 1113 2155 -
1142 2134 1187 2172 57)
1212 2133 1357 2161 (licuntur
1389 2143 1445 2162 om.
1471 2135 1528 2162 Gu.
1551 2135 1580 2164 2.
1605 2143 1652 2162 va.
1682 2149 1723 2154 —
1760 2130 1806 2172 38)
1831 2143 1887 2162 om.
1911 2142 1954 2160 va.
1981 2145 2019 2150 -

78 2178 258 2214 scendmslo,
283 2188 349 2206 cum
372 2178 427 2206 Gu.
447 2180 475 2208 2.
500 2188 545 2205 va.
568 2194 609 2199 —
644 2179 692 2214 27)
719 2181 898 2217 signficant
921 2179 956 2207 al.
980 2189 1026 2207 va.
1071 2177 1117 2215 39)
1146 2182 1217 2204 sunt
1250 2186 1305 2204 om.
1336 2175 1422 2204 Arev.
1454 2191 1495 2198 —·
1525 2174 1574 2214 40)
1604 2181 1647 2203 est
1680 2175 1746 2204 add.
1775 2175 1854 2212 vulg.
1881 2190 1920 2196 ——
1955 2172 2018 2199 Om-

83 2240 117 2245 —-
141 2222 358 2260 significantur
381 2221 435 2248 Gu.
461 2222 485 2250 1.
518 2235 558 2242 -
592 2220 638 2257 28)
663 2226 688 2247 et
711 2222 812 2250 addidi
836 2233 850 2250 e
874 2223 929 2250 Gu.
954 2224 980 2251 1.
998 2225 1026 2252 2.
1072 2219 1128 2247 Gu.
1154 2222 1179 2249 1.
1209 2229 1256 2247 va.
1284 2235 1322 2239 ——-
1361 2220 1406 2255 41)
1438 2219 1487 2246 Sic
1516 2218 1602 2247 Arev.
1623 2234 1665 2239 ·—
1696 2217 1781 2256 Vulg.
1805 2215 1949 2245 Perdices.
1977 2228 2017 2233 -—

78 2275 126 2294 va.
157 2281 199 2286 —
228 2265 275 2299 29)
303 2263 353 2290 Sic
384 2263 440 2292 Gu.
465 2265 489 2293 1,
513 2264 541 2292 2.
574 2280 612 2284 -
644 2269 769 2290 vocatur
796 2265 877 2302 vulg.
901 2279 942 2284 --
979 2264 1025 2299 30)
1069 2260 1204 2289 Ρενιίιιεε
1227 2261 1283 2288 Gu.
1305 2263 1331 2291 1.
1356 2276 1396 2282 —
1428 2260 1607 2289 Perdiceum
1629 2270 1677 2289 va.
1709 2276 1749 2281 —-
1785 2261 1828 2291 42)
1856 2269 1869 2284 e
1896 2266 1951 2293 pro
1982 2253 2014 2281 de

79 2307 126 2335 Sic
156 2307 212 2335 Gu.
235 2309 261 2337 1.
285 2323 322 2326 -—
349 2308 459 2333 iacens.
489 2315 519 2331 m
545 2304 617 2333 lum.
648 2305 727 2343 vulg.
757 2322 798 2326 -
831 2307 882 2343 31)
905 2306 953 2333 Sic
979 2306 1025 2335 Ar.
1070 2304 1124 2332 Gn.
1159 2306 1185 2335 1.
1210 2305 1239 2334 2.
1270 2303 1306 2333 al.
1337 2312 1384 2331 va.
1416 2321 1453 2326 -—
1496 2302 1544 2344 43)
1578 2304 1740 2331 armaverit
1781 2300 1827 2327 Ar.
1878 2298 1946 2331 Est,
1983 2301 2015 2344 ut

80 2364 121 2369 —
147 2349 289 2377 licinium
320 2348 399 2386 vulg.
431 2364 470 2369 —-
504 2352 530 2374 et
553 2357 608 2375 om.
632 2347 688 2376 Gu.
712 2350 739 2379 1.
762 2357 805 2376 va.
830 2363 871 2369 —-
899 2348 946 2386 32)
975 2348 1024 2375 Sic
1068 2345 1173 2382 cred0‚
1205 2344 1417 2376 anacoluthon.
1446 2362 1482 2367 —
1521 2348 1567 2382 44)
1598 2346 1647 2373 Sic
1677 2346 1733 2372 Gu.
1762 2346 1786 2372 1.
1814 2358 1840 2360 —
1881 2342 1940 2368 ίαν.
1963 2339 2013 2366 ltr-

81 2381 137 2419 Gu.
164 2394 189 2422 1.
212 2408 251 2413 —
283 2401 374 2429 semp.
397 2396 469 2420 mat.
498 2389 578 2427 vulg.
609 2405 646 2411 —
677 2388 725 2430 33)
749 2389 832 2428 quod
853 2390 908 2418 Gu.
931 2393 960 2422 2.
986 2405 1021 2411 -
1067 2388 1148 2426 vulg.
1183 2405 1215 2410 —-
1263 2387 1310 2428 45)
1349 2389 1490 2417 exulatus
1526 2389 1581 2417 Gn.
1605 2390 1633 2418 2.
1671 2387 1718 2413 Ar-
