2203 2829
173 120 223 154 34
862 106 1040 142 ISIDORI
1072 105 1254 139 HISPAL.
1288 103 1433 138 EPISC.

342 210 401 244 28.
456 209 620 242 Numerus
649 201 781 239 autem¹
816 203 1019 248 syllabarum
1048 201 1081 233 in
1108 200 1252 245 pedibus
1279 211 1299 232 a
1325 193 1480 232 duabus²
1506 205 1611 238 usque
1637 191 1681 225 ad
1708 201 1764 223 sex
1795 183 2041 233 protenditur³3
2072 186 2125 218 ul-

176 264 276 298 terius
304 264 392 296 enim
419 272 484 293 non
518 259 690 304 procedit,
718 257 796 300 quia
828 267 932 298 usque
959 251 1025 287 ad⁴
1059 263 1116 285 sex
1142 252 1285 295 syllabas
1317 250 1497 283 tenduntur
1532 245 1648 290 pedes.
1715 242 1891 284 Tempora
1920 240 1953 271 in
1980 237 2127 282 pedibus

179 322 272 357 sunt,
293 320 330 348 ut
356 318 479 358 quanta
502 311 723 354 unusquisque
747 319 806 352 pes
831 307 964 340 habeat.
1020 304 1193 337 Resolutio
1222 307 1269 336 est
1291 302 1438 347 pedum,
1466 298 1601 343 quando
1628 306 1693 340 pro
1713 305 1778 327 una
1804 293 1909 337 longa
1935 290 2023 323 duae
2048 290 2128 322 bre-

180 380 234 402 ves
261 371 447 412 ponuntur,
476 369 530 396 aut
550 374 613 407 pro
634 362 761 394 duabus
784 360 893 404 longis
920 352 1084 402 quatu0r⁵
1110 352 1270 396 breves&
1296 350 1370 387 ut⁷z

389 425 567 469 Sectaque
594 423 750 455 intexunt
777 419 891 452 abiete
918 421 1041 451 costas.

184 488 309 522 Abiete
336 482 446 519 ηιιιιο3
472 483 628 517 resolutio
656 477 730 515 est⁹
764 480 904 525 spondei
933 478 966 510 in
999 474 1285 521 proceleumatico
1298 469 1338 513 ¹⁰,
1373 472 1406 504 in
1432 481 1500 514 qua
1525 467 1727 501 resolutione
1761 473 1894 508 semper
1920 458 2131 505 episynaloe-

184 540 289 585 pham
304 535 324 555 ¹¹
353 537 499 580 sequitur
526 535 684 579 Virgilius
697 530 729 567 ¹².

352 596 410 629 29.
464 597 515 629 Ex
542 607 607 628 una
635 592 720 625 enim
732 587 756 607 ¹3
783 591 885 635 longa
913 589 999 622 duae
1026 588 1144 620 breves
1170 580 1306 618 fiunt¹⁴z
1333 594 1373 616 ex
1401 582 1529 614 duabus
1566 573 1709 612 autem¹⁵
1735 574 1890 609 brevibus
1917 572 2021 615 longa
2048 578 2131 600 nun-

186 661 287 694 quam
315 649 359 681 fit.

188 703 251 735 bae
281 705 515 745 agnoscuntur.

189 753 247 786 ubi
274 753 286 785 l
316 752 486 797 geminum
514 751 623 783 iacens
636 745 675 787 ¹⁷,
699 746 866 790 spondeus
877 741 900 761 ¹⁸

927 748 975 776 est
1000 761 1051 768 —

414 647 513 680 Findi
540 652 651 680 autem
675 642 784 676 solida
810 647 963 686 possunt,
996 639 1131 672 solidari
1159 638 1256 670 scissa
1283 647 1350 668 non
1378 637 1521 678 possunt.

568 698 639 731 Ubi
667 696 753 728 enim
780 700 910 738 partem
921 689 945 709 ¹⁶
971 692 1087 725 circuli
1114 689 1303 723 inferiorem
1334 687 1380 719 bis·
1408 685 1551 730 positam
1579 681 1714 726 aspicis,
1755 675 1969 724 pyrrhichius
2003 678 2052 706 est
2078 683 2133 707 vv,

1138 738 1162 758 19

1576 630 1702 674 Figura
1725 632 1790 667 est,
1814 625 1904 659 cuius
1928 628 2005 655 nota
2032 619 2135 663 sylla-

354 805 440 836 Nam
469 807 547 834 nota
573 799 681 834 brevis
708 798 845 830 inferior
871 795 1096 829 semicirculus
1110 790 1135 811 ²⁰
1163 796 1227 829 est;
1253 794 1331 822 nota
1359 789 1463 832 longa
1491 786 1505 818 l
1532 779 1685 819 iacens²¹.

358 863 416 895 30.
469 862 580 894 Metra
606 856 674 892 ἰιι22
701 858 844 902 pedibus
872 855 1043 895 accidunt,
1078 858 1114 886 ut
1140 865 1158 884 a
1181 849 1343 884 trochaeo
1369 847 1598 886 trochaicum,
1627 855 1646 876 a
1674 840 1809 886 dactylo
1837 827 2092 880 dactylicum²³‚
2120 842 2139 863 a

193 916 304 948 iambo
331 914 511 947 iambicum
522 911 565 954 ²³,
593 912 637 945 de
663 911 781 954 quibus
808 908 912 953 paulo
939 912 1017 952 post
1044 904 1224 939 dicendum
1247 907 1304 934 est.

731 1028 760 1063 C
787 1029 815 1062 A
843 1028 880 1061 P.
933 1025 1039 1059 XVII.

364 1118 396 1151 l.
451 1118 634 1157 Accentus,
677 1116 733 1159 qui
769 1114 901 1147 Graece
934 1109 1094 1156 prosodia
1128 1105 1227 1149 est²⁸‚
1262 1119 1302 1140 ex
1336 1105 1470 1138 Graeco
1498 1113 1620 1135 nomen
1654 1092 1832 1141 accepitffl.

199 1166 306 1215 πρός,
336 1169 378 1200 ad
390 1167 415 1186 ‘²⁸
442 1169 576 1207 Latine,
605 1163 676 1213 ω’δή
705 1166 854 1203 Graece,
884 1164 1001 1196 Latine
1035 1166 1148 1195 cantus
1182 1164 1238 1192 est.

523 1220 631 1251 Latini
656 1223 765 1250 autem
777 1214 802 1233 ³⁰
829 1221 861 1248 et
887 1215 953 1246 alia
975 1213 1108 1246 nomina
1136 1207 1306 1245 habent³¹‚

200 1231 389 1263 expressum
413 1225 470 1252 est.

200 1275 297 1311 cunt,
325 1270 403 1313 quia
429 1270 475 1303 ibi
498 1281 594 1302 sonus
617 1269 733 1302 crescit
761 1272 793 1299 et
821 1266 948 1298 desinit.

1121 1023 1191 1056 De
1244 1011 1609 1055 accentibus-²5.

1898 1092 1982 1126 Nam
2012 1088 2144 1122 Graece

1300 1158 1379 1190 Hoc
1415 1151 1537 1188 ε’,ιιίιιιἨ
1579 1162 1700 1184 nomen
1728 1149 1771 1181 de
1806 1145 1909 1179 verbo
1935 1142 1978 1176 ad
2006 1140 2145 1174 verbum

1360 1209 1446 1241 Nam
1474 1210 1629 1239 accentus
1659 1208 1692 1235 et
1717 1206 1815 1233 tonos
1826 1195 1851 1214 ³²
1878 1202 1911 1230 et
1937 1201 2067 1228 tenores
2092 1190 2143 1222 di-

368 1329 402 1363 2.
455 1330 621 1362 Accentus
647 1331 759 1360 autem
781 1326 905 1364 dictus,
932 1322 1026 1367 quod
1037 1319 1061 1338 ³³
1083 1322 1172 1353 iuxta
1199 1323 1332 1352 cantum
1359 1318 1416 1357 sit,
1441 1317 1524 1349 sicut
1551 1312 1746 1347 adverbium
1773 1308 1865 1353 quod
1891 1307 1981 1340 iuxta
2006 1302 2147 1337 verbum

204 1386 260 1414 est.

316 1382 442 1414 Acutus
469 1385 624 1413 accentus
651 1379 776 1417 dictus,
807 1376 900 1420 quod
928 1378 1025 1408 acuat
1053 1378 1085 1404 et
1113 1372 1219 1415 erigat
1247 1369 1427 1413 syllabam,
1455 1366 1583 1411 gravis,

204 1433 264 1465 Est
292 1433 378 1465 enim
413 1431 594 1465 contrarius
630 1435 729 1463 acuto
759 1427 1009 1464 circumflexus,
1048 1420 1160 1467 quia³⁴
1188 1422 1232 1454 de
1266 1425 1363 1454 acuto
1399 1424 1431 1452 et
1466 1417 1560 1463 gravi
1596 1419 1731 1449 constat.

1614 1363 1708 1407 quod
1735 1361 1903 1405 deprimat
1929 1363 1962 1391 et
1989 1357 2146 1399 deponat.

1795 1411 1958 1455 Incipiens
1992 1407 2080 1441 enim
2106 1404 2150 1437 ab

206 1488 305 1518 acuto
330 1484 363 1516 in
389 1494 528 1528 gravem
555 1481 689 1521 desinit,
715 1484 815 1523 atque
842 1478 887 1510 ita
914 1476 994 1509 dun]
1022 1473 1170 1509 ascendit
1198 1477 1230 1505 et
1256 1470 1445 1511 descendit,
1473 1467 1704 1502 circumflexus
1731 1464 1885 1497 efficitur.

374 1542 409 1578 3.
460 1543 588 1576 Acutus
615 1546 725 1574 autem
752 1544 785 1573 et
808 1537 1037 1572 circumflexus
1065 1533 1186 1567 similes
1218 1538 1302 1566 sunt,

836 1591 923 1623 Nam
951 1597 1084 1631 semper
1111 1582 1268 1629 deprimit
1288 1581 1448 1626 syllabas,
1474 1590 1552 1614 cum
1578 1577 1627 1609 illi
1653 1577 1781 1616 levent,
1808 1577 1861 1606 ut:

212 1594 392 1629 contrarius
419 1594 549 1627 videtur
575 1592 740 1627 ambobus
750 1588 783 1625 ³⁸.

302 1705 331 1741 1)
346 1709 446 1732 autem
469 1703 570 1733 addidi
593 1712 608 1732 e
630 1703 660 1732 z.
681 1702 738 1730 ου.
755 1703 781 1731 1.
801 1703 828 1732 2.
846 1709 890 1738 pr.
908 1707 956 1727 va·
984 1715 1020 1720 —
1044 1693 1167 1735 2)d1⁴0·

217 1748 273 1775 bus
293 1747 322 1777 Z.
352 1748 409 1775 Gu.
431 1749 456 1778 1.
474 1750 502 1779 2.
529 1761 570 1768 -—
609 1746 640 1783 3)
662 1742 797 1783 procedit
815 1742 851 1771 al.
874 1760 910 1764 —
938 1738 1167 1779 prolemluntlzr

217 1790 265 1818 vel
277 1789 442 1827 procellunt
462 1790 499 1818 al.
521 1804 563 1811 ——
585 1788 612 1823 4)
633 1789 681 1816 Sic
698 1788 728 1816 Z.
748 1787 805 1814 Gu.
820 1788 846 1815 1.
869 1787 898 1815 2.
922 1799 964 1805 —-
986 1780 1016 1822 5)
1034 1786 1167 1820 quatuor

218 1832 331 1860 scilicet
354 1832 452 1861 breves
476 1842 523 1861 va.
551 1848 583 1853 —
628 1830 659 1870 6)
673 1831 754 1868 vulg.
776 1828 858 1857 addit
878 1831 1053 1865 ponuntur,
1085 1822 1167 1861 quod

219 1885 275 1903 om.
300 1875 355 1903 Gu.
374 1878 399 1907 1.
416 1875 484 1909 Ar.·‚
506 1880 575 1902 sunt
598 1884 653 1912 pro
678 1883 712 1901 eo
733 1870 852 1900 exhibet
876 1871 931 1898 Gu.
946 1872 974 1901 2,
996 1885 1029 1888 -
1052 1865 1080 1904 7)
1098 1866 1168 1893 Post

220 1924 253 1945 ιιι
274 1918 365 1955 vulgo
389 1918 510 1946 additur
537 1917 708 1953 Vngilius,
732 1913 813 1953 quod
834 1923 891 1942 om.
907 1913 936 1940 Z.
958 1912 1015 1939 Gu.
1038 1912 1064 1941 1.
1079 1911 1106 1939 2.
1119 1908 1168 1936 Ar.

221 1971 268 1999 pr.
289 1970 334 1988 va.
380 1961 474 1989 Locus
492 1960 610 1997 Virgilii
632 1964 677 1987 est
699 1958 760 1987 Aen
787 1957 823 1990 11,
843 1958 890 1987 16.
915 1972 953 1976 -—
980 1951 1013 1992 8)
1029 1961 1095 1979 vero
1114 1961 1168 1989 pro

220 2013 298 2031 nune
317 2004 349 2031 Z.
375 2019 415 2024 ——-
437 2004 467 2039 9)
483 2009 523 2030 est
540 2013 594 2030 om.
611 2002 642 2030 Z.
666 2017 699 2022 -
722 1998 846 2038 spondei
863 2003 904 2025 est
921 2007 970 2025 va.
993 2013 1030 2017 —
1060 1994 1106 2030 10)
1122 1993 1170 2020 Sic

222 2047 252 2075 Ζ,
267 2046 324 2073 Gu.
345 2047 371 2074 1.
389 2048 416 2076 2.
439 2056 483 2084 pr,
501 2056 545 2075 va.
571 2060 608 2066 ——
626 2042 915 2082 procelemnmicnm
938 2038 1017 2075 vulg.
1048 2053 1089 2057 -
1123 2033 1168 2074 11)

222 2089 270 2116 Sic
289 2087 409 2126 quidam
426 2088 514 2116 codd.
528 2098 574 2126 ap.
590 2086 675 2115 Arev.
688 2103 730 2107 —
744 2083 962 2122 ¹synaloepham
973 2081 1010 2109 al.
1028 2097 1065 2101 -
1082 2079 1169 2105 sina-

224 2131 371 2168 limplmm
388 2131 417 2158 Z.
442 2132 496 2161 Gu.
513 2133 541 2160 2.
562 2140 608 2168 pr.
626 2148 663 2152 —
678 2127 868 2166 sinalimplm
886 2136 932 2153 va.
958 2140 989 2144 -
1017 2122 1170 2160 episiana-

225 2173 343 2210 limpha
364 2174 422 2202 Gu.
442 2176 468 2203 1.
481 2188 523 2194 --
539 2172 753 2210 ερίῳηιιίῳΙια
775 2170 855 2207 vulg.
891 2165 1071 2196 Accusativo
1093 2173 1169 2202 opus

224 2215 309 2245 esth.
333 2216 370 2250 1.‚
394 2216 461 2253 quia
484 2216 619 2253 sequitur
640 2217 668 2243 in
692 2213 809 2252 optimis
831 2210 918 2239 codd.
944 2208 1105 2246 Virgilium
1128 2221 1169 2226 -—

226 2258 268 2296 12)
298 2258 451 2296 Virgilius
475 2258 589 2286 addunt
612 2258 643 2286 Z.
666 2258 722 2285 Gu.
747 2259 773 2286 1.
791 2257 819 2285 2.
842 2263 887 2292 pr.
908 2263 955 2281 va.
978 2267 1020 2273 -—
1050 2246 1096 2288 13)
1123 2249 1170 2276 Ex

225 2313 287 2329 ιιηιι
306 2307 408 2328 autem
425 2302 523 2339 vulg,
547 2300 598 2329 sed
614 2306 714 2327 autem
729 2308 788 2327 om.
807 2298 865 2325 (ἆυ.
883 2298 909 2326 1.
933 2293 1058 2323 Videtur
1071 2295 1167 2318 autem

224 2344 282 2372 hoc
296 2343 473 2372 vocabulum
495 2345 524 2371 in
547 2345 624 2371 enim
639 2341 824 2370 mutandum.
849 2357 886 2360 —
922 2335 965 2376 14)
982 2340 1054 2363 sunt
1074 2334 1104 2360 Z.
1130 2349 1166 2354 -

230 2386 272 2424 15)
289 2397 366 2414 cmm
381 2387 409 2415 Z.
432 2388 487 2414 (ιύ.
506 2389 530 2417 1.
554 2389 584 2417 2.
607 2387 655 2413 Ar.
681 2385 760 2414 Muta
784 2383 814 2410 in
837 2386 956 2414 nutem,
980 2383 1013 2407 ut
1031 2376 1112 2414 vulg.
1130 2394 1165 2397 —

1366 1530 1454 1562 Nam
1480 1532 1618 1570 uterque
1628 1522 1652 1542 ³⁵
1686 1525 1776 1556 levat
1807 1522 1979 1565 syllabam.
2034 1514 2154 1550 Gravis

1211 1689 1255 1729 16)
1273 1689 1321 1718 Sic
1336 1689 1392 1720 Gn.
1410 1690 1436 1718 1.
1449 1705 1482 1708 —
1499 1686 1607 1716 circuli
1622 1690 1742 1724 partem
1758 1681 1838 1720 vulg.
1854 1697 1894 1703 -
1919 1682 1961 1712 17)
1984 1678 2032 1706 Sic
2047 1677 2078 1705 Z.
2097 1675 2155 1704 Gu.

1212 1737 1236 1765 1.
1255 1736 1283 1764 2.
1300 1732 1335 1762 al.
1354 1742 1398 1770 pr.
1418 1741 1466 1761 va.
1482 1727 1804 1769 —geminumim-cm
1819 1723 1900 1761 vulg.
1921 1738 1963 1743 —
1984 1723 2026 1758 18)
2045 1724 2087 1747 est
2100 1717 2156 1747 ad-

1211 1776 1273 1804 didi
1292 1785 1306 1803 e
1331 1775 1386 1804 Gu.
1405 1776 1433 1804 1.
1461 1789 1503 1794 —
1533 1775 1575 1810 19)
1591 1771 1671 1800 Haec
1692 1769 1772 1806 signa
1793 1777 1851 1796 om.
1874 1767 1929 1793 Gu.
1952 1766 1997 1800 1.‚
2021 1768 2050 1791 at
2064 1770 2157 1800 quum

1211 1819 1286 1847 idem
1303 1827 1333 1846 ea
1355 1826 1444 1854 supra
1459 1814 1584 1851 retinet,
1609 1823 1678 1842 casu
1699 1810 1841 1840 videntur
1861 1820 1877 1837 a
1897 1805 2019 1837 librario
2041 1805 2157 1834 omissa.

1213 1862 1322 1890 Zittav.
1345 1860 1384 1888 ita
1400 1863 1457 1894 :3
1490 1858 1545 1886 Gu.
1569 1860 1596 1888 2.
1621 1860 1718 1896 pr.—
1737 1858 1795 1890 “‘3
1831 1853 1936 1880 Ar.—‘·
1972 1849 2045 1877 Cum
2070 1847 2158 1875 Arev.

1212 1903 1360 1932 consentit
1387 1912 1434 1930 va.
1456 1917 1499 1923 —
1529 1904 1574 1934 ΞΟ)
1598 1905 1639 1926 εει
1659 1896 1762 1926 addidi
1781 1906 1795 1923 e
1818 1894 1873 1923 Gu.
1890 1896 1917 1924 1.
1931 1895 1960 1924 2.
1984 1906 2026 1913 --
2055 1887 2101 1928 21)
2117 1893 2158 1916 est

1211 1946 1312 1975 addidi
1332 1955 1346 1974 e
1364 1946 1394 1973 Z.
1414 1944 1469 1971 Gu.
1495 1946 1520 1973 1.
1538 1945 1566 1973 2.
1583 1941 1631 1970 Ar.
1654 1951 1701 1978 pr.
1720 1950 1766 1967 va.
1785 1955 1822 1959 —-
1840 1935 1926 1973 Vulg.
1939 1934 2023 1962 addit
2042 1931 2101 1961 hoc
2116 1931 2158 1959 si-

1213 2000 1369 2028 gnum—,
1393 1986 1474 2025 quod
1497 1983 1639 2013 exhibent
1659 1983 1691 2010 Ζ.
1718 1978 1787 2021 (ί)
1802 1980 1850 2008 ΛΓ.
1874 1989 1917 2018 pr.
1932 1988 1979 2007 va.
2002 1992 2036 1997 ——
2066 1975 2113 2010 22)
2128 1975 2161 2001 in

1214 2031 1316 2060 addidi
1336 2040 1349 2057 e
1367 2030 1422 2058 Gu.
1443 2032 1468 2060 1.
1489 2030 1516 2058 2.
1542 2043 1579 2048 —-
1611 2030 1654 2059 23)
1670 2024 1825 2061 d(1(·(illlnl
1843 2023 1872 2050 Z.
1895 2037 1937 2042 -
1963 2019 2008 2053 24)
2024 2016 2161 2046 iambum,

1212 2076 1242 2104 Ζ,
1269 2089 1306 2096 -
1333 2072 1380 2110 ι25)
1403 2069 1523 2099 Omittit
1542 2069 1600 2098 hoc
1627 2072 1715 2106 caput
1746 2066 1824 2095 Gud.
1847 2067 1875 2095 2.
1893 2068 1922 2092 et
1936 2073 1983 2091 va.
2008 2059 2066 2088 hoc
2082 2060 2160 2094 loce,

1212 2117 1265 2146 sed
1282 2114 1401 2144 exhibet
1424 2117 1491 2152 post
1514 2116 1603 2150 caput
1625 2113 1694 2144 32„
1725 2113 1793 2148 post
1815 2111 1903 2145 caput
1927 2102 2013 2143 Quid
2032 2104 2073 2130 sit
2097 2112 2160 2129 vox.

1213 2161 1271 2188 Csr.
1294 2167 1361 2186 cum
1382 2156 1439 2184 hoc
1457 2155 1553 2193 capite
1573 2154 1652 2182 Max.
1667 2151 1813 2181 Victorin.
1836 2159 1883 2178 ars
1904 2146 1988 2187 §.17.
2013 2144 2160 2185 (p.1942.

1214 2203 1261 2239 P.)
1287 2201 1392 2230 Donat.
1408 2198 1429 2234 I,
1443 2198 1470 2228 5.
1498 2196 1630 2225 Diomed.
1647 2206 1675 2233 p.
1691 2195 1761 2226 425.
1788 2193 1878 2221 Prisc.
1894 2200 1922 2229 p-
1938 2191 2028 2221 1287.
2051 2203 2092 2210 —-·
2114 2185 2161 2223 26)

1213 2245 1261 2273 Sic
1283 2244 1338 2272 Gu.
1360 2245 1386 2273 1.
1409 2257 1444 2262 —
1461 2239 1577 2268 dicitur
1591 2239 1669 2275 vulg.
1696 2256 1732 2259 —
1754 2239 1800 2271 27)
1817 2245 1849 2263 ex
1866 2234 1980 2261 Graeco
1993 2241 2097 2259 nomen
2111 2240 2161 2257 ac-

1213 2287 1287 2326 cepit
1304 2295 1360 2313 om.
1378 2283 1416 2312 al.
1440 2299 1475 2304 —-
1502 2281 1548 2321 ff)
1569 2282 1617 2309 Sic
1636 2282 1692 2308 Gu.
1713 2283 1741 2310 1,
1767 2294 1804 2300 -
1827 2277 1938 2305 Latme
1959 2274 2003 2302 ad
2015 2274 2096 2310 vulg.
2121 2288 2161 2295 —

1211 2333 1255 2363 29)
1271 2329 1348 2356 enim
1365 2337 1422 2354 om.
1441 2326 1496 2354 Gu.
1515 2328 1543 2356 2.
1567 2340 1608 2346 —
1630 2326 1675 2357 30)
1697 2324 1775 2350 enim
1792 2320 1841 2348 Ar.
1864 2334 1905 2340 —-
1927 2317 1973 2356 31)
1991 2317 2040 2344 Sic
2056 2317 2113 2344 Gu.
2136 2319 2163 2347 1.

1212 2388 1253 2396 -
1275 2370 1384 2398 hahent
1408 2374 1433 2396 et
1459 2368 1525 2395 alia
1549 2368 1672 2394 nomina
1696 2365 1774 2401 vulg.
1796 2378 1837 2384 —
1867 2361 1917 2398 32)
1936 2360 2044 2388 nothos
2067 2360 2097 2389 Z.
2122 2373 2163 2381 —-
