2255 2819
255 121 330 155 610

945 119 1122 154 [SIDORI
1155 120 1336 156 HISPAL.
1370 122 1514 159 EPISC.

417 213 451 246 4.
505 211 613 245 Insula
641 214 688 242 est
714 209 853 242 fasciola
879 212 1094 246 sacerdotalis
1121 214 1239 258 capitis
1274 217 1348 248 alba
1383 217 1417 249 in
1449 218 1589 251 modum
1626 218 1840 260 diadematis,
1882 231 1902 252 a
1927 231 1992 264 qua
2023 222 2121 256 vittae
2146 225 2190 257 ab

255 272 393 309 utraque
427 268 521 310 parte
556 260 763 304 dependent,
810 273 896 304 quae
929 263 1066 296 infulam
1103 265 1254 300 vinciunt.

1330 267 1431 301 Unde
1463 274 1495 301 et
1521 271 1618 303 vittae
1645 271 1754 304 dictae
1782 276 1870 313 sunt,
1918 273 2009 315 quod
2036 274 2188 310 vinciant.

253 318 360 351 Insula
387 321 495 349 autem
523 313 721 356 plerumque
746 314 883 355 tortilis,
911 315 1111 359 plerumque
1138 318 1205 350 lata
1232 322 1301 350 erat
1318 314 1339 362 ¹,
1367 319 1411 351 de
1437 321 1515 353 albo
1543 326 1575 354 et
1597 333 1711 356 cocco.

415 366 447 398 5.
501 365 598 408 Apex
625 369 673 396 est
696 362 849 408 pileum²

251 419 285 451 id
308 423 354 451 est
381 429 399 449 a
426 415 573 460 ligando.

250 470 385 503 hostiae.

874 367 969 399 sutile
979 364 1002 408 ³,
1030 364 1121 411 (Ῑιιο4
1146 370 1335 403 sacerdotes
1351 371 1492 414 gentiles
1514 373 1705 414 utebantur,
1721 370 1935 419 appellatus⁵
1961 375 2004 408 ab
2031 376 2188 420 apiendo,

634 416 720 448 Nam
743 417 892 461 virgula,
926 430 1011 462 quae
1038 422 1071 451 in
1098 420 1190 464 pileo
1227 426 1312 462 erat,
1349 423 1632 458 connectebatur⁶
1658 425 1735 468 filo,
1778 426 1871 469 quod
1905 426 2006 460 fiebat
2040 439 2079 460 ex
2113 428 2188 461 lana

438 463 654 500 Galearium⁷
680 467 808 511 pileum
833 480 874 502 ex
900 470 991 514 pelle
1018 482 1133 504 caesae
1160 471 1287 506 hostiae
1313 474 1449 509 factum.

350 519 491 552 Pilleum
519 523 629 550 autem
659 518 784 553 dictum
812 531 831 551 a
858 521 948 564 pelle
975 522 1120 564 hostiae,
1155 524 1243 557 unde
1268 525 1371 557 fiebat
1383 523 1406 559 ᾗ.

410 568 444 603 6.
498 566 651 604 Cidaris⁰
678 575 711 604 et
737 571 809 615 ipsa
826 568 849 588 ¹⁰
875 573 1086 608 sacerdotum
1115 580 1201 616 erat,

544 654 572 688 C
600 655 630 688 A
658 656 697 690 P.
749 656 872 692 XXXI.

1239 587 1326 619 quae
1353 588 1371 608 a
1396 577 1565 621 plerisque
1591 577 1686 610 mitra
1713 586 1859 613 vocatur.

958 659 1024 692 De
1067 662 1343 695 ornamentis
1384 662 1558 707 capitis
1592 662 1884 708 seminarum.

414 723 444 756 l.
499 722 703 757 Ornamenta
730 726 846 769 capitis
873 727 1084 761 feminarum:
1116 728 1289 771 diadema,
1322 727 1506 772 nimbusfl,
1542 732 1725 775 capitulum
1753 737 1785 764 et
1811 732 1915 765 mitra.

347 774 511 807 Diadema
540 781 587 807 est
614 783 844 810 ornamentum
872 779 987 822 capitis
1017 785 1240 813 matronarum
1270 793 1308 814 ex
1335 793 1415 814 auro
1452 787 1484 815 et
1510 783 1651 827 gemmis
1678 788 1868 816 contextum
1881 780 1920 824 ¹²,
1963 782 2056 827 quod
2086 783 2118 815 in
2152 794 2187 815 se

245 827 451 859 circumactis
478 827 734 860 extremitatibus
761 834 849 861 retro
880 831 1086 875 astringitur,
1114 837 1146 864 et
1173 832 1291 865 exinde
1319 833 1451 867 Graece
1479 830 1655 875 dictun1¹³,
1682 835 1774 878 quod
1800 835 2015 879 praeligetur.

409 877 440 909 2.
494 878 631 911 Nimbus
659 884 706 911 est
729 880 867 914 fasciola
894 886 1077 915 transversa
1104 894 1143 916 ex
1171 895 1251 916 auro
1280 890 1387 917 assuta
1413 885 1444 917 in
1471 885 1591 927 linteo,
1633 886 1725 929 quod
1761 892 1809 920 est
1841 886 1872 919 iu
1908 887 2017 919 fronte
2044 884 2185 919 femina-

244 939 326 960 rum.
382 928 515 961 Plautus
527 925 565 962 ¹⁴:

476 987 554 1033 Quo
578 989 698 1033 magis
724 1000 803 1022 eam
831 992 982 1036 aspicio,
1010 988 1118 1025 tam¹⁵
1145 994 1268 1038 magis
1293 993 1454 1028 nimbata
1482 999 1541 1028 est„

243 1047 327 1078 Nam
341 1042 365 1061 ¹⁶
398 1050 429 1077 et
457 1046 587 1087 lumen,
627 1048 720 1091 quod
756 1050 843 1084 circa
874 1052 1072 1096 angelorum
1100 1054 1211 1097 capita
1242 1055 1409 1099 pingitur,
1450 1055 1581 1087 nimbus
1612 1061 1768 1097 vocatur,
1810 1056 1889 1090 licet
1923 1062 1954 1088 et
1989 1055 2117 1088 nimbus
2147 1055 2186 1086 sit

242 1097 383 1130 densitas
409 1098 513 1130 nubis.

404 1147 437 1181 3.
491 1149 687 1193 Capitulum
714 1156 778 1192 est,
806 1152 899 1195 quod
927 1152 1031 1197 vulgo
1060 1155 1244 1198 capitulare
1272 1156 1396 1191 dicunt.

1450 1157 1544 1189 Idem
1568 1162 1600 1189 et
1619 1168 1751 1201 cappa,
1778 1157 1832 1190 vel
1860 1157 1952 1200 quod
1972 1157 2056 1190 duos
2073 1158 2185 1200 apices

245 1204 280 1232 ut
306 1209 420 1244 cappa
448 1200 542 1233 litera
569 1201 708 1242 habeat,
735 1204 787 1235 vel
815 1205 892 1247 quia
921 1205 1038 1248 capitis
1065 1212 1294 1239 ornamentum
1323 1212 1378 1239 est.

405 1250 438 1285 4.
493 1252 596 1285 Mitra
623 1259 670 1286 est
697 1255 823 1298 pileum
851 1255 1057 1300 Phrygium,
1086 1264 1187 1301 caput
1215 1263 1415 1302 protegens,
1449 1259 1547 1302 quale
1573 1264 1621 1291 est
1648 1264 1876 1292 oruamentum
1903 1259 2018 1302 capitis
2045 1259 2183 1291 devota-

241 1312 323 1334 rum.

241 1415 260 1435 a
285 1404 376 1447 pelle
403 1410 482 1439 erat.
533 1408 620 1440 Nam
648 1409 744 1441 mitra
771 1421 811 1442 ex
837 1411 912 1443 lana
940 1415 996 1444 est.

341 1456 460 1489 Ricula
472 1454 497 1473 ²⁰
523 1460 620 1491 mitra
646 1460 816 1504 virginalis
841 1462 958 1506 capitis
985 1467 1032 1494 est
1044 1458 1077 1497 ²¹.

376 1302 446 1335 Sed
473 1304 601 1347 pileum
628 1305 773 1338 virorum
786 1303 824 1349 ¹⁷,
852 1309 968 1340 mitrae
995 1313 1106 1341 autem
1134 1310 1342 1342 feminarum.

413 1353 448 1389 5.
502 1356 715 1390 Redimicula
742 1363 852 1391 autem
875 1363 963 1400 sunt,
1004 1360 1121 1402 quibus
1150 1362 1245 1394 mitra
1273 1362 1428 1405 alligatur
1442 1357 1474 1391 ¹⁹.

1528 1361 1658 1393 Pileutn
1685 1366 1796 1394 autem
1812 1357 1852 1401 ¹⁹,
1888 1367 1923 1393 ut
1948 1360 2184 1404 praediximus,

404 1506 437 1540 6.
493 1509 602 1543 Vittae
635 1517 726 1553 sunt,
765 1524 851 1556 quae
885 1514 1028 1547 crinibus
1054 1514 1279 1554 innectuntur,
1329 1514 1449 1557 quibus
1476 1513 1614 1546 fluentes
1640 1513 1822 1558 religantur
1849 1513 1979 1557 capilli,
2021 1518 2053 1546 et
2088 1512 2184 1545 vittae

239 1555 365 1597 dietae,
393 1559 486 1601 quod
514 1559 700 1596 vinciunt²².

341 1608 470 1643 Taenia
496 1616 605 1645 autem
629 1619 676 1646 est
701 1614 855 1648 vittarum
882 1616 1066 1649 extremitas
1094 1615 1288 1661 dependens
1314 1614 1519 1647 diversorum
1546 1615 1708 1649 colorum.

340 1659 424 1693 Item
466 1663 545 1696 vitta
581 1669 648 1706 est,
701 1676 766 1709 qua
808 1677 932 1700 corona
973 1668 1130 1708 vincitur,
1175 1667 1283 1699 taenia
1318 1677 1396 1699 vero
1433 1672 1578 1699 extrema
1618 1678 1695 1711 pars
1728 1665 1846 1704 vittae,
1891 1675 1977 1706 quae
2012 1662 2182 1708 dependet

240 1719 382 1744 coronae
394 1709 427 1745 ²³.

402 1762 435 1796 7.
487 1764 678 1799 Reticulum
689 1762 714 1783 ²*
741 1771 805 1808 est,
831 1767 924 1810 quod
953 1768 1083 1813 colligit
1108 1780 1239 1807 coma5‚
1272 1768 1398 1802 dictum
1426 1769 1468 1801 ab
1496 1779 1556 1806 eo,
1593 1767 1686 1810 quod
1713 1766 1829 1799 retinet
1855 1766 1975 1803 crines,
2002 1776 2044 1798 ne
2070 1762 2179 1797 effun—

241 1809 368 1844 dantur.

327 1920 350 1952 ι)
373 1918 422 1946 Sic
446 1920 494 1949 Ar.
518 1938 559 1943 —
582 1922 667 1960 Vulg.
689 1926 867 1964 plerumque
891 1927 1023 1964 tortilis,
1052 1928 1189 1965 plerum-

243 1968 300 1995 que
319 1959 384 1987 lata
405 1967 478 1990 erat.
500 1978 540 1985 —
564 1965 620 1992 Gu.
647 1969 671 1996 1.
692 1969 719 1997 2.
738 1969 919 2007 plerumque·
941 1970 1008 1997 lala
1033 1976 1105 2005 erat,
1125 1971 1191 2008 plc-

243 2010 367 2038 rumquc
387 2004 507 2032 tortilis.
539 2024 575 2028 —
608 2008 637 2044 2)
655 2010 770 2045 pilleus
801 2021 847 2039 va.
878 2027 919 2033 —
948 2015 975 2043 3)
999 2012 1122 2040 subtili-s·
1144 2023 1190 2041 VR-

244 2059 281 2065 —
305 2042 334 2080 4)
367 2044 450 2080 quod
480 2047 534 2074 Gu.
555 2050 582 2078 2.
611 2064 652 2070 ·-—
688 2052 716 2090 5)
746 2054 920 2091 appellatur
953 2054 1008 2081 Gur
1029 2058 1056 2086 2.
1089 2055 1126 2083 al.
1151 2073 1188 2077 —

242 2083 270 2122 6)
294 2085 342 2113 Sic
372 2087 430 2114 Gu-
457 2089 483 2117 l.
512 2091 538 2119 2.
569 2090 617 2119 Ar.
650 2107 685 2113 —-
723 2096 934 2123 contexebalnr
968 2097 1046 2134 vulg.
1082 2113 1123 2119 -
1158 2097 1188 2133 7)

243 2126 291 2154 Sic
314 2127 370 2156 Gu.
391 2131 415 2158 1.
440 2131 469 2158 2.
488 2147 524 2151 -—
552 2131 707 2162 Galerium
728 2137 807 2174 vulg.
831 2154 872 2160 —
898 2139 1044 2166 Galen-um
1071 2139 1120 2168 Ar.
1140 2149 1186 2169 va.

245 2184 281 2190 —-
306 2171 335 2207 8)
359 2171 407 2197 Sic
428 2172 484 2199 GU.
513 2174 541 2202 1.
566 2173 602 2200 al.
625 2183 672 2203 va.
697 2180 871 2215 —fifbanl
901 2181 984 2218 vulg.
1016 2198 1051 2202 —-
1082 2184 1111 2216 9)
1140 2182 1189 2209 CL*-

244 2209 353 2239 darum
377 2212 432 2242 Gu.
452 2214 479 2242 1.
499 2229 541 2235 —
567 2214 703 2244 Cidarim
726 2221 780 2248 Gu.
801 2225 829 2252 2,
860 2222 897 2251 al,
923 2233 968 2260 pr.
997 2239 1040 2245 -
1078 2224 1122 2259 10)
1140 2224 1189 2251 Sic

245 2252 297 2282 Ar.
323 2264 368 2283 va.
390 2270 428 2276 -
454 2260 479 2282 et
502 2257 603 2293 ipsum
625 2259 705 2296 vulg.
729 2266 757 2290 ct
779 2263 820 2290 sic
845 2264 893 2292 Ar.
918 2276 994 2302 quac
1017 2276 1071 2303 pro
1095 2265 1188 2303 quod.

247 2311 284 2316 —-
314 2298 357 2330 11)
378 2296 512 2325 nimbum
535 2299 591 2327 Gu.
610 2302 636 2330 1.
660 2302 697 2328 al.
727 2319 767 2323 —
808 2307 848 2337 12)
880 2313 1055 2335 connatam
1086 2309 1142 2337 Gu.
1159 2311 1188 2339 2.

246 2353 286 2358 —
311 2340 352 2374 13)
376 2338 424 2366 Sic
449 2339 502 2367 Gu.
527 2343 554 2370 1.
582 2343 610 2371 2,
634 2359 672 2363 —-
704 2342 817 2372 dictum
844 2348 954 2375 Graece
976 2350 1056 2387 vulg.
1078 2366 1119 2372 —-
1143 2350 1187 2388 14)

246 2378 343 2408 Plaul.
366 2380 455 2410 Poen.
481 2381 504 2418 I,
528 2384 558 2419 2,
582 2385 652 2416 135.
677 2402 715 2406 —
748 2389 794 2425 15)
818 2387 865 2415 Sic
883 2391 975 2421 Gu.1.
989 2394 1019 2422 2.
1042 2407 1083 2414 —
1103 2398 1188 2420 tanto

1232 1927 1312 1965 vulg.
1346 1943 1386 1948 —
1429 1929 1473 1961 16)
1504 1926 1586 1954 Nam
1617 1937 1673 1954 om.
1705 1926 1761 1955 Gu.
1785 1928 1811 1957 1.
1835 1928 1863 1956 2.
1897 1941 1935 1946 -—
1973 1923 2023 1963 17)
2045 1930 2087 1951 cst
2109 1923 2178 1952 add.

1232 1971 1312 2007 vulg.
1332 1986 1367 1990 —
1393 1970 1458 1999 Om.
1481 1969 1539 1998 Gu.
1562 1972 1588 1999 1.
1610 1985 1651 1990 —-
1674 1967 1718 2006 18)
1747 1969 1855 1996 mitt-ae
1876 1968 1912 1997 al.
1934 1977 1979 2007 pr.
2003 1976 2050 1996 va.
2073 1982 2110 1988 -
2135 1967 2177 2001 19)

1234 2018 1335 2041 (actem
1357 2022 1414 2040 om.
1437 2012 1492 2040 Gn.
1510 2014 1535 2041 1.
1551 2013 1578 2042 2.
1610 2028 1650 2031 ————
1680 2014 1724 2043 ⁰20)
1749 2011 1799 2038 Sic
1822 2011 1870 2039 Ar.
1892 2026 1933 2032 —
1956 2009 2076 2048 ngula
2098 2007 2177 2054 vulg.

1233 2071 1274 2077 —
1296 2054 1443 2083 Restcula
1464 2063 1510 2082 va.
1544 2070 1584 2074 -—
1618 2056 1664 2089 21)
1689 2053 1737 2081 Sic
1768 2054 1824 2082 Gu.
1846 2056 1872 2083 1.
1895 2055 1923 2083 2.
1953 2069 1989 2075 -
2020 2057 2062 2080 est
2085 2055 2177 2077 mztra

1231 2097 1312 2134 vulg.
1345 2115 1383 2118 —
1412 2096 1460 2132 22)
1485 2097 1619 2123 vinciant
1651 2097 1736 2124 Arev.
1768 2114 1804 2118 —
1845 2095 1894 2132 23)
1916 2092 2055 2133 dependit
2084 2103 2103 2120 a
2126 2102 2176 2119 co-

1232 2149 1307 2166 rona
1330 2139 1385 2167 Gu.
1403 2141 1431 2169 2.
1458 2153 1494 2160 —
1520 2149 1582 2176 qua
1605 2137 1767 2176 dependent
1790 2148 1914 2165 coronae
1933 2138 1969 2166 al.
1992 2147 2038 2165 va.
2061 2152 2102 2157 —
2127 2134 2174 2169 24)

1232 2182 1387 2209 Retiolmn
1415 2180 1466 2208 Ar.
1497 2198 1536 2201 —
1564 2181 1787 2209 Rscinaculum
1818 2190 1863 2208 va.
1896 2195 1932 2201 —
1979 2180 2023 2216 25)
2051 2179 2175 2222 Disert—

1231 2224 1317 2251 nalia
1339 2233 1386 2251 va.
1409 2239 1449 2244 —
1477 2225 1521 2258 ⁸26)
1553 2223 1652 2252 (hetae
1675 2233 1734 2253 0111.
1766 2223 1822 2251 Gu.
1843 2224 1871 2252 2.
1896 2222 1948 2251 Ar.
1980 2238 2017 2242 —
2046 2219 2091 2256 27)
2114 2228 2174 2265 crz-

1231 2276 1303 2293 num
1326 2265 1383 2294 Gu.
1401 2267 1426 2294 1.
1450 2281 1492 2286 —
1526 2265 1572 2303 28)
1595 2266 1642 2294 Sic
1662 2266 1719 2294 Gu.
1737 2268 1763 2297 1.
1785 2267 1812 2296 2.
1835 2264 1885 2293 Ar.
1910 2281 1943 2285 -
1963 2270 2089 2299 sparsus
2110 2258 2173 2287 ‹las-

1231 2310 1346 2345 sipetur
1369 2308 1499 2345 capillus
1515 2318 1559 2337 va.
1582 2324 1621 2330 ·-
1645 2318 1767 2346 sparsos
1790 2306 1934 2343 dissipent
1952 2303 2080 2341 capillos
2095 2302 2172 2340 vulg.

1231 2366 1272 2372 —-
1306 2351 1352 2384 ιλ9)
1376 2360 1478 2386 gruna
1504 2349 1553 2379 Ar.
1575 2360 1619 2379 va.
1642 2367 1684 2372 -—
1706 2348 1753 2388 30)
1775 2349 1823 2375 Sic
1847 2348 1901 2375 Gu.
1921 2349 1947 2377 1.
1962 2348 1989 2376 2.
2008 2354 2054 2373 va.
2068 2344 2116 2373 Ar.
2133 2360 2163 2366 -—

1231 2391 1438 2430 dependuntur
1461 2391 1542 2428 vulg.
1564 2406 1604 2412 —
1629 2388 1678 2429 31)
1700 2389 1813 2418 adom.
1836 2389 1891 2417 Gu.
1913 2390 1943 2419 2.
1968 2403 2002 2408 —
2026 2386 2072 2425 32)
2085 2388 2173 2415 Dicti
