2203 2829
196 103 246 140 82
889 101 1067 137 ISIDORI
1093 101 1273 138 HISPAL.
1300 103 1445 141 EPISC.

407 193 525 236 Vade,
553 203 627 238 age
652 195 752 233 nate,
782 202 871 227 voca
900 194 1096 240 Zephirus,
1123 201 1157 231 et
1183 197 1305 233 labere
1325 196 1485 244 pennis1.

197 247 291 281 Aliae
318 246 549 286 admit-ativae,
577 249 630 277 ut:

419 292 620 331 Tantaene²
648 292 773 327 animis
799 296 1003 331 coelestibus
1029 295 1160 331 irad?

360 357 419 391 16.
472 356 569 390 Aliae
596 352 881 398 comparativae⁴z

400 409 441 442 Si
466 408 564 440 vinco
592 409 623 438 et
644 403 796 449 pere05,
820 407 906 451 quid
932 407 980 440 ibi
1005 419 1061 441 me
1086 408 1248 444 vincet-&³
1270 409 1465 456 praestat?

195 469 290 503 Aliae
317 468 553 513 superlativae,
581 476 668 509 quae
695 475 772 499 cum
794 467 906 511 aliquo
933 469 1151 502 motn'animi
1177 475 1210 504 et
1235 470 1463 516 indignatione
1489 478 1703 516 promuntur,
1730 471 1806 508 ut⁷z

398 545 447 551 --
479 523 575 571 Quid
603 535 670 558 non
698 527 865 560 mortalia
891 531 1039 572 pectora
1066 530 1167 574 cogis

398 577 488 610 Auri
514 587 622 610 sacra
645 575 793 622 fame-9⁸

193 637 288 671 Aliae
312 636 584 681 interrogativae,
610 641 664 670 ut:

397 688 563 730 Iuvenes,
590 699 681 732 qnae
710 700 820 723 causa
845 689 986 735 subegit

397 739 550 785 Ignotus
576 743 711 773 tentare
736 739 840 774 vias?
871 741 949 788 Quo
976 739 1144 775 tenditis?
1171 739 1309 787 inquit⁹.

401 790 497 837 Quid
523 802 637 836 genus
648 788 689 833 ¹⁰,
716 793 809 825 unde
834 791 1022 826 domus-¹¹?
1048 793 1224 827 Pacemne
1250 794 1319 827 huc
1342 793 1463 839 fertis,
1491 791 1571 827 (ιη12
1598 792 1731 827 arma?

355 849 413 883 18.
466 851 563 884 Aliae
589 853 837 895 responsativae
848 849 888 895 ¹³,
916 858 951 886 ut
977 853 1090 895 illinc,
1117 854 1228 888 istinc.
1280 855 1378 888 Aliae
1405 854 1654 899 deprecativae,
1683 860 1734 888 ut:

395 901 509 947 Eripe
534 913 590 936 me
615 903 670 937 his
695 904 820 938 invicte
845 901 1005 938 malis¹⁴l

190 960 284 993 Aliae
310 962 543 1006 promissivae,
571 967 622 996 ut:

394 1014 512 1047 Parce
537 1018 631 1048 metu
661 1013 882 1058 Gythei-aea,
907 1019 1049 1048 manent
1075 1015 1220 1048 immota
1242 1019 1380 1049 tuorum
1392 1012 1424 1048 ¹⁵.

190 1071 285 1104 Aliae
312 1074 522 1107 concessivae
549 1085 636 1117 quae
662 1074 861 1118 impulsione
872 1072 896 1092 ¹⁶
922 1074 1142 1119 prohibeant,
1171 1080 1222 1108 ut:

394 1123 582 1169 chuere¹⁷
609 1125 755 1158 Italiam
782 1127 891 1160 ventis
912 1131 996 1172 pete
1021 1138 1138 1172 regna
1158 1137 1228 1172 per
1252 1126 1377 1159 undas.

188 1181 284 1222 Quae
311 1187 420 1217 tamen
447 1197 488 1218 ne
501 1182 525 1201 ¹3
550 1197 617 1218 non
643 1186 809 1219 intellecta
836 1187 876 1219 sit
903 1187 1090 1230 persuasiO,
1117 1187 1280 1231 permixta
1308 1190 1382 1218 sunt
1408 1186 1539 1230 aliqua,
1565 1197 1653 1229 quae
1681 1190 1790 1219 vetant
1803 1182 1825 1203 ¹⁹
1853 1186 2007 1224 latenter..
2036 1193 2093 1219 ut:

399 1236 515 1269 Tentis
536 1241 620 1281 pete
645 1248 758 1282 regua
786 1249 853 1283 per
880 1239 994 1271 undas
1006 1235 1040 1270 ²⁰.

187 1283 282 1317 Aliae
307 1285 600 1330 demonstrativae,
630 1293 680 1321 ut:
707 1300 765 1329 cn,
794 1300 882 1322 ecce.
935 1290 1031 1322 Aliae
1059 1288 1245 1332 optativae,
1272 1293 1323 1321 ut:

396 1338 428 1371 Ο
454 1340 539 1372 mihi
562 1341 774 1384 praeteritos
801 1341 935 1386 reserat
962 1341 992 1374 si
1019 1340 1155 1385 Iupiter
1182 1336 1332 1372 (mnos²¹.

352 1397 410 1430 19.
463 1399 561 1432 Aliae
589 1396 862 1443 denegativae²²‚
898 1405 950 1433 ut:
986 1411 1217 1444 nequaquam.
1277 1399 1391 1440 Aliae,
1424 1395 1546 1442 quae²³
1579 1409 1654 1432 cum
1682 1398 1920 1431 exclamatione
1947 1399 2124 1443 proferun-

186 1449 253 1486 tur,
281 1451 331 1478 ut:

396 1497 483 1544 Quis
497 1498 610 1543 furor
633 1510 652 1531 o
680 1500 771 1532 cives
792 1511 921 1544 pacem
949 1501 1113 1533 convertit
1138 1501 1172 1533 in
1199 1511 1304 1532 arma
1314 1497 1369 1531 ²¹?

186 1556 230 1588 Et
257 1555 376 1590 Cicero
387 1554 429 1590 ²⁵:
460 1557 493 1591 O
520 1558 571 1590 dii
596 1558 826 1599 immortales,
853 1558 994 1592 ubinam
1021 1560 1180 1604 gentium
1206 1559 1350 1592 sumus?

347 1608 405 1640 20.
460 1609 556 1641 Aliae
578 1610 821 1651 exhortativae,
850 1622 926 1643 cum
955 1611 997 1643 ad
1025 1611 1217 1644 sententiam
1239 1621 1479 1655 provocamus,
1508 1614 1560 1642 ut:

388 1667 494 1702 *iude
519 1669 645 1715 hospes
673 1673 888 1703 contemnere
914 1666 1040 1715 opes-²⁶.

268 1773 295 1812 1)
319 1774 421 1813 virgil.
445 1776 517 1806 Aen.
532 1777 584 1812 IX,
607 1780 679 1810 223.
708 1795 743 1799 -
773 1776 805 1818 2)
834 1784 992 1806 tantumne
1016 1789 1061 1818 pr,
1090 1796 1124 1800 -—
1170 1781 1241 1811 381.
1262 1794 1303 1801 -
1329 1776 1374 1817 13)
1394 1788 1445 1806 nec
1467 1788 1525 1805 non
1546 1777 1601 1805 Gn.
1623 1780 1649 1808 1.
1681 1792 1721 1797 -·
1751 1775 1794 1816 19)
1818 1777 1867 1805 Sic
1887 1777 1945 1807 Gu.
1962 1782 1988 1809 1.
2012 1779 2062 1808 Ar.
2080 1796 2116 1802 —

181 1814 210 1854 3)
234 1815 313 1854 Virg.
336 1817 407 1847 Aen.
430 1818 460 1855 I,
485 1823 531 1851 11.
560 1837 602 1842 —
633 1822 660 1856 4)
686 1820 772 1858 Vulg.
800 1826 833 1849 ut
864 1827 905 1849 est
929 1821 1026 1858 addit,
1052 1832 1128 1860 quae
1172 1826 1264 1851 retent
1278 1821 1359 1858 vulg.
1383 1838 1423 1841 —
1446 1819 1491 1859 20)
1515 1820 1678 1857 Vulgpete
1695 1830 1788 1857 regna
1802 1830 1856 1857 per
1875 1820 1988 1857 undas,
2014 1827 2044 1850 at
2069 1832 2118 1852 vv.

183 1867 238 1887 om.
262 1859 319 1888 Gu.
340 1862 364 1890 1.
388 1876 430 1882 --
453 1868 494 1889 est
516 1873 576 1894 om.
598 1863 649 1892 Ar.
673 1873 721 1893 va.
744 1880 777 1884 —-
798 1864 829 1901 5)
854 1865 887 1892 St
910 1866 996 1892 vinco
1013 1875 1072 1902 pro
1096 1876 1127 1892 eu
1166 1870 1232 1903 pite
1255 1874 1348 1903 regna
1375 1873 1431 1891 om.
1457 1862 1512 1892 Gu.
1536 1866 1561 1894 1.
1585 1872 1630 1890 va.
1650 1862 1699 1890 Ar.
1722 1877 1759 1883 -—-
1784 1862 1833 1900 21)
1854 1862 1931 1901 Vir-g.
1950 1865 2023 1892 Aen.
2042 1864 2118 1902 vm,

182 1900 239 1929 Gu-
263 1903 289 1932 1.
304 1919 343 1923 -—
365 1903 471 1932 Nescio
495 1905 573 1933 unde
596 1906 679 1934 loeus
694 1906 731 1934 sit
752 1905 935 1946 desumptus,
950 1923 992 1928 —
1014 1906 1041 1945 6)
1061 1908 1127 1934 vin·
1169 1910 1240 1940 500.
1263 1923 1303 1928 —
1327 1906 1430 1942 referet
1448 1905 1503 1932 Gu.
1520 1908 1545 1936 1.
1570 1921 1611 1926 —
1635 1907 1679 1938 ΞΩ)
1697 1904 1745 1932 Sic
1764 1904 1820 1933 Gu.
1834 1908 1859 1935 1.
1875 1906 1911 1935 al.
1928 1906 2008 1945 apud
2024 1907 2115 1936 Grial.

181 1953 243 1971 cere
258 1954 303 1971 me
320 1945 375 1973 Gu.
392 1948 418 1976 1.
435 1962 473 1967 —
497 1946 528 1987 7)
551 1947 636 1985 Vulg.
660 1954 693 1975 ut
716 1948 775 1984 ibi,
799 1950 851 1978 sed
875 1950 919 1977 ila·
942 1960 999 1978 om.
1025 1950 1081 1978 Gu.
1100 1952 1125 1980 1.
1169 1966 1210 1971 —
1228 1948 1422 1988 derogativae
1439 1948 1518 1985 vulg.
1543 1963 1584 1968 —
1610 1948 1771 1984 negativae
1794 1947 1830 1974 al.
1852 1952 1880 1975 et
1900 1958 1962 1977 var.
1986 1949 2053 1978 lect.
2068 1959 2116 1988 ap.

180 1984 275 2014 Verba
289 1992 323 2014 ιιι
338 1987 398 2015 tbi.-
425 1988 511 2025 Quid
531 2000 625 2029 usque
647 1991 684 2018 ad
698 1992 805 2028 sames
827 2002 884 2020 0111.
902 1993 957 2020 Gu.
971 1995 999 2023 2,
1024 1992 1125 2021 Ar.—

179 2028 206 2065 8)
233 2027 311 2066 Virg.
334 2030 403 2058 Aen.
420 2031 479 2068 III,
502 2033 552 2063 57.
584 2050 619 2054 —-
650 2033 679 2070 9)
706 2034 802 2062 Verba
821 2045 879 2071 quo
902 2034 1042 2070 malitis,
1073 2036 1123 2062 [ἵη-

178 2071 245 2108 quit
262 2071 365 2100 addidi
381 2083 395 2101 e
410 2073 466 2102 Gu.
484 2077 509 2105 1.
532 2075 606 2104 Sunt
628 2085 642 2104 e
659 2075 761 2113 virgil.
779 2076 849 2105 Aen.
866 2076 940 2114 VIII,
960 2079 1027 2108 113.
1040 2087 1122 2115 seqq.

177 2127 218 2134 -—
240 2116 284 2148 10)
308 2115 356 2143 Sic
380 2116 435 2143 Gu.
448 2119 473 2147 1.
496 2133 537 2138 --
560 2119 615 2156 qui
626 2129 723 2155 germ-s·
736 2128 751 2146 e
765 2118 867 2156 Virgil.
887 2120 972 2148 Arev.
988 2136 1025 2141 —
1043 2119 1126 2158 quod

177 2155 255 2193 vulg.
274 2171 316 2178 —
339 2161 382 2192 11)
403 2158 452 2186 Sic
476 2169 523 2187 va.
539 2176 579 2182 -—
601 2171 681 2188 anns
704 2159 827 2188 domam
851 2162 907 2190 Gu.
930 2166 956 2193 1.
979 2178 1020 2183 —
1043 2160 1121 2189 unde

176 2195 262 2225 domo
283 2198 372 2230 Arev.
391 2211 406 2229 e
422 2200 525 2239 virgil.
550 2217 587 2224 —
611 2202 692 2231 unde
714 2202 821 2231 domm
845 2204 927 2241 vulg.
951 2222 991 2225 —
1018 2202 1064 2244 ΓΔ)
1089 2205 1118 2231 [ll

177 2239 233 2268 Gn.
248 2242 274 2271 1.
296 2257 337 2263 —
363 2245 410 2277 13)
434 2244 481 2271 Sic
506 2245 562 2273 Gu.
579 2248 604 2276 1.
626 2261 667 2267 —
690 2248 880 2282 responsivae
894 2247 973 2281 vulg.
996 2262 1032 2267 —
1075 2245 1119 2284 14)

174 2281 255 2320 Virg.
282 2282 353 2312 Aen.
371 2284 426 2321 VI,
449 2287 521 2317 365.
541 2303 582 2310 —-
615 2286 660 2326 15)
683 2288 759 2324 sina
784 2289 840 2316 tibi
865 2300 879 2317 e
906 2290 984 2326 Virg.
1008 2288 1078 2317 Aen.
1098 2289 1118 2323 I,

175 2325 245 2356 257.
267 2325 382 2354 addidit
403 2328 491 2358 Arev.
514 2345 554 2350 —
589 2329 632 2367 16)
656 2329 704 2358 Sic
729 2332 784 2359 Gu.
802 2334 826 2363 1.
848 2341 892 2359 va.
918 2332 953 2359 ul.
978 2348 1018 2353 --
1050 2342 1117 2359 cam.

176 2367 296 2404 impuls.
314 2369 392 2407 vulg.
418 2387 459 2392 —
482 2371 528 2408 17)
551 2372 569 2400 l
585 2383 704 2411 sequere
728 2372 815 2402 Arev.
841 2383 855 2401 e
876 2373 954 2412 Virg.
982 2372 1051 2402 Aen.
1070 2373 1107 2402 [v

1169 1992 1258 2020 Goth.
1275 2009 1315 2013 —-
1333 1990 1383 2028 23)
1399 2001 1474 2029 quae
1487 2000 1542 2017 om.
1561 1999 1605 2028 pr.
1621 1990 1659 2018 al.
1673 2005 1714 2010 -
1730 1988 1774 2027 2⁷4)
1796 1990 1889 2018 Locus
1905 1996 1948 2019 est
1964 2001 1978 2020 e
1997 1992 2115 2020 Petron.

1167 2036 1262 2074 Satyr.
1280 2045 1344 2073 cap.
1359 2035 1407 2065 68.
1431 2037 1506 2061 extr.
1524 2032 1568 2061 ed.
1589 2031 1798 2061 Amstetodam.
1818 2035 1906 2063 1700.
1929 2049 1972 2055 —-
1997 2035 2024 2062 O
2037 2036 2115 2062 cla-es

1167 2088 1226 2105 non
1250 2083 1293 2106 est.
1315 2075 1395 2114 apud
1419 2075 1535 2103 Petron.
1562 2091 1595 2095 —-
1618 2077 1664 2110 L25)
1689 2075 1719 2102 in
1742 2074 1765 2103 I.
1791 2075 1875 2103 Catil.
1891 2075 1924 2111 4,
1947 2078 1977 2107 9,
2000 2092 2042 2098 —-
2064 2077 2113 2114 26)

1168 2121 1248 2158 Virg.
1273 2121 1342 2148 Aen.
1359 2118 1441 2153 VIII,
1465 2118 1538 2149 364.
1562 2133 1604 2138 ·—
1626 2116 1674 2155 97)
1697 2127 1711 2144 e
1733 2117 1788 2146 Gu.
1812 2120 1837 2148 1.
1869 2134 1904 2139 —
1939 2118 1987 2155 98)
2014 2118 2114 2156 Quid-

1166 2174 1201 2190 ηε
1225 2162 1280 2191 Gu,
1298 2164 1324 2193 1,
1345 2177 1387 2181 ν-
1419 2161 1529 2199 quirini
1547 2160 1603 2188 Gn.
1618 2161 1644 2190 2,
1673 2176 1711 2180 -
1744 2162 1787 2193 29)
1812 2165 1840 2187 et
1859 2159 1983 2187 habebis
2004 2161 2063 2191 Gu,
2084 2164 2110 2191 1,

1165 2209 1193 2237 2.
1208 2215 1252 2245 pr.
1270 2215 1316 2233 va.
1340 2204 1434 2231 Locus
1452 2207 1495 2230 est
1515 2212 1550 2229 ex
1572 2201 1694 2241 parodia
1712 2202 1813 2239 Virgil.
1839 2202 1891 2231 Ge.
1909 2202 1939 2238 Ι,
1961 2205 2033 2234 299.
2057 2213 2110 2232 or·

1166 2253 1230 2280 luS,
1262 2246 1310 2275 ubi
1336 2250 1381 2274 est
1406 2244 1520 2273 Nudus
1541 2256 1612 2280 ara,
1641 2256 1701 2272 scre
1728 2244 1847 2272 nudus:
1873 2244 1968 2272 hiems
1993 2247 2109 2284 ignava

1163 2291 1272 2319 colono.
1306 2289 1383 2316 citat
1403 2286 1483 2315 hunc
1508 2297 1625 2315 versum
1651 2287 1773 2315 Servius
1796 2286 1832 2314 ad
1856 2286 1935 2323 Virg.
1959 2288 1977 2316 l.
2000 2297 2024 2317 e.
2050 2289 2108 2317 Pro

1161 2343 1266 2360 messes
1284 2330 1364 2370 apud
1380 2331 1460 2358 Serv.
1483 2334 1563 2358 recte
1586 2335 1629 2358 est
1645 2330 1755 2367 febre-9.
1777 2345 1819 2351 —
1841 2331 1888 2364 30)
1913 2330 1993 2368 Virg.
2009 2330 2108 2369 Georg

1160 2375 1204 2412 II,
1227 2377 1299 2407 299.
1323 2389 1363 2394 ——
1394 2373 1442 2410 31)
1466 2373 1512 2400 Sic
1537 2372 1594 2402 Gu.
1613 2375 1638 2404 1.
1666 2390 1696 2394 -
1724 2372 1886 2399 mirativae
1902 2373 2106 2411 vulg—mi-
