2255 2819
234 137 308 173 438

235 231 351 270 habet,
378 240 397 260 a
425 223 648 270 septentrione
674 230 765 252 mare
792 229 964 263 magnum,
992 231 1011 253 a
1038 219 1178 252 meridie
1208 230 1287 252 vero
1316 219 1471 251 introrsus

936 125 1113 160 ISIDORI
1138 124 1320 159 HISPAL.
1346 125 1491 160 EPISC.

1484 215 1495 236 ¹
1521 220 1664 263 recedit,
1700 217 1927 266 pertendens²
1953 219 2084 265 usque³
2110 223 2180 256 Ae-

235 283 369 327 thiopes
380 276 406 321 ⁴¹,
434 276 527 321 regio
552 272 638 308 coeli
664 270 824 302 imbribus
851 272 976 304 insueta
1003 276 1036 304 et
1063 271 1249 315 pluviarum
1277 271 1404 315 ignara.

400 327 459 362 28.
512 325 605 358 Nilus
632 322 720 355 solus
747 333 820 355 eam
849 323 1079 356 circumfluens
1107 323 1232 366 irrigat,
1270 328 1302 354 et
1328 322 1544 356 inundatione
1576 335 1634 356 sua
1670 323 1868 364 foecundat,
1904 324 1994 357 unde
2031 330 2064 357 et
2090 325 2182 358 ferax

235 384 387 429 frugibus
414 378 550 411 multam
578 380 707 419 partem
730 378 888 406 terrarum
926 375 1091 407 frumento
1127 375 1205 415 alit,

234 441 270 470 ut
296 433 434 477 impleat
460 426 651 461 necessariis
677 425 842 459 mercibus
870 426 965 459 etiam
995 423 1136 459 orbem⁶
1163 430 1333 458 terrarum.

1231 378 1440 407 caeterorum
1474 372 1634 418 quoque⁵
1670 376 1881 421 negotiorum
1918 376 2004 408 adeo
2032 377 2181 420 copiosa,

1392 425 1482 458 Finis
1498 424 1510 443 ⁷
1536 428 1685 471 Aegypti
1713 427 1864 472 Canopia
1877 424 1889 443 Β
1916 439 1934 459 a
1948 427 2087 473 Canope
2103 428 2181 461 Me—

237 486 323 521 nelai
350 482 576 528 gubernatore
602 478 733 522 sepulto
760 478 793 509 in
816 490 854 510 ea
881 478 998 519 insula,
1026 490 1111 521 quae
1138 477 1266 520 Lib-yae
1293 477 1493 521 principium
1525 483 1559 510 et
1584 480 1702 512 ostium
1730 479 1797 513 Nili
1824 478 1913 512 facit.

399 531 458 565 29.
511 532 608 564 Seres
635 529 802 573 oppidum
826 530 968 569 orientis,
997 542 1015 562 a
1045 540 1112 573 quo
1142 534 1173 561 et
1199 540 1305 572 genus
1332 529 1484 562 Sericum
1522 535 1554 562 et
1580 531 1674 575 regio
1707 536 1897 575 nuncupata
1931 535 1988 564 est.

2039 530 2136 564 Haec
2163 541 2183 563 a

233 581 421 632 Scythico⁰
451 583 590 616 Oceano
619 587 652 614 et
685 581 767 614 mari
794 581 916 625 Caspio
951 582 992 614 ad
1019 581 1192 615 Oceanum
1228 580 1421 613 orientalem
1454 581 1647 622 inflectitur,
1678 583 1844 616 nobilibus
1881 582 2055 614 frondibus
2088 581 2184 614 ferti-

236 636 321 679 lis¹⁰‚
351 649 368 670 e
397 632 548 679 quibus¹¹

401 687 459 721 30.
514 686 670 720 Bactriae
698 685 826 729 regioni
853 686 1008 729 proprius
1035 685 1140 717 amnis
1167 684 1309 717 Bactrus

235 737 331 775 nae¹ss
358 746 442 779 sunt,
470 735 613 782 pronisH
640 737 726 781 iugis
754 737 962 776 ambiuntur,
997 748 1082 780 quae
1110 735 1267 768 adversae
1294 742 1384 776 sunt,
1421 736 1493 768 lndi
1521 737 1612 769 fluvii
1639 737 1785 769 sontibus
1811 737 2034 770 terminantur.

825 788 928 821 Mittit
951 784 1118 822 Bactriaffl
1145 787 1338 819 fortissimos
1365 788 1512 820 camelos
1540 800 1708 831 nunquam
1738 793 1911 821 atterentes
1932 788 2048 833 pedes,

515 839 655 883 Scythia
683 840 764 873 sicut
792 844 824 871 et
851 840 979 872 Gothia
1007 852 1025 872 a
1052 839 1187 883 Magog
1220 835 1326 871 filio19
1357 836 1512 883 laphet²⁰
1544 840 1650 873 fertur
1684 841 1935 884 cognominata,
1974 839 2065 873 cuius
2096 844 2185 872 terra

590 916 599 932 ,
634 903 710 923 nam
738 892 780 923 ab
813 892 938 924 oriente
971 891 1083 932 India,
1117 902 1135 922 a
1157 890 1379 933 septentrione
1408 903 1468 935 per
1502 892 1643 935 paludes
1670 891 1860 924 Maeotides
1884 891 1967 924 inter
1992 891 2184 923 Danubium

240 951 273 979 et
301 945 473 978 Oceanum
500 955 603 987 usque
628 943 670 975 ad
699 943 900 976 Germaniae
928 944 1008 976 lines
1035 943 1277 987 porrigebatur.

235 805 299 838 qua
326 791 466 825 includit
493 789 610 823 Ochus
645 788 771 821 fluvius.

401 841 461 875 31.

236 895 314 927 olim
344 893 406 925 fuit
438 894 555 937 ingens
563 888 585 908 ²¹

576 633 700 666 vellera
728 633 962 677 decerpuntur,
993 645 1078 676 quae
1106 638 1310 666 caeterarum
1338 629 1520 677 gentium¹2
1547 633 1645 666 Seres
1666 634 1709 666 ad
1736 646 1829 667 usum
1861 634 1999 666 vestium
2027 633 2182 666 vendunt.

1319 680 1342 700 ¹³
1363 681 1516 717 nomen¹4
1539 684 1642 717 dedit.
1694 685 1808 718 Partes
1830 682 1969 726 huius¹⁵‚
1993 696 2078 728 quae
2105 685 2183 729 pla-

2087 736 2185 769 Reli-

1332 943 1449 975 Postea
1475 955 1554 976 vero
1583 944 1691 976 minor
1715 944 1856 983 effecta,
1884 955 1902 975 a
1931 942 2045 975 dextra
2073 942 2185 974 orien-

237 999 276 1030 tis
299 1001 404 1041 parte,
430 1007 497 1038 qua
520 995 674 1028 Oceanus
702 995 836 1037 Syricns
860 995 1004 1028 tenditur
1030 1007 1133 1038 usque
1161 994 1203 1026 ad
1232 1005 1322 1026 mare
1350 993 1519 1038 Caspium..
1548 995 1639 1037 quod
1677 1001 1723 1028 est
1744 995 1788 1028 ad
1816 1005 1984 1034 occasum,
2012 993 2138 1027 dehinc
2163 1004 2185 1027 a

236 1048 374 1081 meridie
397 1058 499 1090 usque
526 1047 569 1078 ad
599 1046 737 1078 Caucasi
766 1047 881 1090 iugum
905 1047 1050 1079 deducta
1079 1052 1143 1087 est,
1179 1045 1231 1078 cui
1257 1046 1404 1078 subiacet
1431 1047 1611 1088 Hir-cama,
1643 1047 1685 1079 ab
1720 1058 1840 1080 occasu
1875 1042 2034 1079 habens²²
2062 1045 2186 1090 pariter

235 1100 354 1133 multas
375 1104 491 1143 gentes
505 1095 540 1135 ²²³,
570 1103 708 1141 propter
736 1095 930 1130 terrarum²³
956 1099 962 1105 ⁸

402 1149 460 1182 32.

236 1201 388 1235 humanis
416 1205 447 1232 et
476 1211 590 1232 eorum
627 1199 787 1243 sanguine
814 1200 932 1232 vivunt.

955 1098 1253 1131 infoecunditatem
1281 1097 1347 1129 late
1375 1103 1543 1141 vagantes,

515 1149 568 1180 Ex
601 1149 720 1191 quibus
755 1149 920 1190 quaedam
955 1161 1056 1193 agros
1093 1149 1258 1188 incolunt,
1302 1149 1468 1191 quaedam
1509 1145 1778 1193 portentuosae25
1819 1160 1859 1181 ac
1891 1155 1999 1181 truces
2035 1147 2186 1181 carnibus

986 1200 1147 1243 Scythiae
1182 1199 1294 1242 plures
1327 1205 1434 1231 terrae
1468 1206 1541 1233 sunt
1568 1200 1777 1244 locupletes,
1810 1199 2044 1233 inhabitabiles
2075 1205 2186 1232 tamen

236 1255 357 1298 plures,
385 1263 463 1284 narn
491 1251 570 1284 dum
599 1251 630 1283 in
658 1252 827 1294 plerisque
866 1251 947 1285 locis
980 1262 1061 1284 auro
1096 1256 1129 1283 et
1162 1251 1304 1294 gemmis
1338 1249 1522 1291 afssuu1rt²“,
1556 1251 1768 1295 gryphorum
1803 1251 2004 1284 immanitate
2038 1261 2186 1283 accessus

236 1305 410 1338 hominum
438 1314 529 1335 rarus
556 1307 612 1336 est.

237 1358 349 1390 stallus
378 1355 567 1400 purissimus
591 1353 750 1397 Scythiae
773 1360 830 1387 est.

403 1406 462 1439 33.

666 1303 860 1347 Smaragdis
875 1300 899 1319 ²³
927 1309 1037 1335 autem
1066 1302 1199 1346 optimis
1221 1301 1307 1335 haec
1335 1303 1444 1346 patria
1466 1299 1558 1336 estffi.

884 1355 997 1388 Habet
1023 1352 1091 1387 et²⁹
1116 1355 1253 1386 flumina
1279 1365 1402 1397 magna
1427 1353 1649 1388 Moschorum

516 1406 683 1449 Hyrcania
713 1406 799 1437 dicta
829 1418 847 1438 a
875 1407 953 1438 siha
979 1407 1147 1449 lipsana,
1185 1417 1271 1448 qnae
1299 1406 1459 1449 Scythiae
1494 1406 1657 1445 subiacet,
1695 1405 1822 1438 habens
1855 1406 1898 1438 ab
1936 1405 2062 1438 oriente
2095 1415 2188 1437 mare

238 1458 408 1501 Caspium,
437 1470 456 1489 a
484 1458 623 1490 meridie
650 1458 853 1495 Armeniam,
881 1470 898 1489 a
920 1459 1143 1501 septentrione
1171 1457 1366 1497 Albaniam,
1404 1458 1446 1490 ab
1474 1469 1594 1490 occasu
1624 1457 1777 1490 iberiam.

1611 1302 1764 1345 Cyaneus
1789 1314 1924 1345 quoque
1950 1303 2035 1345 lapis
2062 1307 2095 1334 et
2108 1312 2186 1345 cry-

1659 1350 1694 1393 30,
1729 1353 1898 1387 Phasiden
1922 1361 2022 1396 atque
2045 1354 2188 1401 Araxen.

1831 1457 1891 1490 Est
1925 1462 2035 1491 autem
2068 1452 2185 1488 silvis³¹

238 1521 365 1554 aspera,
394 1509 531 1553 copiosa
555 1509 753 1540 immanibus
782 1509 875 1547 seris,
902 1509 1044 1552 tigribus
1065 1508 1300 1553 pantherisque
1328 1506 1392 1541 et³²
1420 1509 1551 1552 pardis:
1580 1509 1624 1541 de
1650 1520 1716 1553 qua
1745 1505 1952 1553 Virgilius³³z

470 1560 730 1604 Hyrcanaeque
742 1556 765 1575 ³⁴
795 1561 983 1593 admorunt
1011 1560 1122 1593 ubera
1150 1561 1272 1605 tigres.

406 1610 462 1643 34.
518 1612 661 1644 Albania
688 1624 706 1643 a
734 1612 849 1644 colore
884 1613 1004 1656 populi
1033 1608 1166 1651 dicta³¹³‚
1207 1623 1247 1643 eo
1276 1610 1368 1654 quod
1407 1611 1487 1643 albo
1519 1610 1609 1644 crine
1643 1606 1863 1646 nascunturffi.

1916 1610 2013 1642 Haec
2045 1609 2088 1641 ab
2119 1609 2184 1641 ori-

241 1668 314 1694 ente
342 1662 402 1694 sub
430 1663 512 1695 mari
541 1659 701 1707 Caspio³⁷
729 1674 876 1708 surgens,
905 1676 965 1708 per
993 1661 1082 1696 oman
1110 1664 1235 1697 Oceani
1257 1662 1520 1707 septentrionalis
1551 1674 1653 1706 usque
1681 1662 1725 1695 ad
1747 1661 1936 1695 Maeotides
1958 1660 2099 1705 paludes
2125 1671 2186 1704 per

328 1777 352 1815 1)
379 1785 527 1807 ›uror-sus
558 1780 601 1808 cd.
628 1780 716 1808 Goth.
743 1796 785 1802 —-
822 1784 848 1816 S)
869 1780 1006 1819 pretend.
1036 1782 1068 1809 Z.
1092 1798 1132 1803 ——
1163 1779 1192 1821 3)

243 1819 328 1855 Vulg.
353 1831 447 1858 usqne·
470 1822 520 1859 acl,
545 1824 597 1851 sed
622 1823 665 1850 ml
687 1833 743 1851 om.
768 1824 823 1851 Gu.
845 1827 870 1855 1.
892 1840 933 1844 —
956 1827 983 1859 4)
1009 1825 1057 1852 Sic
1083 1826 1130 1852 Ar.
1154 1842 1190 1846 —

243 1862 422 1899 Aethiopum
451 1865 506 1893 Gu.
535 1869 557 1895 1.
584 1883 622 1886 —
656 1866 853 1904 Aellzinpiam
878 1867 957 1904 vulg.
981 1883 1022 1888 —-
1060 1865 1088 1904 5)
1112 1873 1193 1895 cete-

243 1914 404 1941 rorumqm
430 1908 486 1935 (ἆυ.
509 1910 534 1938 2.
559 1924 597 1928 —
625 1907 653 1946 6)
678 1920 792 1936 annum
816 1911 905 1936 eliam
931 1909 990 1936 ml).
1014 1910 1106 1943 vum„
1141 1909 1194 1937 sed

244 1957 357 1974 omnem
380 1958 436 1976 om.
458 1949 487 1975 Z.
513 1950 567 1976 Gu.
588 1953 651 1981 1.2.
674 1961 716 1979 va.
743 1962 788 1990 pr,
814 1967 851 1973 ——-
884 1949 914 1989 7)
928 1952 1010 1989 fines
1033 1953 1053 1979 Z
1088 1969 1128 1973 —
1162 1954 1192 1988 8)

247 1989 387 2026 Canopea
418 1990 447 2017 Z.
478 2000 525 2017 va.
560 1991 610 2019 Ar.
639 2009 679 2014 —
711 1994 740 2033 9)
757 1995 794 2022 ab
814 1997 861 2022 Sc.
884 1995 914 2022 Z.
939 1996 994 2022 (ἆυ.
1026 1998 1052 2026 2,
1086 2005 1131 2023 ra.
1154 2011 1195 2016 —

245 2033 291 2069 10)
316 2031 364 2060 Sic
387 2032 418 2060 Z.
451 2032 506 2060 Gu.
533 2036 557 2062 1.
578 2036 604 2063 2.
624 2044 669 2062 va.
691 2053 726 2056 —
742 2036 963 2073 J'ertr'l.srontl.
983 2038 1062 2074 vulg.
1088 2053 1125 2058 -
1152 2036 1195 2073 11)

245 2085 258 2102 e
291 2074 373 2112 quib.
411 2084 466 2112 pro
498 2084 518 2101 a
549 2076 629 2112 quib.
661 2078 690 2105 Z,
723 2079 781 2106 Gu.
806 2083 831 2110 1.
857 2082 886 2110 2.
917 2096 958 2100 —
1009 2084 1054 2117 12)
1085 2080 1134 2107 Sic
1165 2080 1196 2107 Z.

245 2116 301 2144 Gu.
322 2120 348 2148 1.
364 2119 392 2148 2.
415 2126 460 2154 pr.
485 2126 528 2144 va.
552 2118 618 2150 Ar.‚
648 2120 699 2156 qui
729 2121 798 2149 add.
826 2123 1004 2149 commercia
1033 2122 1196 2149 abnuente-9

245 2168 259 2186 e
282 2159 374 2188 Solin.
404 2168 428 2188 e.
452 2159 502 2190 43.
527 2174 562 2180 —-
588 2163 690 2187 celeri-s·
708 2165 848 2199 gentibus
879 2165 959 2201 vulg.
981 2180 1023 2186 -
1062 2165 1108 2201 13)
1135 2167 1197 2192 Ba-

246 2206 325 2228 ctros
347 2201 379 2230 Ζ.
403 2216 442 2222 -
479 2205 521 2234 14)
547 2201 595 2229 Sic
625 2203 682 2230 Gu.
710 2207 734 2233 1.
759 2221 800 2227 --
832 2207 1015 2234 vocabulum
1047 2207 1126 2244 vulg.
1150 2223 1193 2230 -—-·

248 2243 294 2279 15)
319 2243 367 2270 Sic
390 2243 419 2270 Z.
445 2243 500 2270 Gu.
521 2247 547 2274 1.
575 2260 617 2265 —
640 2246 705 2272 ems
725 2247 804 2284 vulg,
829 2265 869 2269 --
902 2249 1126 2287 16)pl2‘1111eal.
1145 2261 1194 2278 va.

249 2301 284 2307 -
307 2295 382 2323 pone
404 2286 452 2313 Ar.
478 2300 514 2307 —
548 2285 590 2322 17)
614 2286 662 2314 Sic
687 2287 744 2316 Gu.
764 2292 790 2319 1.
816 2300 875 2317 var.
899 2291 967 2320 lect.
985 2301 1032 2329 ap.
1046 2291 1135 2322 Goth.
1152 2309 1194 2315 —

243 2328 411 2365 propansis
441 2328 520 2365 vulg.
544 2342 580 2349 -—
614 2330 804 2367 Paroprzmisr'
827 2334 908 2369 iugis
939 2333 1026 2361 Arev.
1059 2344 1073 2362 e
1102 2335 1192 2363 Soh'n.

249 2380 273 2398 ε,
297 2372 345 2402 62.
370 2387 407 2392 —
433 2369 480 2407 18)
504 2371 635 2399 Bactria
657 2374 751 2400 mittit
784 2373 839 2401 Gu.
861 2377 889 2405 2.
920 2392 959 2397 —
996 2378 1042 2412 19)
1069 2378 1107 2404 Sc
1139 2379 1191 2407 sic.

1239 1781 1328 1809 Goth.
1353 1785 1378 1808 et
1401 1791 1420 1807 a
1443 1780 1527 1818 Mag.
1560 1779 1614 1807 Gu⁴
1636 1782 1659 1810 1.
1683 1795 1724 1801 —·
1754 1781 1800 1816 ΞΟ)
1825 1779 1911 1809 Geth.
1937 1780 1993 1808 Gu.
2016 1781 2045 1809 Ξ.
2069 1793 2106 1799 -—
2138 1774 2187 1815 21)

1237 1825 1283 1851 Sic
1309 1825 1365 1852 Gu.
1392 1826 1417 1852 1.
1443 1839 1477 1843 —
1507 1824 1612 1859 Ingens
1638 1823 1705 1858 suit
1729 1822 1810 1859 vulg.
1834 1838 1877 1843 —
1913 1822 1963 1857 99)
1987 1821 2128 1848 habente-5
2156 1820 2186 1847 Z.

1237 1868 1338 1898 Gu.2.
1363 1882 1401 1886 —-
1430 1867 1475 1901 23)
1507 1866 1555 1892 Sic
1581 1866 1634 1892 Gu.
1656 1868 1682 1895 1.
1706 1880 1749 1886 -—
1768 1871 1871 1903 gentes
1899 1865 2013 1892 multas
2040 1863 2123 1900 vulg.
2145 1878 2187 1884 —

1236 1912 1280 1946 94)
1300 1920 1356 1947 per
1373 1914 1527 1946 petrarum
1552 1908 1583 1937 Z,
1607 1923 1647 1929 —
1677 1907 1724 1941 25)
1743 1913 1934 1945 portentosae
1960 1908 2050 1936 Arev.
2071 1921 2113 1927 —-
2138 1901 2186 1944 26)

1237 1952 1284 1980 sic
1309 1954 1363 1981 (iu,
1383 1954 1407 1982 1.
1432 1967 1471 1971 —
1494 1951 1630 1988 affluant
1655 1950 1735 1986 vulg.
1765 1966 1806 1971 —
1845 1950 1894 1987 27)
1915 1947 2097 1987 Zmaragdia·
2125 1946 2185 1976 Gu.

1239 1997 1266 2026 2.
1293 2011 1330 2016 —
1354 1993 1549 2031 28)‹›1›t1mus
1571 1994 1662 2020 lucius
1681 1993 1806 2030 patriae
1827 1998 1869 2020 est
1892 1993 1922 2021 Z.
1948 2011 1985 2015 --
2009 1989 2056 2030 29)
2079 1995 2106 2017 et
2128 1998 2186 2017 om.

1240 2038 1272 2067 Z.
1296 2052 1337 2057 -
1365 2038 1412 2070 30)
1445 2037 1491 2063 sic
1515 2036 1601 2065 Arev.
1621 2046 1635 2064 e
1660 2035 1753 2063 Solin.
1786 2045 1811 2063 c.
1834 2035 1885 2066 25.
1915 2035 1988 2065 Plin.
2017 2033 2053 2062 H.
2075 2032 2110 2061 N.
2134 2030 2185 2066 VI,

1239 2082 1268 2111 4,
1291 2094 1332 2100 -
1365 2079 1496 2107 Oscor-on
1519 2079 1599 2115 vulg.
1623 2095 1665 2103 -ψ
1696 2080 1845 2105 Oscorum
1875 2078 1906 2105 Z.
1937 2078 1993 2107 Gu.
2019 2079 2045 2107 1.
2077 2085 2121 2113 pr.
2148 2089 2183 2095 -—

1239 2122 1390 2150 Ascurum
1424 2122 1479 2148 Gu.
1500 2123 1527 2152 2.
1548 2137 1589 2142 —
1619 2122 1668 2157 31)
1690 2120 1739 2148 Sic
1762 2121 1793 2150 Z.
1817 2121 1871 2148 Gu.
1897 2122 1924 2150 1.
1944 2123 1972 2151 2.
2000 2129 2050 2147 va.
2071 2118 2122 2146 Ar.
2147 2132 2183 2139 -

1239 2165 1319 2192 silva
1349 2163 1429 2200 vulg.
1460 2180 1501 2185 —·
1536 2163 1584 2202 32)
1608 2168 1633 2191 ct
1664 2173 1718 2201 pro
1741 2174 1777 2191 ac
1805 2164 1837 2191 Z.
1864 2162 1921 2190 Gu.
1948 2165 1974 2192 1.
1997 2164 2028 2192 2.
2060 2176 2097 2182 -·-
2137 2158 2185 2194 33)

1236 2209 1306 2236 Aen.
1330 2206 1378 2241 IV,
1401 2208 1471 2236 307.
1493 2222 1534 2228 ·—
1563 2205 1609 2243 34)
1634 2207 1833 2244 ,Um-canique
1854 2206 1888 2234 Z.
1916 2220 1960 2227 -
1987 2202 2035 2244 35)
2058 2203 2105 2231 Sic
2129 2201 2184 2228 Gu.

1238 2253 1264 2282 1.
1289 2265 1326 2270 —-
1351 2254 1530 2286 nuncupata
1554 2250 1635 2286 vulg.
1660 2264 1700 2270 —-
1729 2249 1778 2284 36)
1801 2248 1849 2276 Sic
1873 2248 1930 2276 Gu.
1952 2249 1980 2278 1.
2002 2246 2041 2274 al.
2061 2260 2102 2267 --
2125 2254 2183 2271 na—

1235 2296 1361 2319 scantur
1388 2292 1469 2329 vulg.
1503 2308 1545 2312 —
1581 2291 1626 2327 37)
1653 2291 1707 2319 sub
1740 2302 1821 2319 mare
1851 2291 1997 2327 Caspium
2032 2287 2118 2315 Arev.
2143 2301 2184 2307 —-

1235 2338 1282 2369 33)
1306 2345 1389 2361 oram
1423 2335 1471 2362 Ar.
1505 2351 1541 2355 -
1576 2332 1626 2372 30)
1650 2334 1698 2362 Sic
1721 2334 1750 2363 Z.
1775 2334 1812 2362 al.
1843 2350 1880 2355 ·—-
1912 2332 1987 2358 Hiis
2010 2330 2068 2359 Gn.
2092 2331 2119 2359 1.
2145 2343 2182 2349 -·

1235 2378 1322 2405 Huic
1350 2377 1429 2414 vulg.
1453 2393 1495 2399 -—
1522 2376 1570 2412 40)
1594 2378 1685 2403 ctiam
1708 2375 1810 2404 addidi
1832 2385 1846 2402 e
1871 2374 1926 2402 Gu.
1946 2376 1972 2404 1.
1995 2388 2031 2393 —
2061 2370 2110 2411 41)
2133 2370 2183 2399 Sic
