2264 2830
797 94 1043 131 ORIGINUM
1086 95 1231 129 LIBER
1260 96 1316 130 vl.
1963 99 2038 133 197

82 201 115 230 et
151 203 360 240 gemmarum
396 191 580 235 sculptores
613 191 867 223 scarabaeorum
902 196 1018 234 terga,
1051 191 1172 233 quibus
1207 191 1287 224 nihil
1322 196 1369 225 est
1396 191 1551 233 viridius,
1586 190 1727 225 subinde
1764 191 1958 236 respiciunt,
2003 200 2035 227 et

82 248 227 293 pictores
254 245 343 278 idern
369 243 509 283 faciunt,
545 247 579 274 ut
606 242 755 275 laborem
783 243 868 275 visus
896 253 1012 275 eorum
1042 243 1204 275 viriditate
1227 240 1421 277 recreentffl’.

246 297 281 331 ⁴,
335 295 533 327 Membrana
558 298 668 325 autem
697 291 788 326 aut³⁹
815 294 975 335 candida,
1010 299 1067 326 aut
1094 295 1199 334 lutea,
1234 301 1289 327 aut
1323 306 1492 340 purpurea
1520 298 1603 329 sunt.
1656 293 1810 327 Candida
1843 295 2034 329 naturaliter

81 350 231 384 existunt.
286 348 428 381 Luteum
456 346 684 378 membranum
713 346 842 380 bicolor
869 350 936 387 est,
963 345 1057 388 quod
1086 358 1104 378 a
1133 347 1326 380 confectore
1354 359 1418 380 una
1445 347 1581 391 tingitur
1592 342 1617 362 ⁴⁰
1643 350 1758 389 parte,
1782 345 1816 378 id
1845 351 1893 379 est
1918 357 2032 381 croca—

81 406 133 435 tur
146 398 181 434 ⁴¹.
233 401 286 433 De
312 409 379 442 quo
404 397 532 430 Persius
549 393 587 429 ¹²:

310 451 391 483 lum
413 448 499 482 liber
523 452 555 481 ct
578 448 703 493 positis
730 447 862 481 bicolor
889 447 1097 481 membrana
1124 449 1274 493 cupillis.

245 500 279 535 5.
332 503 505 545 Purpurea
533 512 612 534 vero
640 500 829 534 inficiuntur
855 500 971 535 colore
997 511 1182 545 purpureo,
1221 501 1253 533 in
1281 499 1403 544 quibus
1435 511 1552 534 aurum
1581 505 1613 533 et
1639 504 1817 545 argentum
1844 500 2031 544 liquescens

79 558 230 601 patescat
260 555 293 587 in
320 549 464 586 literis⁴³.

501 637 653 671 CAP.
707 637 781 672 Xll.
859 636 930 671 De
982 636 1155 671 libris
1207 636 1609 684 conficiendis.

244 709 276 743 l,
327 706 504 748 Quaedam
539 703 708 738 ηοιηίιιῑι,Η
736 707 896 739 librorum
930 706 1022 750 apud
1055 706 1197 751 gentiles
1232 707 1329 741 certis
1363 706 1504 739 modulis
1538 704 1808 739 conficiebantur.
1869 705 2031 739 Breviore

74 761 185 795 forma
220 759 366 795 carmina
401 763 500 801 atque
531 758 702 802 epistolae.
763 758 808 790 At
835 769 915 790 vero
943 758 1101 791 historiae
1128 759 1255 791 maiore
1269 755 1294 775 ⁴5
1321 758 1463 792 modulo
1490 757 1737 797 scribebantur,
1770 762 1802 789 et
1828 768 1894 789 non
1922 758 2029 791 solum

76 813 108 845 in
136 817 226 846 carta
252 812 306 845 vel
334 811 367 843 in
394 810 612 851 membranis,
641 809 700 842 sed
728 810 827 843 etiam
855 806 919 842 in⁴G
947 811 1086 844 omentis
1096 807 1120 827 ⁴⁷
1149 810 1370 855 elephantinis
1396 810 1630 853 textilibusque
1656 809 1839 842 malvarum
1865 809 1951 841 soliis
1978 814 2029 842 at·

75 876 141 908 que
167 865 366 910 palmarum.

240 916 276 951 2.
329 913 430 947 Cuius
457 912 588 957 generis
617 912 724 946 Cinna
750 912 796 947 sic
822 912 986 946 meminit:

304 965 406 999 Haec
430 964 492 996 tibi
518 964 664 997 Arateis
678 961 703 981 *Β
729 965 875 997 multum
902 965 1060 1010 vigilata
1087 965 1239 999 lucernis

407 1016 595 1058 Carmina,
624 1013 734 1060 φάε-’9
761 1017 863 1061 ignes
876 1013 901 1033 ⁵⁰
927 1017 1084 1049 novimus
1111 1012 1329 1051 aetherios-⁵¹.

308 1067 411 1101 Levis
437 1068 471 1100 ἱη
499 1064 674 1100 aridulo⁵²
700 1069 843 1101 malvae
870 1068 1052 1113 descripta
1080 1068 1198 1103 libello

399 1119 576 1152 Prusiae«
587 1115 612 1135 ⁵³
638 1120 718 1152 vesi
729 1116 753 1136 ⁵⁴
779 1131 928 1152 munera
955 1121 1131 1153 navicula.

237 1169 270 1204 3.
325 1169 529 1205 Circumcidi
556 1171 661 1204 libros
688 1171 821 1205 Siciliae
843 1172 990 1217 primum
1021 1167 1246 1207 increbruitffi.

73 1221 224 1256 Catullus
251 1223 297 1255 ait
307 1218 349 1254 ⁵⁶:

302 1272 368 1306 Cui
395 1273 486 1305 dono
514 1273 672 1318 lepidum
699 1285 824 1306 novum
847 1272 1002 1306 libellum

299 1323 415 1357 Arida
437 1324 543 1356 modo
565 1325 708 1369 pumice
735 1322 954 1370 erpolae'tum?

483 1408 636 1442 CAP.
688 1410 780 1444 XIII.
858 1409 933 1443 De
986 1408 1251 1442 librorum
1303 1405 1606 1440 vocabulis.

235 1477 268 1512 l.
322 1476 442 1510 Codex
467 1477 651 1510 multorum
678 1478 841 1511 librorum
869 1483 932 1520 est,
968 1477 1054 1510 liber
1085 1477 1179 1510 unius
1214 1475 1400 1508 voluminis.
1453 1475 1500 1507 Et
1526 1474 1633 1506 dictus
1659 1472 1768 1507 codex
1795 1483 1857 1517 per
1882 1472 2019 1504 transla-

70 1529 196 1561 tionem
220 1539 239 1560 a
267 1528 440 1563 codicibus
450 1525 475 1545 ⁵⁷
501 1529 670 1571 arborum,
696 1541 753 1563 seu
781 1529 907 1571 vitium,
933 1529 1028 1574 quasi
1052 1529 1192 1570 caudex,
1215 1527 1308 1572 quod
1328 1527 1361 1559 in
1381 1537 1416 1560 se
1427 1522 1453 1543 ⁵⁸
1478 1525 1725 1559 multitudinem
1745 1524 1908 1558 librorum
1928 1523 2020 1568 quasi

68 1591 236 1614 ramorum
264 1580 439 1613 contineat.

231 1630 265 1663 2.
319 1631 487 1664 volumen
515 1630 601 1665 liber
627 1636 676 1665 est
699 1643 717 1665 a
743 1631 914 1665 volvendo
942 1626 1104 1673 dictus⁵⁹‚
1145 1631 1229 1665 sicut
1256 1629 1348 1675 apud
1375 1628 1553 1662 Hebraeos
1581 1623 1786 1660 voluminaffl
1813 1626 1913 1672 legis,
1957 1637 2018 1659 vo-

66 1682 191 1716 lumina
209 1681 465 1728 prophetarum.

1299 1170 1385 1203 Nam
1413 1168 1504 1201 initio
1538 1167 1805 1214 pumicabantur.
1858 1165 1960 1200 Unde
1993 1170 2025 1198 et

66 1788 133 1811 tant
157 1783 214 1812 Gn.
233 1786 260 1814 1.
273 1798 315 1805 —-
336 1784 383 1821 33)
399 1783 449 1812 Sic
464 1783 553 1813 Arev.
570 1800 611 1806 —
633 1784 720 1821 Vulg.
737 1783 934 1812 eucharisteo.
957 1783 1018 1814 cfr.

66 1825 171 1854 Isidor.
201 1825 287 1861 XVI,
316 1827 345 1857 5.
402 1827 451 1854 Sic
481 1837 553 1855 mox
582 1826 659 1855 idem
696 1825 811 1856 Carisa
848 1836 904 1865 pro
933 1827 1016 1864 vulg.

65 1868 221 1896 eucaristi.
279 1868 338 1897 Sed
367 1879 459 1907 quum
497 1870 553 1899 Gu.
578 1872 604 1901 1.
641 1869 837 1897 Euclzaristie
867 1868 1017 1906 exhibeat,

65 1911 172 1950 scripsi
185 1910 329 1947 Carystet.
339 1927 381 1932 —
395 1914 439 1946 34)
448 1912 575 1950 fulgore
589 1913 646 1941 Gu.
657 1916 685 1944 2.
706 1929 739 1933 —
755 1912 919 1943 35)l1el2etet
931 1913 1017 1941 AreV.

65 1969 107 1974 —
119 1954 167 1991 36)
183 1954 216 1980 in
230 1954 351 1981 mirteos
370 1954 426 1982 Gu.
438 1957 462 1985 1.
474 1965 518 1993 pr.
529 1971 569 1976 —
587 1956 618 1983 in
634 1961 765 1983 musteo-5
779 1955 834 1984 Gu.
846 1956 874 1985 2.
885 1955 915 1982 in
925 1965 1015 1993 marg.

65 1995 106 2024 al.
119 1997 364 2025 mirricos.—
382 1999 425 2031 37)
433 1997 589 2025 subiciunt
607 1998 662 2026 Gu.
675 2001 700 2029 1.
712 2001 739 2030 2.
748 2008 793 2036 pr.
804 2013 846 2019 —
868 1997 914 2036 38)
929 2003 980 2026 ut.
991 2019 997 2025 .
1009 2020 1015 2028 .

64 2044 191 2067 recreent
213 2048 270 2066 om.
287 2038 325 2067 al.
346 2053 389 2059 --
410 2039 455 2077 39)
473 2045 530 2067 aut
551 2050 608 2070 om.
626 2041 681 2069 Gu.
697 2042 726 2071 2.
748 2057 789 2062 —
810 2041 859 2079 40)
877 2041 1017 2078 tangitur

65 2081 122 2109 Gu.
140 2084 167 2113 1.
188 2097 232 2104 —
257 2080 305 2121 41)
329 2087 487 2109 croceatur
507 2082 543 2111 al.
566 2098 609 2104 —-
636 2081 682 2123 42)
706 2083 784 2112 Pers.
807 2084 865 2112 Sat.
890 2083 942 2120 III,
965 2084 1013 2114 10.

64 2137 107 2145 —
127 2125 173 2159 43)
196 2125 228 2151 in
250 2124 355 2152 literas
377 2123 429 2153 Ar.
453 2140 493 2146 -
523 2123 569 2164 44)
588 2135 699 2163 genera
727 2126 785 2154 Gu.
808 2128 837 2158 2.
857 2135 921 2155 var.
945 2125 1013 2155 lect.

64 2174 112 2204 ap.
135 2165 224 2195 Goth.
248 2167 299 2196 Ar.
323 2185 361 2190 —
385 2167 433 2204 45)
457 2168 567 2194 maiori
590 2169 646 2196 Gu.
660 2170 688 2200 2.
707 2168 757 2198 Ar.
780 2185 822 2190 —
844 2169 888 2206 46)
905 2169 938 2196 in
957 2167 1013 2196 ad-

64 2207 126 2236 didi
148 2218 163 2237 e
173 2209 231 2239 Gu.
244 2211 270 2240 1.
286 2225 329 2231 —-
341 2214 368 2236 et
381 2209 500 2237 membr.
521 2209 613 2240 Gu.2.
626 2227 666 2231 —
681 2212 713 2238 in
727 2211 877 2239 chartulis
893 2210 1012 2238 membr.

1061 1782 1223 1811 Burmann.
1259 1780 1382 1810 Anthol.
1406 1780 1471 1810 Lat.
1492 1780 1512 1811 l.
1533 1779 1568 1809 II.
1599 1789 1647 1819 ep.
1672 1779 1743 1812 251.
1774 1778 1808 1808 Τ.
1830 1778 1852 1806 Ι.
1883 1787 1913 1816 Ρ.
1934 1776 2017 1814 440..

1062 1836 1149 1864 quem
1170 1824 1306 1863 sequitur
1328 1822 1480 1852 Weichert
1503 1823 1533 1851 in
1556 1822 1687 1862 Opuscc.
1711 1831 1741 1860 p.
1766 1821 1826 1853 194
1842 1830 1940 1859 seqq,
1965 1819 2016 1858 qui

1061 1868 1191 1897 eiusdem
1217 1865 1461 1896 commentarium
1475 1866 1505 1894 in
1519 1864 1578 1894 hoc
1596 1875 1701 1904 poema
1717 1873 1772 1892 suo
1790 1862 1876 1902 operi
1891 1862 2015 1892 addidit.

1060 1912 1194 1949 vigilata
1217 1920 1273 1949 pro
1297 1909 1466 1948 invigilata
1482 1908 1603 1948 scripsit
1618 1908 1697 1936 idem
1712 1907 1812 1935 Burm.
1836 1922 1878 1928 —
1900 1907 1946 1940 49)
1965 1905 2015 1933 Sic

1061 1954 1117 1983 Gu.
1128 1958 1154 1985 1.
1165 1953 1193 1984 4.
1216 1954 1319 1983 Burm.
1332 1970 1365 1974 —
1379 1953 1464 1990 queis
1473 1951 1522 1982 Ar.
1536 1967 1577 1973 —-
1600 1961 1678 1990 quae
1693 1950 1775 1987 vulg.
1790 1965 1831 1970 —
1853 1947 1898 1987 50)
1907 1949 2015 1986 signas

1060 1996 1116 2026 Gu.
1132 1999 1161 2028 2.
1176 2006 1223 2025 va.
1241 2014 1279 2018 —
1298 1996 1396 2034 Signis
1413 1995 1468 2023 Gu.
1485 1995 1515 2026 3.
1534 1993 1572 2023 al.
1597 2011 1636 2015 —
1660 1992 1706 2032 51)
1720 1993 1770 2020 Sic
1791 1991 1919 2020 coniecit
1930 1991 2013 2020 Wei-

1060 2038 1144 2068 ebert
1170 2049 1226 2078 pro
1248 2038 1330 2076 vulg.
1376 2048 1478 2065 aereos
1507 2036 1572 2073 vel,
1603 2041 1638 2065 ut
1666 2035 1698 2064 in
1724 2035 1781 2064 Gu.
1801 2037 1830 2065 2.
1856 2035 1885 2065 3.
1910 2033 1938 2064 4.
1966 2044 2012 2072 pr.

1057 2091 1103 2110 va.
1120 2083 1229 2111 aerios.
1252 2097 1296 2103 -—-
1316 2078 1365 2120 52)
1381 2079 1493 2108 ardulo
1518 2079 1576 2109 Gu.
1596 2082 1622 2111 1.
1641 2097 1679 2101 ——
1695 2076 1863 2116 disscrz'pta
1885 2086 1940 2115 pro
1958 2075 2011 2104 de-

1056 2126 1173 2163 scripta
1196 2125 1251 2153 Gu.
1272 2126 1301 2155 2.
1332 2139 1371 2145 -
1401 2122 1447 2162 53)
1472 2122 1522 2151 Sic
1551 2123 1608 2151 Gu.
1631 2123 1661 2153 3.
1682 2120 1712 2154 4.
1734 2131 1782 2149 va.
1805 2124 1833 2149 et
1856 2119 1960 2149 Burm.
1982 2123 2010 2146 et

1055 2166 1169 2198 Weich.
1193 2168 1344 2206 pruriaca
1376 2166 1432 2194 Gu.
1454 2169 1484 2198 2.
1508 2181 1550 2187 -
1583 2165 1738 2203 praxiaca
1757 2163 1795 2192 al.
1820 2179 1863 2184 —
1884 2162 2009 2189 Persica

1054 2210 1135 2248 vulg.
1157 2227 1199 2232 —
1221 2211 1272 2247 54)
1295 2210 1373 2237 vexit
1396 2218 1442 2248 pr.
1465 2224 1507 2231 -—
1530 2208 1579 2244 55)
1603 2207 1754 2235 increbuit
1770 2206 1820 2235 Ar.
1841 2221 1884 2226 -—
1907 2205 2004 2231 incre-

64 2259 111 2289 pr.
129 2266 167 2273 —-
190 2252 236 2289 47)
259 2252 307 2280 Sic
330 2252 386 2280 Gu.
404 2254 432 2283 3.
449 2262 492 2280 va.
510 2252 559 2280 Ar.
582 2270 620 2275 —
638 2255 794 2281 ommentis
816 2252 888 2294 (sic)
912 2254 968 2282 Gu.
983 2255 1012 2285 2.
1049 2254 1123 2290 puit
1145 2253 1182 2282 al.
1208 2269 1244 2275 --
1275 2252 1323 2289 56)
1347 2252 1396 2280 Sic
1421 2251 1479 2280 Gu.
1503 2253 1530 2282 1.
1552 2253 1582 2283 2.
1605 2251 1635 2282 3.
1666 2260 1711 2289 pr.
1732 2259 1780 2279 va.
1802 2263 1843 2270 —
1870 2248 1916 2290 uit
1937 2243 2002 2292 flat-

63 2307 106 2314 —
127 2295 283 2322 momentis
310 2295 366 2324 Gu.
385 2298 412 2326 1.
429 2311 469 2316 —-
485 2295 516 2322 in
539 2297 696 2323 momentis
718 2295 788 2325 edit.
814 2295 903 2325 Goth.
921 2312 963 2318 —
984 2301 1012 2323 et
1054 2295 1136 2333 vulg.
1166 2296 1262 2326 Carm.
1286 2295 1316 2330 Ι,
1342 2297 1367 2326 1.
1397 2309 1440 2315 -
1479 2296 1527 2330 57)
1557 2293 1606 2321 Sic
1626 2292 1683 2323 Gu.
1710 2295 1740 2324 2.
1761 2307 1804 2314 -—
1824 2285 2001 2317 caudiczbus

64 2337 218 2363 momentis
239 2337 322 2375 vulg.
341 2353 383 2360 —-
405 2338 453 2375 48)
477 2336 526 2364 Sic
549 2338 603 2365 Gu.
620 2338 649 2368 4.
668 2338 717 2368 Ar.
734 2354 775 2360 —
789 2341 889 2367 aratis
904 2339 960 2367 Gu.
981 2341 1010 2369 2.

64 2385 114 2415 pr.
130 2393 172 2400 —
188 2381 294 2408 taretia
314 2389 360 2410 va.
384 2397 424 2402 —
449 2380 558 2409 aretela*
580 2380 661 2419 vulg.
681 2397 720 2403 -
741 2380 866 2411 Arateis
888 2381 1011 2422 scripsit

1054 2337 1105 2366 Ar.
1128 2354 1164 2360 —
1193 2337 1358 2366 corticibus
1387 2336 1468 2374 vulg.
1498 2352 1538 2357 --
1566 2334 1614 2375 58)
1642 2346 1676 2365 ex
1699 2345 1729 2364 se
1751 2334 1808 2364 Gu.
1832 2335 1857 2361 1.
1880 2343 1921 2350 —
1950 2328 1998 2363 59)

1053 2379 1170 2410 dictum
1193 2391 1240 2411 va.
1265 2396 1306 2404 —
1328 2379 1375 2420 60)
1401 2379 1541 2408 volumen
1563 2377 1612 2408 Ar.
