2255 2819
216 103 290 139 574

820 207 848 241 C
874 208 905 241 A
932 208 970 243 P.
1023 208 1128 241 XXX.

907 91 1085 125 ISIDORI
1110 90 1290 125 HISPAL.
1318 90 1463 127 EPISC.

1206 209 1290 243 De
1347 211 1556 244 metis.

383 293 549 326 Metarum
577 286 704 329 quippe
731 284 958 328 appellatione
985 286 1124 329 proprie
1149 286 1324 318 terminum
1346 297 1386 319 ac
1408 286 1507 319 finem
1534 286 1647 319 mundi
1664 283 1850 332 designari¹
1875 288 1987 320 volunt
1999 284 2022 329 ²,
2049 288 2091 322 ab
2106 299 2157 330 eo,

219 347 312 393 quod
340 340 463 378 alicui³
485 334 656 373 emensus⁴
683 336 756 368 finis
784 340 849 378 est,
881 337 949 369 sive
976 336 1018 369 ad
1047 337 1268 370 testimonium
1296 337 1428 370 orientis
1455 338 1702 382 occidentisque
1730 335 1834 372 solis⁵.

799 421 828 454 C
854 423 884 454 A
912 423 949 456 P.
1002 422 1123 456 XXXI.

385 495 416 526 l.
470 491 666 526 Obeliscum
684 489 862 534 Mesphres
874 487 885 506 ‘⁵
912 502 968 523 rex
983 487 1154 535 Aegypti⁷
1181 491 1306 534 primus
1331 491 1445 525 fecisse
1472 491 1575 524 fertur
1594 493 1651 524 tali
1672 504 1710 526 ex
1738 503 1845 526 causa.

1200 422 1270 456 De
1322 422 1572 456 obelisco.

1897 491 1983 525 Cum
2010 492 2158 536 quodam

219 557 373 593 tempore
400 546 491 579 Nilus
517 540 730 576 vel1e1uenti⁸
757 541 968 574 inundatione
995 539 1213 586 Aegyptum⁹
1240 543 1415 583 nocuisset,
1432 542 1620 586 indignatus
1643 555 1701 577 rex
1726 549 1883 588 tanquam
1910 555 2035 587 poenas
2056 556 2074 576 a
2094 544 2160 577 flu..

915 590 935 609 ll

219 603 305 635 mine
333 599 498 642 exigeret,
527 595 681 639 sagittam
694 590 718 610 ¹⁰
743 593 775 625 in
798 593 901 625 undas
957 594 1051 626 misit.

1342 590 1349 603 1

1104 595 1182 627 Non
1209 594 1313 626 multo
1326 591 1349 610 ¹¹·
1376 599 1451 638 post
1468 594 1562 638 gravi
1588 595 1769 628 valitudine
1782 593 1804 612 ¹³
1830 600 2020 639 correptuS,
2048 596 2159 628 lumen

218 652 341 692 amisit,
375 649 431 692 qui
445 646 467 665 ¹⁴
495 652 571 692 post
598 645 793 678 caecitatem
818 645 885 677 visu
914 651 1050 688 recepto
1077 645 1161 677 duos
1188 645 1350 679 obeliscos
1378 646 1450 679 Soli
1477 646 1617 678 sacravit
1630 643 1661 678 ¹5.

1723 646 1897 681 Obeliscus
1927 647 2012 679 enim
2039 647 2159 692 sagitta

219 704 353 742 dicitur,
380 701 436 743 qui
464 699 541 732 ideo
555 695 577 714 ¹²⁵
598 698 629 729 in
657 697 768 729 medio
796 696 894 729 Circo
922 697 1073 740 ponitur,
1098 697 1175 740 quia
1197 708 1258 740 per
1285 697 1432 730 medium
1464 697 1625 730 mundum
1652 697 1703 730 sol
1729 698 1838 732 currit.

384 753 416 784 2.
472 750 589 783 Medio
617 754 726 781 autem
744 748 857 792 spacio
887 749 928 780 ab
950 754 1088 791 utraque
1108 754 1195 781 meta
1212 749 1405 782 constitutus
1420 747 1442 767 ¹⁷
1470 749 1632 782 obeliscus
1656 749 1821 793 fastigium
1839 750 2124 792 summitatemque
2136 746 2161 766 ¹⁸

220 806 306 841 coeli
333 804 514 849 significat,
543 812 618 835 cum
646 800 696 832 sol
725 800 767 832 ab
794 805 935 842 utroque
963 800 1076 843 spacio
1103 800 1216 832 medio
1244 799 1403 833 horarum
1430 800 1617 834 discrimine
1643 801 1851 833 transcendit.

1910 801 2048 833 Summo
2076 801 2160 833 obe-

220 859 300 891 lisco
328 855 573 899 superpositum
602 857 649 884 est
675 851 847 894 quoddam
876 857 1024 884 auratum
1058 851 1090 884 in
1117 851 1254 884 modum
1286 852 1440 885 flammae
1466 852 1665 894 formatum,
1709 853 1867 895 quoniam
1894 852 1944 885 sol
1979 853 2161 896 plurimum

221 909 342 943 caloris
368 913 467 949 atque
494 905 579 950 ignis
606 903 711 936 habet
726 899 757 937 ¹⁹.

756 987 784 1021 C
807 989 835 1020 A
858 988 894 1020 P.
947 987 1083 1020 XXXII.

1159 988 1232 1021 De
1285 987 1621 1021 carceribus.

386 1060 422 1092 In
452 1058 572 1097 Circo,
602 1057 690 1089 unde
719 1057 909 1088 emittuntur
937 1057 1030 1099 equi,
1057 1067 1207 1089 carceres
1234 1056 1385 1088 dixerunt
1397 1052 1432 1097 ²⁰,
1461 1056 1502 1088 ab
1534 1068 1572 1089 ea
1600 1068 1653 1096 re,
1681 1068 1748 1099 qua
1775 1053 1839 1089 et²¹
1868 1056 1923 1089 ille
1950 1067 2079 1097 carcer,
2105 1056 2163 1099 qui

221 1118 269 1146 est
294 1112 327 1144 in
344 1111 486 1149 civitate,
515 1108 606 1152 quod
619 1105 654 1146 ²²,
679 1112 714 1139 ut
736 1108 781 1140 ibi
809 1107 961 1139 homines
989 1107 1135 1140 damnati
1163 1114 1262 1151 atque
1288 1107 1422 1148 inclusi,
1449 1107 1495 1139 ita
1516 1107 1573 1141 hic
1602 1108 1678 1151 equi
1705 1113 1899 1142 coercentur
1911 1104 1946 1147 ²³,
1974 1120 2014 1141 ne
2037 1112 2163 1148 exeant,

221 1169 398 1207 antequam
425 1162 556 1206 signum
584 1159 733 1192 emittant
747 1156 780 1190 Ἡ.

739 1243 768 1276 C
791 1243 821 1276 A
847 1243 883 1277 P.
939 1243 1082 1275 XXXIII
1097 1239 1130 1274 ²³².

385 1315 448 1347 Ars
476 1312 564 1346 Circi
591 1312 706 1356 auriga
734 1317 766 1345 et
793 1322 925 1352 currus,
954 1312 1098 1355 equites,
1126 1312 1177 1344 vel
1206 1311 1344 1355 pedites⁴

224 1372 302 1412 agat
313 1363 349 1408 ²⁷,
378 1366 444 1398 sive
471 1364 562 1408 quod
592 1365 688 1397 feriat
715 1365 840 1396 iunctos
868 1375 980 1406 equos,

453 1416 562 1449 Latus
590 1416 707 1448 hauri!
736 1419 909 1460 (tpcrlum.

224 1470 298 1512 Ipse
326 1473 373 1500 est
400 1472 432 1499 et
458 1469 620 1512 agitator,
647 1467 681 1499 id
711 1472 758 1499 est
785 1466 977 1499 verberator
1005 1466 1046 1497 ab
1076 1465 1209 1510 agendo
1238 1465 1354 1498 dictus,

224 1520 342 1563 quibus
367 1515 549 1561 specie1n³⁰
576 1518 784 1550 idololatriae
813 1517 958 1550 vestiunt.

225 1566 385 1605 dicatus³¹
416 1575 472 1602 est.

753 1643 781 1677 C
809 1645 837 1677 A
865 1644 901 1678 P.
955 1644 1109 1677 XXXlV.

1211 1242 1289 1275 De
1344 1243 1643 1287 aurigis,

1410 1311 1537 1356 Auriga
1563 1307 1737 1356 proprie²¹³
1764 1310 1888 1352 dictus,
1915 1311 2007 1354 quod
2032 1322 2165 1344 currum

1034 1364 1120 1396 Nam
1147 1362 1274 1404 haurit,
1302 1359 1420 1403 feritff,
1450 1369 1485 1395 ut
1496 1360 1536 1396 ²³⁸:

1407 1465 1555 1509 Aurigae
1589 1470 1698 1498 autem
1727 1464 1859 1497 duobus
1886 1464 2056 1499 coloribus
2083 1470 2166 1503 sunt,

1014 1517 1099 1550 Nam
1126 1518 1274 1561 prasinus
1301 1522 1418 1556 terrae,
1447 1522 1580 1549 venetus
1607 1517 1704 1549 coelo
1725 1521 1757 1549 et
1784 1516 1867 1548 mari
1893 1528 1911 1548 a
1939 1515 2078 1560 paganis
2105 1514 2166 1547 de-

1193 1643 1262 1677 Dc
1315 1643 1631 1689 quadrigis.

392 1720 423 1755 l.
476 1718 714 1753 Erichthonius
741 1726 868 1762 autem,
896 1721 955 1764 qui
981 1721 1133 1766 regnavit
1155 1720 1313 1761 Athenis,
1341 1720 1465 1764 primus
1491 1724 1633 1763 quatuor
1655 1729 1758 1762 equos
1783 1718 1924 1752 iunxisse
1946 1717 2059 1759 fertur,
2084 1717 2167 1750 sicut

230 1771 387 1816 Virgilius
414 1776 530 1806 auctor
556 1776 614 1813 est,
642 1771 754 1805 dicens
770 1769 809 1805 ³²:

318 1891 342 1924 1)
368 1888 415 1915 Sic
439 1888 468 1915 Z.
492 1888 547 1916 Gu.
569 1891 596 1918 1.
615 1891 644 1918 2.
663 1898 709 1918 va.
733 1889 782 1917 Ar.
800 1905 840 1910 —
863 1887 1021 1925 designare
1045 1889 1179 1926 vulg.—

232 1931 261 1968 2)
290 1930 386 1957 voluit
418 1930 472 1957 Gu.
499 1933 521 1960 1.
551 1947 591 1951 -
623 1930 653 1969 3)
682 1932 731 1959 Sic
764 1931 820 1959 Gu.
847 1934 873 1962 1.
903 1934 932 1961 2.
963 1933 1014 1961 Ar.
1045 1948 1084 1952 —
1114 1932 1179 1958 ‹cli-

233 1974 303 2012 quiS
334 1972 413 2009 vulg.
440 1989 475 1992 -—
506 1972 627 2010 aliquid
648 1974 679 2003 Z,
715 1990 757 1995 —
792 1974 820 2011 4)
852 1985 970 2001 mensu-5*
993 1985 1039 2004 va.
1072 1991 1111 1995 -—-
1152 1973 1178 2011 5)

232 2025 396 2052 cursu-sque
417 2013 551 2041 siderum
575 2015 640 2043 add.
664 2017 694 2044 Ζ,
727 2033 766 2037 -
799 2020 825 2047 (ἰ)
849 2017 897 2044 Sic
922 2018 1009 2048 Arev,
1036 2034 1070 2037 -
1097 2017 1178 2044 ‚Um—

224 2059 294 2096 fres
317 2058 349 2086 Ζ,
372 2073 412 2078 -
436 2057 552 2094 Aleffi'cs
575 2066 619 2084 va.
645 2075 685 2078 —
708 2060 839 2096 l'llealuw·
861 2060 941 2096 vulg,
967 2076 1007 2080 —
1049 2058 1078 2097 7)
1106 2060 1181 2097 Aeg.

235 2111 283 2128 rex
311 2100 341 2127 Z.
372 2115 412 2119 —
452 2098 483 2135 S)
506 2099 627 2125 violenti
660 2100 689 2128 Z.
723 2102 779 2128 Gu.
806 2104 833 2131 2,
864 2102 900 2130 al,
930 2112 973 2139 ιη..
999 2112 1045 2131 va·
1077 2117 1113 2122 —
1151 2100 1181 2140 9)

235 2144 370 2180 Aefflplo
394 2140 483 2168 Arev.
516 2157 555 2161 ——
589 2143 633 2174 lo)
656 2145 789 2179 *agilius
811 2144 841 2169 Z.
864 2154 909 2172 va.
933 2161 973 2165 —
998 2148 1040 2177 11)
1071 2146 1100 2170 in
1128 2145 1181 2172 Ni-

237 2186 301 2212 lum
324 2184 380 2213 Gu.
406 2185 431 2213 1.
455 2198 496 2204 -
530 2185 574 2218 12)
597 2193 656 2209 non
682 2191 751 2221 post
775 2186 903 2212 mallum
930 2187 986 2214 Ωιι.
1011 2189 1036 2216 1.
1062 2201 1096 2206 -
1123 2197 1183 2213 non

237 2227 365 2255 multum
389 2230 457 2262 post
488 2225 518 2252 Z.
548 2234 594 2252 va.
622 2241 662 2245 —
696 2225 741 2264 13)
765 2227 970 2255 inmlztndme
992 2228 1022 2256 Z.
1061 2246 1097 2250 —
1139 2228 1184 2266 14)

238 2276 329 2307 atque
348 2273 416 2306 post
439 2276 486 2295 va.
515 2282 556 2287 —
587 2265 630 2304 15)
651 2267 699 2294 Sic
723 2269 778 2296 Gu.
806 2273 829 2299 1.
852 2272 879 2299 2.
905 2280 953 2299 va.
980 2286 1022 2291 —
1050 2272 1185 2298 sacra-vic

239 2313 296 2340 soli
317 2311 347 2338 Z.
372 2327 408 2331 —
432 2309 490 2336 soli
513 2311 696 2336 consecravit
717 2310 798 2347 vulg.
821 2326 861 2330 —
886 2314 933 2347 16)
958 2314 1011 2349 qni
1034 2312 1111 2340 idem
1135 2313 1184 2343 Ar.

243 2371 279 2376 -.
304 2352 368 2380 ideo
392 2362 448 2380 om.
472 2351 502 2380 Z.
529 2367 570 2372 —
592 2349 636 2390 17)
655 2354 851 2379 constituitur
868 2353 897 2379 Z.
920 2369 961 2374 -—-
986 2353 1030 2391 18)
1055 2365 1111 2392 que
1127 2365 1183 2383 om.

1221 1890 1252 1919 Z.
1279 1906 1314 1910 -
1348 1891 1391 1927 19)
1410 1889 1580 1927 plurimum
1602 1889 1634 1915 in
1662 1898 1692 1915 se
1715 1888 1827 1915 calori-9
1856 1892 1947 1925 atque
1975 1888 2058 1924 ignis
2079 1886 2168 1914 habet

1221 1943 1268 1960 va.
1292 1932 1342 1962 Ar,
1365 1949 1406 1953 —-
1428 1934 1472 1967 90)
1497 1930 1602 1958 dicunt
1626 1940 1670 1957 va.
1695 1947 1731 1951 —
1762 1934 1807 1964 21)
1832 1935 1865 1957 ut
1887 1939 1933 1959 va.
1958 1944 1997 1949 -Α
2022 1932 2067 1963 22)
2086 1927 2170 1967 quod

1223 1985 1278 2002 om.
1303 1985 1348 2003 va.
1373 1991 1407 1995 —
1437 1972 1483 2012 23)
1509 1979 1707 2000 cor-rcerenlm·
1731 1972 1786 2002 Gu.
1806 1974 1835 2002 2.
1859 1971 1896 2002 al.
1919 1988 1960 1993 —
1989 1972 2036 2007 24)
2060 1972 2167 1999 milta-

1223 2023 1272 2045 tur
1295 2019 1343 2046 Ar.
1370 2035 1406 2039 —
1438 2019 1482 2050 2³5)
1509 2016 1578 2054 Cap.
1603 2015 1868 2043 XXXIII—XLI.
1892 2024 1948 2042 om.
1972 2013 2038 2042 cod.
2062 2014 2167 2042 Zittav.

1225 2076 1266 2081 —
1290 2062 1333 2096 2¹6)
1366 2060 1475 2097 quippe
1509 2060 1564 2086 Gu.
1590 2061 1615 2088 1.
1644 2074 1687 2080 ——-
1723 2060 1772 2093 27)
1799 2063 1823 2084 et
1852 2062 1937 2095 regat
1960 2056 2027 2084 add.
2059 2056 2114 2084 Gu.
2139 2057 2168 2086 2.

1225 2112 1271 2132 va.
1296 2103 1344 2130 Ar.
1368 2117 1409 2122 —
1432 2098 1478 2139 28)
1503 2100 1633 2128 dicimus
1659 2100 1726 2128 add.
1749 2100 1828 2138 vulg.
1849 2118 1886 2122 ——-
1918 2099 1982 2127 Om.
2008 2098 2063 2126 Gu.
2088 2102 2116 2129 1.
2138 2100 2168 2128 2.

1226 2161 1264 2165 —-
1288 2148 1336 2181 ⁴29)
1361 2143 1438 2180 Virg.
1463 2143 1534 2171 Aen.
1555 2144 1597 2179 X,
1622 2144 1691 2174 314.
1714 2159 1755 2164 -——
1783 2143 1830 2179 30)
1855 2143 1964 2180 species
1988 2140 2038 2170 Ar.
2062 2156 2098 2162 —
2122 2138 2168 2176 31)

1225 2186 1274 2215 Sic
1298 2187 1353 2213 Gu.
1382 2188 1406 2216 1.
1431 2188 1459 2216 2.
1491 2202 1531 2206 —
1560 2185 1682 2213 dicatus
1703 2185 1784 2222 vulg.
1816 2202 1852 2206 —
1886 2186 1931 2221 32)
1955 2190 2063 2211 auctor
2092 2181 2168 2209 dicit

1227 2239 1274 2258 va.
1296 2244 1336 2248 —
1358 2230 1405 2263 33)
1428 2227 1614 2266 rapidusque
1637 2228 1694 2256 Gu.
1716 2231 1742 2257 1.
1766 2230 1794 2259 2.
1817 2243 1858 2248 —
1885 2226 1936 2264 34)
1958 2231 1991 2254 ut
2013 2232 2038 2254 et
2061 2225 2115 2253 Gu.
2141 2226 2167 2254 1.

1227 2287 1267 2291 —
1288 2271 1336 2304 35)
1359 2271 1405 2297 Sic
1431 2272 1486 2299 Gu.
1512 2275 1537 2301 1.
1559 2274 1586 2302 2.
1617 2286 1658 2291 —-
1688 2268 1920 2297 daemoniacum
1949 2267 2027 2305 vulg.
2060 2284 2093 2288 -
2119 2265 2168 2303 36)

1227 2313 1275 2340 Sic
1304 2313 1360 2340 Gu.
1385 2315 1410 2343 1.
1444 2329 1484 2334 -—
1513 2315 1614 2351 primo
1645 2312 1723 2349 vulg.
1752 2328 1793 2333 —
1831 2313 1876 2348 37)
1904 2315 2004 2339 autem
2029 2308 2130 2338 addidi
2153 2317 2167 2336 e

1228 2355 1283 2383 Gu·
1306 2357 1331 2385 1.
1350 2357 1377 2385 2.
1401 2364 1446 2383 va.
1476 2373 1511 2377 —
1537 2353 1585 2394 38)
1607 2355 1655 2381 Sic
1681 2355 1737 2382 Gu.
1758 2356 1782 2382 1.
1801 2355 1829 2383 2,
1854 2363 1896 2391 Ρη
1921 2362 1965 2381 va.
1988 2367 2029 2373 —
2051 2351 2167 2379 widerm-
