2264 2830
809 94 1055 130 oanlNUM
1088 97 1234 132 LlBER
1256 99 1313 132 lx.

256 192 338 226 101,

88 254 227 292 cupatos
255 245 445 278 existimant.

392 193 513 226 Franci
541 204 559 224 a
585 191 734 235 quodam
763 191 904 234 proprio
934 190 1019 223 (luce
1047 193 1158 226 vocari
1186 199 1352 238 putantur.

498 246 581 276 Sunt
608 243 694 275 enim
721 242 752 274 in
780 243 844 274 illis
873 254 980 275 mores
1007 243 1182 285 inconditi,
1211 243 1466 289 naturalisque³⁰
1493 245 1647 279 ferocitas
1675 246 1870 281 animorum.

1961 101 2034 136 293

1407 194 1475 226 Alii
1503 205 1560 226 eos
1587 206 1606 225 a
1636 194 1764 227 feritate
1791 206 1921 229 morum
1949 209 2032 230 nun-

260 296 340 330 loz.
392 296 544 328 Britones
555 291 577 310 ³¹
607 295 725 326 Latine
752 295 938 326 nominatos
959 295 1096 337 quidam
1126 294 1385 341 suspicantur³²‚
1415 309 1454 329 eo
1482 297 1574 340 quod
1603 298 1689 330 bruti
1716 295 1839 339 summ,
1875 310 1957 343 gens
1984 301 2034 332 in-

89 357 138 383 tra
153 346 176 366 ³¹
205 360 367 383 oceanum
394 346 552 379 interfuso
581 346 661 379 mari
689 346 781 389 quasi
810 351 899 378 extra
927 346 1043 379 orbem
1072 349 1189 392 posita.

318 399 399 432 Τυίο
426 394 587 431 diuisos³¹⁵
612 397 695 430 orbe
721 398 919 430 Britannos.

257 451 339 485 103.

1245 349 1296 381 D(-
1323 349 1443 392 quibus
1473 345 1680 394 Virgilius³⁵z

393 450 485 484 Scoti
515 450 652 494 propria
682 450 793 494 lingua
819 461 940 482 nomen
968 449 1094 483 habent
1123 463 1141 483 a
1169 452 1262 495 picto
1291 462 1452 495 corpore,
1480 462 1520 484 co
1548 451 1641 494 quod
1667 452 1791 486 aculeis
1819 452 1934 486 ferreis
1960 463 2036 486 cum

88 509 270 537 atramento
298 502 459 535 variarum
488 502 672 546 figurarum
699 502 853 546 stigmate
881 507 1085 535 annotentur.

254 553 336 589 104.
391 554 484 586 Galli
512 566 531 586 a
558 554 709 598 corporis
737 551 918 587 candore³⁷
945 554 1123 598 nuncupati
1152 558 1234 588 sunt.
1277 551 1378 589 Γάλα
1399 553 1484 586 enim
1514 553 1646 586 Graece
1674 554 1725 587 lac
1752 554 1881 588 dicitur.

86 612 119 639 et
145 606 274 649 Sibylla
303 606 348 639 sie
377 618 433 637 eos
460 606 624 650 appellat,
653 617 728 639 cum
753 606 796 638 ait
823 605 866 638 de
894 602 979 638 iis³⁸2

319 665 413 698 Τιιηο
441 666 559 699 {aa-{ea
588 667 679 699 eolla

311 717 411 750 Auro
438 718 658 751 innectuntur
667 714 700 751 ³⁹.

252 776 334 810 105.

83 831 191 862 titates
218 833 249 861 et
277 830 462 862 animorum
497 830 702 864 diversitates
731 830 879 865 existunt.

1937 554 2037 587 Unde

390 778 584 811 Secundum
615 778 837 811 diversitatem
867 779 953 812 enim
978 779 1113 811 coellet
1141 778 1242 811 facies
1271 776 1445 810 hominum
1474 782 1505 810 et
1524 778 1655 811 colores
1683 782 1715 809 et
1737 787 1918 821 corporum
1932 787 2038 820 quan-

931 830 1013 863 lnde
1040 830 1213 862 Romanos
1241 841 1376 874 graves,
1405 829 1555 863 Graecos
1574 830 1680 870 leves,
1708 828 1810 861 Afros
1836 828 2039 873 versipelles,

84 881 204 914 Gallos
232 887 347 913 natura
376 882 506 915 feroces
535 887 635 926 atque
663 882 806 915 acriores
834 882 968 927 ingenio
996 882 1226 926 pervidemus,
1255 881 1347 924 quod
1376 887 1491 914 natura
1519 882 1689 915 climatum
1719 880 1806 914 facit.

252 932 337 965 106.

251 1036 335 1069 ΗΠ.

85 1087 144 1119 bus
171 1087 316 1121 creditur
344 1088 461 1121 dixisse
488 1094 589 1133 poeta
603 1085 645 1121 ⁴²:

315 1148 469 1194 Laleque
500 1153 678 1194 vagantes
709 1148 873 1183 Vaccaei.

394 934 485 966 Galli
513 940 622 967 autem
657 930 842 966 Senones⁴⁰
869 934 1046 977 antiquitus
1082 930 1272 967 Xenones⁴¹
1308 933 1524 975 dicebantur,
1568 933 1663 977 quod
1698 933 1858 966 Liberum
1891 929 2039 974 hospitio

84 984 300 1029 recepissent:
336 990 453 1029 postea
479 997 500 1018 x
527 986 559 1018 in
586 997 600 1017 s
628 985 755 1019 literam
784 991 987 1019 commutata
1015 990 1071 1018 est.

389 1037 501 1071 Vacca
528 1037 696 1082 oppidum
723 1037 785 1070 suit
812 1037 901 1071 iuxta
927 1038 1156 1082 Pyrenaeum,
1199 1049 1217 1069 a
1245 1048 1312 1080 quo
1341 1041 1414 1070 sunt
1441 1036 1669 1082 cognominati
1692 1034 1852 1075 Vaccaei,
1895 1033 1938 1066 de
1965 1032 2039 1077 qui-

82 1207 128 1239 Hi
154 1207 317 1251 Pyrenaei
343 1208 429 1253 iugis
456 1209 667 1253 peramplam
696 1209 817 1241 montis
828 1205 852 1225 ⁴³
881 1208 1032 1241 habitant
1059 1207 1271 1241 solitudinem
1281 1205 1316 1241 ⁴⁴.
1371 1208 1478 1241 lidem
1506 1213 1539 1241 et
1554 1208 1723 1241 Vascones
1751 1204 2039 1250 quasivaccones‚

83 1269 102 1291 c
130 1259 161 1291 in
188 1272 202 1290 s
229 1259 359 1292 literam
388 1260 567 1293 demutata.

250 1310 332 1343 108.
388 1312 481 1351 Quos
510 1306 660 1343 Gneus⁴⁵
696 1309 875 1353 Pompeius
904 1310 1052 1342 edomita
1086 1310 1250 1353 Hispania
1285 1315 1317 1342 et
1351 1310 1394 1341 ad
1426 1308 1634 1354 triumphum
1669 1308 1780 1341 venire
1813 1307 1969 1339 festinans
1997 1304 2040 1337 de

82 1361 244 1404 Pyrenaei
277 1362 363 1406 iugis
389 1362 545 1406 deposuit
572 1366 603 1395 et
631 1361 662 1393 in
689 1372 790 1394 unum
825 1361 991 1406 oppidum
1028 1361 1258 1406 congregavit.

82 1413 223 1456 accepit.

82 1515 149 1548 nati
171 1519 254 1548 sunt.

247 1565 333 1599 110.
386 1563 555 1599 Galleciffi
583 1578 602 1598 a
629 1565 776 1598 candore
803 1561 936 1606 dicti⁴⁹‚
965 1565 1054 1598 unde
1082 1570 1115 1598 et
1134 1564 1239 1599 Galli.

456 1618 502 1650 Hi
530 1617 698 1651 Graecam
726 1617 786 1650 sibi
815 1617 978 1662 originem
1007 1622 1167 1651 asserunt.

81 1616 228 1650 didiores
255 1616 402 1652 existunt.

71 1729 203 1765 suerunt
225 1729 303 1755 enim
327 1725 362 1754 de
391 1728 480 1755 Troia
504 1728 602 1756 exules
619 1733 691 1766 poa-t
712 1727 863 1755 excidium
888 1729 961 1755 eius.
999 1728 1033 1756 In

82 1771 185 1800 Gu.3.
213 1770 250 1798 ad
280 1769 450 1798 inferiorem
475 1771 637 1808 marginem
661 1770 734 1798 haec
766 1776 835 1799 nota
865 1771 1032 1810 reperitur:

81 1813 128 1840 rel
149 1813 227 1839 sicut
250 1812 307 1839 alit
331 1812 436 1840 volunt
457 1824 476 1840 α
500 1815 622 1852 magnis
649 1814 799 1846 cultelli-s,
823 1824 899 1851 quo-s-
924 1814 1034 1841 subtus

81 1866 173 1893 ,sago-5
193 1854 370 1892 gestabant,
393 1866 469 1893 (June
490 1856 580 1894 vulgo
604 1856 678 1883 saclz
703 1862 865 1892 vocantur,
890 1855 965 1883 dum
991 1855 1035 1884 ad

80 1896 253 1926 condictum
276 1897 489 1936 placitumque
520 1909 586 1926 cum
625 1899 790 1937 2½uringis
819 1900 1034 1936 convenissent,

81 1939 165 1979 quod
193 1940 346 1967 communi
378 1941 503 1968 consilio
528 1941 574 1969 lzii
605 1947 631 1970 et
654 1942 703 1970 illi
736 1941 941 1969 laudaverant
975 1953 1032 1979 pro

80 1981 256 2011 condicione
273 1983 372 2020 paci&
418 1984 520 2021 Atque
534 1994 603 2011 cum
624 1984 754 2013 hiisdem
768 1985 876 2012 cultris
905 1984 1032 2012 Thurin-

77 2036 189 2064 garum
224 2023 453 2052 multttudinem
490 2025 680 2065 occiderunt,
722 2033 894 2066 terramque
930 2038 1033 2055 eorum

79 2069 227 2096 hactenus
245 2065 453 2105 possederunt.
477 2084 519 2090 -—
541 2071 586 2103 ΞΟ)
606 2080 661 2107 que
683 2081 739 2099 om.
764 2071 821 2098 Gu.
842 2073 868 2100 1.
884 2072 913 2101 2.
933 2080 1032 2108 pr.—

79 2112 128 2148 31)
152 2109 321 2138 Britannos
344 2110 379 2137 al.
403 2126 444 2130 —
466 2112 513 2144 32)
534 2111 582 2138 Sic
602 2112 659 2141 Gu.
676 2117 701 2144 1.
724 2130 767 2136 —
793 2113 878 2151 Vulg.
901 2112 1032 2151 quidam

79 2154 150 2182 Lat.
170 2164 248 2182 nom,
274 2154 384 2190 auspic.
407 2168 450 2173 —
479 2152 525 2190 33)
549 2153 596 2181 Sic
619 2155 675 2184 Gu.
696 2158 721 2185 1.
747 2172 784 2177 —
809 2157 871 2183 sint
894 2156 975 2193 vulg.
993 2172 1027 2176 —

78 2194 127 2236 34)
151 2195 200 2223 Sic
218 2196 276 2224 Gu.
296 2198 321 2225 1.
343 2198 370 2226 2.
389 2195 425 2223 al.
450 2205 494 2223 va.
521 2213 558 2217 —
584 2197 661 2223 inter
683 2197 762 2235 vulg.
792 2215 831 2220 --
861 2199 907 2234 35)
926 2198 1029 2235 Eclog.

82 2242 116 2272 1,
140 2240 190 2269 67.
211 2253 252 2259 —
281 2238 326 2273 36)
350 2237 450 2265 dit-iso
475 2237 533 2266 Gu.
560 2240 587 2269 2.
622 2253 660 2259 —
699 2241 747 2275 37)
776 2240 825 2268 Sic
857 2241 913 2269 Gu.
939 2244 964 2272 1.
987 2256 1030 2262 —

80 2280 167 2317 Vulg.
197 2291 217 2307 α
243 2278 376 2307 candore
402 2281 545 2318 corporis,
585 2296 627 2302 —
670 2280 717 2321 38)
751 2281 909 2321 Virgilius
942 2285 1028 2312 AreV.

81 2323 225 2351 Grialiuni
242 2327 377 2357 secutus,
402 2323 451 2360 qui
476 2333 512 2351 ex
529 2322 652 2352 Hieron.
671 2323 702 2351 in
723 2334 855 2362 prooem.
882 2326 932 2356 lib.
954 2328 983 2356 2.
999 2325 1028 2353 in

82 2365 173 2403 quad
185 2366 296 2393 Gal.ex
307 2365 459 2394 Lactantio
469 2364 600 2404 Sibyllae
613 2376 721 2395 nomen
738 2367 891 2406 irrepsisse
908 2368 981 2397 dicit
997 2367 1027 2396 in

1328 1360 1428 1394 Unde
1456 1366 1488 1393 et
1515 1360 1749 1394 Convenarum
1777 1370 1899 1391 nomen
1925 1357 2004 1390 urbs
2016 1352 2040 1372 ⁴⁶

249 1462 334 1498 109.
391 1464 530 1509 Hispani
565 1464 607 1503 ab
642 1464 740 1496 Ibero
774 1475 871 1496 amne
904 1463 1049 1508 primum
1084 1463 1192 1504 lberi,
1233 1467 1349 1507 postea
1381 1463 1424 1495 ab
1458 1458 1647 1507 Hispano⁴¹²
1681 1460 1822 1505 Hispani
1861 1457 2040 1503 cognomi-

1293 1565 1444 1609 Reliquis
1472 1565 1560 1597 enim
1587 1563 1772 1608 Hispaniae
1795 1561 1930 1607 populis
1957 1571 2038 1595 can-

1222 1616 1323 1651 Unde
1350 1623 1384 1650 et
1410 1616 1552 1650 naturali
1577 1616 1715 1661 ingenio
1742 1614 1876 1649 callent.

1078 1727 1185 1756 Isidori
1202 1727 1290 1756 codd.
1337 1726 1375 1755 At
1394 1731 1474 1756 recte
1491 1737 1521 1756 se
1538 1726 1628 1755 habet
1648 1725 1771 1764 Sibylla.
1816 1724 1869 1753 Est
1890 1723 1966 1752 enim
1988 1723 2035 1751 lo-

1077 1780 1130 1799 cus
1149 1780 1164 1798 e
1184 1770 1279 1808 virgil
1309 1770 1381 1798 Aen.
1398 1770 1475 1808 VIII,
1485 1772 1568 1806 660.‚
1590 1768 1641 1797 ubi
1659 1768 1759 1797 Venus
1775 1766 1846 1796 dare
1869 1765 2036 1794 ostenditur

1077 1813 1234 1842 Aeneadae
1258 1813 1413 1852 clypeum,
1435 1813 1466 1841 in
1491 1823 1568 1851 quo,
1601 1821 1676 1850 quae
1707 1811 1809 1839 sutura
1839 1813 1925 1845 sunt,
1956 1809 2034 1847 picta

1077 1861 1156 1885 sunt.
1178 1872 1220 1878 —
1248 1859 1293 1889 39)
1312 1858 1498 1884 innectentur
1521 1856 1578 1884 Gu.
1602 1857 1628 1884 1.
1656 1870 1696 1875 -—
1718 1851 1766 1893 40)
1784 1853 1916 1881 Zenones
1939 1851 1976 1880 al.
1994 1867 2035 1873 —

1077 1901 1125 1936 41)
1149 1899 1280 1926 Zenones
1305 1899 1361 1927 Gu.
1382 1902 1408 1930 1.
1426 1902 1454 1930 2.
1471 1909 1515 1937 pr.
1539 1907 1584 1925 va.
1603 1901 1632 1926 et
1651 1897 1695 1925 sic
1717 1900 1822 1935 postea
1844 1905 1859 1922 z
1882 1904 1938 1933 pro
1961 1905 2034 1921 :c—

1077 1941 1125 1980 42)
1141 1947 1266 1980 poetam
1289 1942 1345 1971 Gu.
1370 1944 1398 1973 2.
1414 1951 1460 1970 va.
1505 1941 1602 1968 Locus
1619 1944 1663 1968 est
1684 1949 1699 1968 e
1715 1939 1797 1976 Virg.
1822 1938 1894 1966 Aen.
1916 1936 1966 1971 IV,
1983 1937 2033 1968 42.

1077 1983 1128 2012 ubi
1152 1989 1213 2013 est:
1247 1985 1384 2022 Lateque
1401 1984 1541 2020 furentes
1563 1983 1685 2012 Barcei.
1711 2000 1749 2004 —-
1780 1981 1825 2020 43)
1845 1991 1902 2019 per
1922 1981 2033 2008 montis

1076 2027 1214 2065 amplam
1237 2027 1293 2054 Gu.
1319 2031 1344 2056 1.
1366 2042 1410 2049 —
1442 2028 1491 2063 44)
1515 2026 1552 2054 ad
1575 2035 1667 2063 marg.
1690 2024 1757 2054 cod.
1781 2024 1875 2052 Tolet.
1898 2023 1920 2051 Ι.
1942 2027 2032 2051 nota-

1074 2074 1137 2098 tur:
1165 2070 1320 2098 Vaccaeos
1343 2070 1494 2107 invicto-⁹,
1517 2080 1536 2097 α
1559 2068 1644 2096 nullo
1666 2073 1754 2106 gente
1780 2068 1883 2095 victos.
1914 2082 1951 2087 ——-
1985 2063 2030 2101 45)

1074 2112 1123 2140 sic
1146 2113 1205 2141 Gu.
1230 2116 1256 2143 1.
1274 2115 1303 2144 2.
1326 2122 1371 2150 pr.
1396 2122 1444 2140 va.
1464 2112 1517 2141 Ar.
1541 2110 1628 2151 (Ca.)
1649 2127 1688 2132 ——
1713 2109 1799 2147 Vulg.
1823 2107 1907 2148 quod
1924 2117 2029 2145 genus.

1073 2171 1114 2177 -—
1144 2153 1191 2195 46)
1215 2155 1265 2183 Sic
1288 2155 1344 2183 Gu.
1368 2157 1395 2186 1.
1421 2171 1460 2176 -—-
1485 2154 1571 2192 Vulg.
1591 2154 1663 2182 urbs
1699 2163 1814 2181 nomen.
1841 2167 1882 2174 —
1910 2150 1957 2189 47)
1980 2148 2028 2176 Sic

1075 2197 1171 2228 Gu.1.
1195 2198 1234 2228 al.
1259 2197 1364 2225 Cod.1.
1390 2196 1456 2225 Vat.
1479 2197 1570 2225 Arch.
1593 2196 1631 2224 ab
1652 2197 1770 2234 Spania
1795 2199 1825 2224 et
1847 2204 1885 2223 ex
1902 2194 2025 2236 correct.

1073 2244 1186 2270 recent.
1207 2240 1246 2268 ab
1269 2239 1408 2278 Hispali.
1432 2255 1474 2261 —-
1497 2240 1585 2277 Vulg,
1609 2239 1647 2267 ab
1671 2238 1814 2277 IIc'spalo.
1845 2252 1879 2257 —-
1907 2232 1953 2271 45)
1976 2233 2024 2259 5¹⁰

1072 2292 1119 2320 pr.
1138 2292 1184 2312 va.
1202 2284 1241 2312 al.
1261 2284 1308 2311 Ar.
1327 2299 1362 2304 ——
1384 2283 1502 2310 Gallica·
1521 2283 1556 2311 al.
1574 2299 1611 2304 —
1636 2282 1768 2310 Gallica·
1789 2279 1869 2316 vulg.
1888 2292 1928 2297 -
1946 2273 2023 2302 Gal·

1071 2325 1111 2352 la·
1133 2324 1188 2353 Gu.
1214 2329 1241 2357 1.
1263 2341 1305 2347 -
1330 2325 1455 2353 Galam
1479 2325 1535 2354 ου.
1558 2327 1585 2356 2.
1616 2341 1658 2347 -
1691 2323 1738 2362 49)
1763 2322 1848 2358 ναις.
1872 2316 1938 2346 add·
1954 2316 2022 2354 fin-

1069 2373 1206 2406 guntur,
1229 2368 1312 2407 quod
1334 2378 1391 2397 om.
1416 2368 1475 2399 Gu,
1498 2371 1523 2399 1.
1545 2370 1576 2400 2.
1596 2367 1645 2396 Ar·
