2264 2830
787 75 1033 112 ORIGINUM
1075 81 1221 118 LIBER
1248 86 1339 119 VIII.

87 165 168 209 quid
192 166 235 200 de
263 167 363 213 igneo
392 169 466 202 Deo
490 170 634 215 legitur,
662 170 828 204 Eraclitus
839 168 864 188 ³³
890 173 1073 208 intervenit.

1970 99 2045 135 265

1128 178 1281 213 Eaedem
1310 181 1466 215 materiae
1493 183 1586 229 apud
1613 184 1801 222 haereticos
1828 196 1861 224 et
1887 193 2042 238 philoso-

87 217 177 262 phos
203 219 394 253 volutantur
406 218 448 265 ³⁴,
476 222 578 255 iidem
588 218 614 239 ³⁵
640 227 833 257 retractatus
859 224 1083 270 implicantur.

685 308 714 343 C
740 311 770 343 A
798 311 835 345 P.
890 311 964 346 V11.

1043 313 1127 348 Dc
1180 316 1437 353 Poetis.

256 374 284 407 1.
338 375 464 408 Poetae
492 376 580 409 unde
607 377 670 410 sint
697 378 796 419 dicti,
824 379 871 414 sic
898 381 942 414 ait
969 381 1238 427 Tranquillus³⁶2
1276 386 1365 420 Cum
1395 387 1587 432 primumn
1620 392 1776 429 homines
1811 402 1918 431 exuta
1943 398 2041 445 seri-

89 427 164 457 tate
190 427 363 460 rationem
390 427 484 460 vilae
511 428 645 462 habere
672 431 878 475 coepissent,
917 444 1022 478 seque
1048 447 1094 469 ac
1121 436 1207 469 deos
1232 449 1314 471 snos
1340 450 1455 481 nosse,
1497 443 1672 477 modicum
1702 446 1867 481 cultum³⁸

86 486 221 510 monem
248 479 485 512 necessarium
513 482 698 516 commenti
708 479 732 498 ³¹³
758 483 825 516 sibi
851 484 1065 531 utriusque⁴⁰
1090 488 1399 535 magnificentiam
1430 492 1482 525 ad
1508 494 1717 539 religionem
1728 496 1750 515 ⁴¹

85 537 164 561 rum
190 531 489 576 excogitaverunt.

251 582 284 614 2.
338 582 460 627 Igitur
483 587 518 616 ut
546 585 680 630 templa
708 586 778 620 illis
804 587 967 623 domibus
986 590 1218 635 pulchriora,
1247 597 1280 626 et
1308 594 1505 628 simulacra
1540 600 1746 643 corporibus

84 631 240 673 ciebant,
268 633 319 666 ita
346 635 480 679 cloquio
509 636 617 668 eliam
639 639 742 682 quasi
770 641 978 683 augustiore
1006 642 1232 677 honorandos
1249 649 1484 689 ῃιιίιιυονιιηί,
1513 648 1739 695 lauclesqne⁴2

84 682 136 716 bis
158 683 352 718 illustribus
362 683 387 702 ⁴³
411 691 442 719 ct
470 687 733 723 iucundioribus
758 693 912 725 numeris
940 695 1146 728 extulerunt.

82 745 174 778 quae
200 733 347 785 ποιότης
359 733 383 753 ⁴*
411 738 556 780 dicitnr,
583 751 713 785 poema
738 741 934 776 vocatum*

1894 461 1939 483 ac
1964 463 2040 485 ser-

1786 500 1933 535 dcorum
1959 515 2039 538 suo-

1773 605 1951 648 amplioru
1968 606 2038 652 su-

1766 665 1885 689 corum
1914 662 1944 690 et
1961 670 2037 691 ver·

1200 696 1248 728 M
1274 708 1390 739 genus
1423 700 1507 743 quia
1528 700 1658 745 forma
1685 706 1843 748 quadam
1872 709 2037 755 efficitur,

962 749 1030 787 cst,
1066 748 1207 792 eiusque
1229 741 1383 794 fictores
1403 755 1542 795 poetae.

247 787 280 821 3.
337 789 436 822 Vates
464 803 483 823 a
510 791 542 823 vi
569 793 686 826 mentis
713 795 904 838 appellatos
929 795 1075 830 Varro⁴⁶
1100 805 1217 832 auctor
1246 806 1310 841 est,
1347 803 1398 834 vel
1430 814 1449 835 a
1475 803 1601 837 viendis
1613 801 1637 821 ⁴⁷
1673 808 1892 851 carminibus,
1927 812 1961 844 id
1990 819 2037 846 est

80 837 270 881 flectendis,
298 840 367 875 hoc
396 848 459 883 est,
481 843 710 877 modulandis:
738 852 770 878 et
796 847 938 891 proinde
965 855 1088 893 poetae
1115 851 1233 885 Latine
1261 858 1350 886 vates
1375 855 1475 896 olim,
1501 860 1533 888 et
1544 852 1567 872 ⁴⁸

1594 857 1716 901 scripta
1745 871 1858 894 eorum
1884 864 2036 897 vaticinia

80 889 298 935 dicebantur,
327 894 419 936 quod
449 894 479 927 vi
496 896 640 938 quadam
670 902 703 929 et
729 899 822 941 quasi
851 901 982 933 vesania
1009 901 1041 933 in
1068 903 1246 936 scribendo
1267 911 1577 948 commoverentur,
1604 910 1656 942 vel
1680 911 1773 954 quod
1797 914 1906 947 modis
1933 916 2036 949 verba

80 949 357 977 connecterentur
372 941 412 986 ¹⁹,
441 944 565 980 viere⁵⁰
591 948 730 992 antiquis
756 961 820 994 pro
849 952 973 985 vincire
999 956 1217 997 ponentibus,
1247 958 1345 989 etiam
1374 969 1435 1002 per
1463 959 1621 993 furorem.

182 995 293 1028 Dia-ini
321 996 441 1030 eodem
468 1004 559 1031 erant
581 1001 730 1042 nomine,
757 1003 836 1046 quia
860 1009 891 1036 et
918 1004 978 1048 ipsi
1006 1017 1142 1050 quoque
1168 1008 1332 1052 pleraque
1358 1011 1506 1043 versibus
1533 1012 1730 1048 efferebant.

248 1046 282 1080 ⁴.
336 1049 448 1092 Lyriei
475 1056 599 1094 poetae
621 1049 696 1087 dno*
722 1055 792 1089 τοῦ
818 1057 936 1102 λυρᾰῖν
949 1053 990 1097 5¹,
1018 1058 1053 1090 id
1083 1064 1130 1091 est
1157 1072 1174 1092 a
1203 1062 1360 1094 varietate
1389 1063 1583 1096 carminum.
1638 1064 1739 1098 Unde
1767 1071 1800 1099 et
1835 1067 1906 1112 lyra
1933 1069 2032 1106 dicta,

243 1097 277 1131 5.
333 1101 509 1146 Tragoedi
533 1102 633 1141 dicti,
661 1105 755 1148 quod
778 1106 868 1139 initio
897 1109 1090 1143 canentibus

76 1154 205 1182 vocant.
260 1150 361 1185 Unde
388 1159 420 1185 et
447 1152 656 1188 Horatius⁵³:

1118 1112 1306 1155 praemium
1334 1119 1404 1146 erat
1431 1114 1562 1157 hircus,
1584 1127 1685 1159 quem
1714 1117 1838 1152 Graeci
1868 1117 1998 1167 τράγος
2009 1118 2034 1139 ⁵²

310 1203 477 1238 Carmine
498 1207 557 1250 qui
582 1208 726 1252 tragico
754 1209 857 1242 vilem
884 1212 1033 1244 certavit
1061 1212 1104 1245 ob
1132 1214 1281 1248 hircum.

177 1251 269 1286 Olim
299 1253 423 1288 enim⁵⁴
450 1257 574 1292 dehinc
596 1265 768 1302 sequentes
797 1262 916 1305 tragici
942 1263 1085 1296 multum
1114 1264 1279 1298 honorem
1308 1266 1421 1311 adepti
1442 1273 1532 1310 sunt,
1562 1270 1762 1304 excellentes
1789 1271 1820 1304 in
1849 1284 2029 1318 argumen-

74 1302 114 1334 tis
140 1302 327 1339 fabularum
356 1307 398 1339 ad
426 1310 570 1341 veritatis
597 1310 777 1354 imaginem
804 1312 897 1346 fictis.

240 1356 272 1389 6.
328 1358 494 1392 Comoedi
522 1361 684 1404 appellati
695 1359 720 1378 ⁵⁵
747 1363 815 1395 sive
843 1376 860 1396 a
888 1364 989 1405 loco,
1026 1366 1103 1409 quia
1131 1367 1255 1401 circum
1287 1380 1396 1413 pagos
1431 1371 1595 1414 agebant,
1647 1383 1731 1415 quos
1759 1373 1883 1407 Graeci
1910 1377 2030 1420 κώμας

75 1411 213 1445 vocant,
253 1409 320 1441 sive
355 1422 373 1442 a
406 1413 646 1446 comessatione
659 1410 692 1445 ⁵⁵.

72 1455 142 1488 Sed
171 1460 326 1493 comoedi
337 1457 362 1477 5³

73 1507 135 1540 rias
148 1504 182 1542 ⁵⁸.

69 1763 108 1791 ab
133 1765 240 1804 scripsi
263 1777 319 1806 pro
346 1780 366 1796 a
388 1780 404 1798 e
427 1770 485 1800 Gu.
506 1774 533 1802 1.
555 1775 583 1804 2.
606 1782 654 1802 va.
676 1790 717 1796 —-
740 1776 789 1811 30)
813 1781 845 1802 ut
866 1781 892 1803 et
922 1775 979 1805 Gu.
1000 1779 1025 1808 1.

68 1822 110 1826 —-
132 1805 179 1847 31)
203 1809 252 1837 Sic
275 1809 334 1839 Gu.
355 1815 381 1843 l,
407 1828 448 1833 —
474 1813 559 1852 Vulg.
582 1818 769 1844 resurret'lim
796 1835 831 1839 -—
856 1817 902 1857 32)
920 1825 953 1846 ut
970 1819 1026 1849 Gu.

70 1851 98 1879 1.
115 1864 157 1870 -—
177 1850 231 1878 uhi
246 1857 274 1879 et
297 1854 354 1882 Gu.
372 1858 402 1887 2.
426 1871 468 1877 —
489 1858 538 1895 33)
555 1859 703 1887 Eraclizcs
725 1860 780 1890 Gu.
794 1863 823 1892 1.
846 1877 888 1882 —
910 1860 959 1901 34)
975 1873 1026 1889 vo-

68 1890 211 1921 lutantur
236 1894 294 1923 Gu.
320 1899 347 1927 1.
397 1897 472 1926 Tum
501 1901 691 1931 scribendum
723 1902 843 1931 eaedem
870 1906 1024 1942 materiae,

66 1938 101 1962 ut
124 1945 171 1973 ap.
197 1936 318 1967 Tertull.
342 1939 364 1968 l.
386 1950 413 1970 c.
432 1957 475 1963 —-
498 1941 583 1982 Vulg.
605 1944 709 1974 eadem
730 1948 862 1975 materia
886 1969 892 1975 .
909 1969 916 1976 .
934 1969 942 1977 .
966 1959 1024 1976 vo-

68 1976 201 2008 lutatur.
224 1996 269 2001 --
290 1978 340 2022 35)
363 1982 412 2011 Sic
434 1983 522 2014 Arev.
546 1996 561 2015 e
584 1987 711 2018 Tertull.
727 2005 770 2012 —
792 1989 879 2028 Vulg.
902 1990 981 2019 idem
997 1996 1023 2019 et

66 2025 186 2050 retract.
200 2038 242 2044 —
266 2023 322 2052 Gu.
344 2027 372 2056 2.
394 2035 441 2064 pr.
465 2037 511 2057 va.
535 2028 572 2057 id
592 2037 633 2058 est
655 2038 776 2063 retract,
803 2049 845 2054 —-
866 2033 1022 2072 replican-

65 2067 118 2090 tur
141 2064 196 2093 Gn.
214 2068 241 2097 1.
263 2083 306 2088 —
326 2065 373 2106 36)
396 2070 507 2098 Poetae
529 2072 598 2100 inde
621 2081 693 2103 sunt
716 2075 808 2111 dicti,
831 2077 911 2104 sicut
930 2077 1017 2105 al.—

64 2106 143 2134 ⁸icut
165 2107 220 2138 Gu.
239 2110 270 2139 2.
291 2125 333 2131 —
361 2113 406 2145 37)
432 2114 531 2150 primi
554 2115 611 2145 Gu.
636 2119 662 2148 1.
690 2135 732 2139 —
767 2118 816 2156 38)
841 2119 890 2147 Sic
915 2119 971 2148 Gu.
992 2122 1019 2151 1.

63 2165 106 2173 —-
128 2150 201 2178 cult.
225 2151 304 2182 mod.
329 2153 409 2191 vulg.
437 2172 479 2176 —
512 2157 561 2196 39)
586 2162 759 2188 commentis
783 2162 839 2191 Gu.
864 2165 891 2193 1.
915 2162 951 2192 al.
973 2173 1018 2201 pr.

63 2206 106 2213 —
126 2192 172 2230 40)
196 2195 336 2233 utrisque
365 2197 422 2226 Gu.
445 2200 471 2229 1.
491 2201 521 2230 2.
545 2200 580 2228 al.
603 2211 649 2229 va.
678 2218 720 2225 —
749 2203 797 2243 41)
821 2215 841 2232 α
871 2205 1017 2243 religione

65 2233 121 2262 Gu.
146 2238 172 2265 1.
198 2252 242 2258 -—
277 2238 325 2275 42)
348 2238 458 2268 laudes
479 2252 537 2271 eor.
561 2243 616 2272 Gu.
643 2247 671 2274 1.
693 2261 734 2268 -—
763 2245 809 2287 43)
832 2246 881 2276 Sic
906 2248 962 2276 Gu.
987 2252 1012 2280 1.

63 2292 97 2297 —
118 2277 341 2308 illustrioribus
370 2282 451 2321 vulg.
475 2300 518 2305 —
554 2286 602 2326 44)
623 2290 724 2324 poesis
747 2289 795 2318 Ar.
818 2307 857 2311 —
894 2289 942 2330 45)
964 2291 1013 2320 Sic

64 2318 120 2348 Gu.
147 2323 174 2351 1.
197 2337 236 2343 —
259 2326 429 2353 vocitatum
449 2327 529 2366 vulg.
556 2345 597 2351 —
634 2329 682 2369 46)
705 2330 800 2360 Varro
822 2332 874 2362 lib.
899 2333 949 2363 VI.

102 2369 271 2403 GnfflMAr.
287 2386 355 2406 Lm.
369 2377 419 2407 ΠΙ.

238 1511 320 1545 Item
350 1515 554 1558 tragicorum
584 1522 780 1560 argumenta
808 1529 848 1550 ex
875 1518 973 1551 rebus
1001 1526 1075 1552 sunt
1102 1519 1310 1555 luctuosis⁵⁹:

239 1561 272 1597 7.
324 1564 400 1597 Duo
428 1572 501 1598 sunt
528 1572 638 1599 autem
666 1579 793 1612 genera
820 1571 1046 1614 comicorum,
1084 1572 1118 1605 id
1147 1579 1212 1614 est,
1249 1579 1376 1607 veteres
1405 1581 1436 1607 et
1464 1577 1552 1608 novi.

70 1610 263 1647 ridiculares
290 1615 430 1649 existunt
441 1614 483 1659 ¹³⁰,
512 1623 546 1650 ut
574 1619 730 1661 Plautus,
756 1621 890 1663 Actius,
919 1623 1105 1657 Terentius.

69 1661 145 1696 liter
171 1664 247 1698 vitia
274 1674 470 1713 carpuntur,
501 1675 534 1703 ut
564 1670 725 1713 Flaccus,
752 1673 901 1715 Persius,
929 1674 1092 1708 Iuvenalis
1120 1681 1152 1709 et
1163 1674 1188 1693 ⁰²
1215 1678 1281 1710 alii.

753 1414 916 1448 Solebant
950 1417 1036 1449 enim
1071 1424 1148 1462 post
1184 1420 1296 1452 cibum
1331 1421 1482 1453 homines
1517 1422 1558 1454 ad
1600 1434 1656 1455 eos
1691 1424 1874 1458 audiendos
1907 1428 2028 1463 venire.

388 1463 593 1506 privatorum
621 1464 794 1498 hominum
822 1467 1020 1510 praedicant
1054 1474 1153 1509 acta,
1196 1472 1313 1517 tragici
1341 1484 1420 1504 vero
1455 1484 1507 1506 res
1535 1474 1688 1517 publicas
1716 1481 1748 1507 et
1775 1488 1894 1521 regum
1922 1478 2029 1512 histo-

1346 1524 1550 1557 comicorum
1580 1536 1619 1557 ex
1647 1527 1744 1558 rebus
1771 1527 1874 1562 laetis.

1606 1577 1764 1619 Veteres,
1808 1581 1865 1622 qui
1894 1586 1926 1613 et
1952 1582 2028 1616 ioco

1173 1626 1279 1665 Novi,
1307 1627 1364 1669 qui
1392 1632 1424 1659 et
1451 1627 1610 1671 Satyrici,
1649 1626 1703 1661 :1⁶¹
1731 1631 1851 1673 quibus
1885 1644 2028 1677 genera—

1336 1679 1382 1711 Hi
1419 1679 1505 1712 enim
1533 1680 1762 1715 universorum
1790 1682 1915 1718 delicta
1950 1697 2027 1719 cor-

1069 1776 1115 1815 47)
1140 1788 1159 1805 α
1185 1778 1324 1806 videndis
1348 1780 1404 1809 Gu.
1431 1783 1457 1812 1.
1486 1798 1520 1802 —
1547 1781 1690 1809 vehendis
1719 1783 1776 1811 Gu.
1800 1787 1820 1816 2
1861 1785 1910 1820 (in
1934 1797 2025 1825 marg.

1070 1820 1111 1849 al.
1137 1820 1266 1859 viendis)
1292 1833 1338 1852 va.
1360 1840 1402 1844 —
1431 1823 1478 1862 48)
1503 1829 1528 1850 et
1555 1834 1612 1853 om.
1638 1825 1696 1853 Gu.
1722 1828 1748 1856 1.
1766 1842 1807 1847 —
1829 1830 1873 1860 49)
1896 1829 1944 1857 Sic
1969 1831 2024 1860 Gu.

1071 1865 1096 1893 1.
1117 1863 1153 1894 al.
1176 1880 1219 1886 —
1249 1871 1449 1893 connecterent
1474 1866 1551 1903 vulg.
1582 1883 1624 1888 -——
1668 1870 1713 1901 50)
1738 1870 1813 1896 enim
1839 1870 1905 1900 add.
1933 1872 2026 1911 vulg„

1068 1906 1151 1944 quod
1175 1918 1233 1938 om.
1257 1908 1315 1938 GU.
1338 1911 1365 1939 1.
1389 1911 1419 1940 2-
1443 1924 1479 1929 -
1514 1908 1604 1937 Viere
1626 1911 1705 1938 enim
1728 1913 1855 1950 antiqui
1871 1925 1930 1952 pro
1952 1917 2025 1944 rin-

1068 1950 1128 1977 cire
1146 1951 1303 1989 ponebant
1325 1951 1374 1979 Ar.
1399 1967 1440 1972 —-
1469 1951 1622 1991 Antiquis
1649 1954 1727 1980 viere
1752 1965 1812 1992 pro
1845 1958 1924 1987 vinc.
1950 1969 2023 1996 pon,

1065 2001 1113 2021 va.
1140 2010 1181 2016 -
1210 1993 1258 2034 51)
1282 1993 1361 2024 Edit.
1382 1993 1526 2031 Vulcan.,
1557 2005 1634 2034 quae
1656 1996 1742 2024 nobis
1766 2002 1811 2026 est
1835 2000 1933 2038 vulg.‚
1963 2012 2021 2031 om.

1063 2036 1174 2075 λυρεῖν.
1196 2054 1236 2059 —-
1264 2037 1351 2075 Vulg.
1374 2043 1483 2075 poetae
1505 2036 1602 2076 dicti,
1634 2038 1686 2068 sed
1713 2038 1792 2067 dicei
1824 2051 1879 2071 om.
1910 2043 1967 2073 Gu.
1992 2048 2019 2076 1.

1062 2093 1105 2099 —
1126 2082 1170 2113 52)
1196 2080 1245 2108 Sic
1269 2082 1326 2108 Gu.
1349 2082 1373 2110 1.
1395 2082 1424 2110 2.
1448 2090 1496 2119 pr.
1520 2090 1568 2109 va.
1588 2096 1632 2104 —
1663 2078 1775 2122 τράγον
1798 2085 1879 2123 vulg.
1899 2100 1941 2107 —
1973 2086 2018 2125 53)

1062 2119 1126 2150 Art.
1150 2122 1233 2152 Poet.
1259 2126 1329 2155 220.
1360 2138 1403 2144 —
1431 2127 1479 2158 54)
1502 2123 1552 2151 Sic
1577 2124 1633 2154 Gn.
1655 2127 1682 2155 1.
1706 2141 1748 2146 —
1776 2126 1841 2154 Iam
1873 2128 1954 2166 vulg.
1978 2146 2018 2150 -

1060 2164 1108 2200 55)
1131 2171 1202 2193 sunt
1225 2165 1292 2194 add.
1316 2176 1360 2194 va.
1386 2184 1424 2188 -—-
1458 2164 1507 2205 56)
1532 2169 1795 2196 consummatione
1824 2180 1871 2200 va,
1898 2188 1939 2192 —
1970 2170 2016 2209 57)

1059 2205 1107 2233 Sic
1124 2207 1179 2238 Gu.
1198 2211 1225 2238 1.
1242 2225 1284 2231 —
1307 2209 1414 2236 comici
1437 2209 1517 2247 vulg.
1539 2226 1581 2232 —
1604 2209 1650 2248 58)
1663 2210 1827 2239 historiam
1844 2213 1884 2243 al,
1902 2230 1943 2235 —
1967 2214 2011 2247 59)

1057 2248 1106 2276 Sic
1127 2250 1183 2279 Gu.
1204 2254 1229 2282 1.
1255 2268 1297 2273 —
1327 2251 1412 2289 Vulg.
1436 2262 1470 2278 ex
1491 2252 1579 2280 rebus
1608 2253 1682 2282 lact.
1708 2259 1788 2283 sunt.
1818 2271 1858 2277 -
1895 2252 1941 2293 60)
1964 2254 2011 2281 Sic

1056 2291 1113 2320 Gu.
1133 2295 1159 2324 1.
1181 2310 1215 2315 -—
1237 2296 1397 2322 extiterunt
1418 2294 1500 2332 vulg.
1522 2311 1564 2317 -
1588 2296 1637 2334 61)
1661 2306 1695 2323 ex
1718 2297 1830 2334 quibu-5·
1852 2298 1906 2324 Gu.
1926 2299 1952 2327 1.
1974 2313 2007 2318 —

1054 2345 1069 2362 e
1091 2335 1204 2373 quibus
1227 2337 1283 2367 Gu.
1301 2340 1330 2370 2.
1349 2354 1392 2361 --
1414 2338 1460 2374 62)
1485 2337 1534 2366 vel
1556 2338 1613 2366 Gu.
1631 2341 1659 2370 2.
1680 2349 1726 2377 pr.
1743 2349 1789 2368 va.

1550 2389 1612 2422 Ll
