2264 2830
824 113 1072 148 ORIGINUM
1100 114 1244 148 LIBER
1265 114 1339 149 Vll.

267 208 327 242 31.
382 206 532 241 Cethura
562 206 746 250 thymiama
758 204 792 240 ³³.

269 268 328 302 32.
380 267 524 301 ismahel
551 267 785 311 interpretatur
809 268 936 301 auditio
960 264 1075 302 Dei³½

104 321 280 361 Ismahcl,
308 320 391 365 quia
419 319 599 353 emandavit
628 331 705 352 eum
737 320 842 353 Deus.

270 380 329 415 33.

385 380 473 412 Esau
499 379 670 412 trinomius·
699 385 756 419 est,
786 386 818 413 et
845 392 884 413 ex
911 379 1056 424 propriis
1084 381 1187 413 causis
1201 377 1225 397 ³⁶

1986 121 2061 156 235

1102 268 1151 302 sic
1174 269 1260 303 enirn
1282 270 1443 315 scriptum
1471 267 1573 305 cst³⁵z
1599 271 1648 306 Ee
1675 273 1813 306 vocavit
1841 284 1965 307 nomen
1991 276 2063 309 eius

1253 381 1341 414 varie
1365 387 1575 426 nuncupatur
1586 380 1620 417 ³⁷.
1649 382 1812 418 Dicitur³⁸
1832 386 1931 427 Esau,
1955 386 1990 418 id
2018 391 2065 419 est

104 434 196 467 rufus
223 433 268 465 ob
296 432 483 466 coctionem
511 431 638 464 scilicet
650 428 675 447 ³⁰
702 433 794 465 rusae
823 432 917 465 lentis
945 433 990 464 ita
1018 432 1218 476 appellatus,
1247 434 1338 466 cuius
1363 433 1476 465 edulio
1503 435 1729 480 primogenita
1757 438 1914 482 perdidit.
1951 438 2065 471 Edom

105 491 215 518 autem
232 485 277 517 ob
305 484 461 516 ruborem
490 484 641 527 corporis
670 483 776 517 dictus
805 490 862 525 est,
889 484 981 527 quod
999 484 1117 517 Latine
1143 485 1342 528 sanguineus
1370 485 1500 520 dieitur.
1529 488 1603 520 seir
1627 500 1717 530 vero,
1734 490 1828 533 quod
1843 490 2065 535 suerithispi—

106 537 168 571 dus
196 541 227 570 et
254 536 397 581 pilosus:
425 534 561 578 quando
590 536 676 567 euim
705 541 796 569 natus
825 541 895 577 est,
923 541 1010 568 totus
1037 537 1120 569 sicut
1147 537 1245 580 pellis
1274 537 1400 580 pilosus
1429 542 1508 572 erat.

270 596 328 628 34.
382 597 494 638 Atque
522 596 599 628 ideo
615 593 635 611 ¹⁰
661 597 764 629 trihus
792 597 978 629 nominibus
1006 597 1214 640 appellatur:
1249 597 1357 638 Esau,
1389 597 1422 629 id
1451 603 1498 631 est
1528 598 1637 632 rusus:
1672 599 1805 641 Edom,
1845 601 1880 633 id
1914 606 1963 634 est
1990 613 2065 635 san-

106 648 267 694 guineus:
294 647 385 688 Seir,
413 647 446 679 id
476 652 524 679 est
553 648 700 691 pilosus,
729 649 805 691 quia
834 661 899 680 uon
927 648 1043 681 habuit
1071 649 1249 682 leuitatem.

275 698 334 731 35.
388 699 547 732 Rebecca
574 699 607 731 id
633 705 680 732 est
696 696 715 716 ¹¹
743 701 912 744 patientia,
941 701 1007 733 sive
1035 712 1121 743 quae
1134 697 1157 716 ⁴²
1183 700 1325 733 multum
1354 697 1532 745 accepit¹³.

273 750 330 783 36.
383 750 445 783 Lia
473 751 506 782 id
534 755 581 783 est
609 752 774 784 laboriosa
785 749 808 768 ⁴⁴
836 752 948 796 utique
971 752 1179 797 generando.

108 801 275 836 cunditate
302 802 455 846 pariendi
479 807 615 846 experta
644 807 701 837 est.

271 853 330 886 37.

274 905 332 939 38.
387 906 521 950 Zelpha
549 918 586 938 os
613 906 707 939 hians
721 904 754 942 ⁴⁶.

212 957 297 990 Bala
324 958 515 991 inveterata.

212 1009 299 1041 Dina
326 1010 520 1042 transfertur
546 1009 578 1042 in
606 1021 751 1043 causam.

275 1060 334 1093 39.
388 1062 541 1094 Thamar
568 1062 755 1094 amaritudo
783 1073 846 1105 pro
874 1062 948 1094 viris
975 1063 1122 1097 mortuis.

113 1110 265 1144 habitum
280 1109 304 1129 *Β
331 1114 530 1152 uwretricis,
559 1113 694 1156 quando
724 1124 800 1146 cum
829 1125 946 1147 socero
975 1111 1071 1147 suo⁴5¹

111 1213 239 1247 Phares
266 1216 397 1249 sortitus
425 1222 473 1249 est
496 1228 627 1250 nomen.

113 1266 334 1309 pellabantur.

1232 753 1399 785 Plurimos
1427 753 1513 786 enim
1542 753 1696 795 dolores,
1724 765 1825 797 quam
1853 754 1985 788 Rachel
2014 755 2066 788 se—

386 854 519 887 Rachel
546 855 780 899 interpretatur
808 855 877 888 ovis
888 851 927 895 ¹5,
955 866 1018 899 pro
1047 866 1087 888 ea
1111 855 1200 888 enim
1228 855 1331 889 Iacob
1359 855 1452 900 pavit
1480 866 1559 889 oves
1586 855 1728 889 Labam.

805 1009 910 1054 Iurgii
938 1010 1025 1043 enim
1053 1010 1084 1042 in
1112 1010 1271 1044 Sichimis
1299 1021 1401 1044 causa
1431 1010 1546 1044 extitit.

1178 1063 1308 1095 Eadem
1337 1069 1369 1096 et
1392 1067 1600 1096 commutans
1616 1058 1647 1094 ²⁷.
1688 1060 1835 1094 Mutavit
1863 1060 1949 1094 enim
1976 1073 2011 1094 se
2038 1061 2070 1093 in

1095 1114 1286 1147 concubuit.

390 1165 517 1197 l'hares
544 1166 659 1197 divisio
688 1162 761 1198 e0⁵⁰
789 1165 882 1208 quod
910 1165 1055 1198 diviserit
1082 1167 1346 1198 membranulam
1357 1162 1379 1182 ⁵¹
1410 1165 1631 1199 secundarum
1645 1160 1671 1181 ⁵²
1698 1159 1887 1198 divisorisffi.
1924 1162 1964 1196 ld
1992 1159 2070 1196 est5¹

681 1216 783 1249 Unde
808 1222 840 1249 et
867 1216 1049 1258 Pharisaei,
1077 1218 1135 1260 qui
1158 1229 1193 1250 se
1220 1218 1313 1260 quasi
1342 1217 1441 1249 iustos
1459 1229 1478 1249 a
1505 1217 1634 1261 populo
1655 1217 1864 1260 separabant,
1892 1214 1985 1247 divisi
2009 1226 2070 1259 ap-

392 1319 477 1351 Zara
506 1319 608 1351 frater
636 1318 721 1359 eius,
749 1318 780 1349 in
811 1318 902 1351 cuius
929 1330 1028 1351 manu
1057 1323 1126 1351 erat
1147 1319 1323 1352 coccinum
1336 1314 1371 1359 ⁵⁵,
1399 1318 1633 1361 interpretatur
1655 1317 1775 1357 oriens,
1804 1317 1882 1360 quia
1894 1312 1918 1333 ⁵⁶
1945 1316 2072 1360 primus

116 1369 288 1412 apparuit,
324 1370 392 1402 sive
419 1370 511 1412 quod
540 1370 673 1414 plurimi
700 1370 772 1402 iusti
800 1381 839 1402 ex
868 1380 908 1402 eo
936 1371 1003 1402 nati
1031 1376 1104 1402 sunt
1115 1366 1158 1411 ⁵⁷,
1195 1374 1231 1403 ut
1260 1371 1293 1402 in
1321 1370 1408 1403 libro
1432 1370 1715 1414 Paralipomenon
1742 1370 1946 1409 continetur,
1975 1368 2072 1408 zara,

116 1419 151 1452 id
180 1425 227 1453 est
257 1421 384 1461 oriens,
412 1422 602 1466 appellatus
629 1417 721 1453 estffl.

117 1523 285 1566 passiones
312 1524 479 1557 dolorum.

283 1575 341 1608 43.

396 1473 456 1505 Iob
483 1474 514 1505 in
542 1473 699 1506 Latinum
725 1472 858 1504 vertitur
886 1472 1021 1512 dolens,
1050 1477 1083 1504 et
1110 1477 1219 1505 recte:
1247 1472 1365 1504 dolens
1377 1467 1418 1511 ⁵⁹,
1453 1475 1595 1516 propter
1622 1470 1872 1514 percussionem
1907 1469 2014 1503 carnis
2042 1474 2075 1503 et

534 1525 767 1558 Calamitatem
795 1524 881 1555 enim
910 1535 1003 1555 snam
1017 1520 1042 1539 ¹³⁰
1069 1524 1208 1556 nominis
1236 1523 1447 1567 etymologia
1470 1522 1718 1568 praefiguravit.

395 1576 528 1608 Pharao
556 1587 677 1620 nomen
706 1580 752 1607 est
779 1586 845 1607 non
872 1574 1034 1615 hominis,
1069 1575 1127 1608 sed
1155 1575 1292 1607 honoris
1304 1572 1346 1615 ⁶¹,
1383 1576 1466 1608 sicut
1494 1580 1526 1607 et
1537 1570 1561 1590 ⁶²
1588 1573 1680 1618 apud
1708 1583 1768 1605 nos
1802 1573 1945 1616 Augusti
1979 1584 2075 1617 reges

118 1623 382 1670 appellantur‘ffi,
417 1639 494 1661 cum
528 1627 672 1672 propriis
704 1627 893 1659 nominibus
927 1632 1132 1660 censeantur.

1186 1627 1392 1671 Exprimitur
1420 1632 1530 1659 autem
1558 1626 1589 1657 in
1616 1625 1772 1658 Latinum
1800 1623 1935 1656 Pharao
1971 1624 2075 1657 dene-

117 1688 202 1722 gans
214 1675 239 1695 ⁰⁴
265 1690 360 1719 eum,
385 1679 497 1722 utique
524 1679 654 1719 Deum,
681 1678 748 1711 sive
775 1679 952 1722 dissipator
980 1679 1059 1711 eius.
1110 1679 1232 1723 Populi
1261 1680 1348 1712 enim
1371 1679 1434 1711 Dei
1462 1679 1606 1711 afflictor
1635 1677 1696 1709 fuit
1710 1672 1743 1708 ⁶⁵.

284 1729 345 1763 44.
537 1729 561 1747 ⁰¹⁵

397 1731 526 1764 iamnes

589 1731 733 1763 marinus
745 1726 789 1771 ⁰⁷,
825 1731 892 1762 sive
920 1731 976 1762 ubi
1004 1735 1051 1763 est
1078 1732 1210 1774 signum
1224 1727 1258 1763 ⁶³.
1314 1730 1420 1764 Cessit
1432 1726 1457 1747 ⁶⁹
1485 1735 1517 1763 et
1545 1728 1670 1762 defecit
1697 1728 1829 1772 signum
1866 1726 1934 1760 eius
1963 1738 2075 1761 coram

119 1779 219 1824 signis
246 1781 374 1825 Moysi,
403 1782 491 1815 unde
519 1779 584 1816 et⁷⁰
611 1783 764 1815 dixerunt
787 1782 904 1826 Magi:
931 1782 1002 1814 Hic
1029 1782 1167 1827 digitus
1194 1782 1264 1816 Dee·
1287 1785 1346 1815 est.

120 1892 150 1920 2.
168 1888 218 1917 Ar.
242 1906 283 1911 --
305 1889 354 1930 34)
378 1890 499 1919 auditio
515 1891 796 1930 deii111f17>1·et‹11111·
810 1901 857 1920 va.
880 1907 921 1912 —
943 1889 992 1931 35)
1015 1892 1078 1920 Ge—

122 1941 183 1960 nes.
202 1934 249 1968 16,
276 1935 324 1964 11.
346 1950 388 1955 —
409 1932 456 1972 36)
480 1935 529 1962 Sic
553 1936 609 1962 Gu.
632 1938 656 1966 1.
679 1937 707 1965 2.
732 1945 779 1963 va.
803 1934 853 1962 Ar.
880 1944 978 1961 causa
997 1935 1077 1972 vulg.

121 1990 163 1997 —-
185 1977 230 2009 37)
261 1982 457 2013 nuncupatus
483 1978 538 2006 Gu.
562 1980 592 2008 2.
622 1994 663 1998 —
700 1978 748 2015 38)
779 1977 865 2015 Vulg.
891 1976 959 2006 add.
990 1979 1077 2014 enim,

122 2017 206 2056 quod
230 2028 287 2046 om.
313 2019 371 2048 Gu.
390 2022 470 2049 1.—-
492 2020 541 2057 39)
565 2020 678 2047 scilicet
703 2020 805 2048 addidi
830 2030 844 2047 e
869 2020 925 2049 Gn.
945 2022 970 2051 1.
985 2022 1013 2051 2.
1030 2030 1078 2049 va.

123 2071 169 2099 pr.
194 2060 230 2088 al.
247 2077 289 2082 —
311 2062 357 2098 40)
381 2060 459 2088 idem
484 2062 539 2090 Gu.
556 2065 584 2092 2.
608 2073 651 2101 pr.
674 2073 718 2092 va.
745 2064 782 2091 al.
803 2079 842 2084 —
867 2062 944 2089 ulem
969 2064 1001 2089 ιή
1023 2064 1079 2090 1νὶ-

124 2103 180 2131 bus
212 2105 324 2133 nomin.
355 2104 412 2133 Gu.
435 2107 465 2135 2.
488 2120 529 2126 —
553 2103 600 2143 41)
625 2105 660 2132 id
679 2111 721 2133 est
745 2105 845 2134 addidi
868 2115 882 2133 e
907 2107 962 2134 Gn.
984 2109 1008 2136 1.
1037 2121 1078 2126 —-

123 2146 172 2183 42)
196 2157 268 2184 quza
299 2147 354 2177 Gu.
373 2150 402 2178 2.
432 2162 472 2167 -
502 2144 548 2186 43)
578 2150 721 2185 acceperit
749 2149 808 2178 Gu.
826 2151 853 2179 2.
886 2148 937 2176 Ar.
967 2158 1014 2176 va.
1039 2166 1076 2170 —

123 2204 167 2209 —-
187 2189 236 2228 44)
262 2188 296 2216 id
309 2195 349 2217 est
373 2189 475 2218 addidi
492 2199 507 2216 e
524 2190 581 2218 Gu.
595 2192 671 2220 1.--
695 2188 741 2230 45)
765 2190 813 2218 dei
838 2191 905 2219 add.
931 2191 988 2219 Gu.
1002 2194 1078 2221 1.-

124 2230 171 2270 46)
194 2233 300 2260 sitiens
324 2233 379 2262 Gn.
400 2235 427 2264 1.
453 2233 553 2259 oriens
577 2242 632 2270 pro
656 2244 688 2259 os
710 2233 801 2261 hians
817 2234 853 2262 al.
867 2250 909 2255 —
932 2233 977 2271 47)
1001 2243 1078 2261 com-

126 2280 208 2302 mota
231 2275 267 2304 al.
291 2291 332 2296 -—-
354 2275 402 2313 48)
425 2276 456 2302 ln
479 2275 586 2302 habitu
611 2277 708 2306 Gu.2.
730 2292 771 2297 —
792 2279 837 2309 49)
860 2287 916 2304 suo
940 2287 996 2305 om.
1021 2276 1079 2304 Gu.

126 2319 156 2348 2.
186 2334 228 2338 —-
256 2321 300 2351 50)
332 2317 419 2355 Vulg.
448 2317 486 2344 cll)
514 2330 562 2353 eo,
596 2317 646 2346 sed
677 2317 714 2345 ab
737 2328 793 2345 om.
819 2319 876 2347 Gu.
904 2323 929 2349 1.
962 2336 1002 2340 -
1033 2317 1080 2356 51)

127 2360 337 2388 membranula
362 2371 406 2388 va.
430 2377 472 2380 —
494 2363 537 2394 5⁶2)
562 2359 796 2388 secundinarum
822 2361 871 2390 Ar.
893 2377 934 2382 —
962 2360 1008 2400 55)
1033 2361 1081 2389 Sic

128 2401 186 2432 Gu.
208 2406 235 2433 1.
260 2405 289 2434 2.
316 2413 361 2441 pr.
384 2413 430 2432 va.
453 2402 601 2430 divisores
631 2403 710 2441 vulg.
741 2420 781 2424 —-
817 2402 981 2431 dwersoris
1011 2403 1080 2434 edit.

1120 1891 1210 1920 Goth.
1234 1891 1399 1919 divisionis
1422 1890 1459 1918 al.
1484 1890 1531 1919 Ar.
1555 1905 1597 1910 —
1620 1890 1668 1924 54)
1691 1888 1740 1916 Sic
1761 1887 1796 1915 al.
1821 1886 1872 1917 Ar.
1897 1886 1984 1925 Vulg.
2008 1886 2073 1915 inde

1120 1941 1146 1962 et
1172 1951 1207 1956 -·
1244 1934 1280 1962 al.
1304 1933 1374 1961 inde
1396 1944 1452 1962 orn.
1480 1938 1515 1959 ct.
1538 1948 1580 1952 —
1609 1932 1657 1969 55)
1686 1931 1852 1958 coccim'um
1882 1939 1928 1960 va.
1957 1948 1994 1952 —
2027 1930 2075 1969 56)

1120 1978 1207 2014 Vulg.
1230 1979 1294 2005 sive
1317 1979 1408 2015 qum,
1433 1975 1482 2003 sed
1507 1976 1570 2001 sive
1593 1984 1652 2003 om.
1679 1974 1733 2002 Gu.
1754 1977 1779 2004 1.
1804 1989 1844 1993 —
1875 1971 1923 2011 57)
1947 1972 1996 2000 Sic
2021 1973 2075 2001 Gu,

1121 2023 1150 2052 1.
1176 2020 1262 2057 Vulg.
1286 2031 1318 2047 ex
1342 2031 1372 2047 eo
1396 2020 1471 2046 ius-ti
1494 2019 1561 2045 nati
1583 2022 1664 2044 sunt.
1687 2033 1729 2039 -
1753 2015 1798 2054 55)
1822 2021 1864 2042 est
1889 2025 1946 2043 orn.
1970 2015 2026 2044 Gu.
2044 2017 2074 2046 2.

1119 2080 1162 2084 -
1186 2065 1232 2099 59)
1258 2062 1363 2090 dolens
1393 2061 1495 2089 addidi
1520 2071 1534 2088 e
1559 2060 1660 2090 Gu.1.
1687 2060 1723 2089 al.
1755 2075 1794 2079 —
1827 2055 1874 2097 60)
1897 2057 1946 2085 Sic
1971 2058 2027 2085 Gu.
2049 2061 2074 2088 1.

1124 2105 1326 2134 Calamitates
1351 2128 1357 2134 .
1382 2126 1388 2133 .
1413 2127 1418 2132 .
1443 2114 1516 2131 suaa
1542 2103 1620 2140 vulg.
1642 2118 1684 2123 —-
1708 2102 1757 2140 61)
1781 2111 1885 2128 numen
1911 2106 1953 2128 est
1976 2100 2074 2138 digni-

1120 2150 1195 2176 tatis
1218 2149 1253 2176 al.
1276 2165 1318 2170 —-
1341 2149 1386 2181 62)
1412 2148 1492 2173 sicut
1514 2147 1591 2173 enim
1614 2145 1651 2173 al.
1675 2147 1719 2172 sic
1741 2145 1817 2172 enim
1842 2149 1867 2171 el
1892 2143 1940 2170 Ar.
1963 2159 2004 2164 -
2026 2140 2073 2180 63)

1121 2191 1169 2219 Sic
1194 2192 1250 2219 Gu.
1274 2194 1300 2222 1.
1324 2189 1409 2226 Vulg.
1432 2201 1501 2227 app.
1527 2199 1617 2225 rege-5¹.
1642 2203 1683 2209 --
1711 2189 1759 2224 64)
1787 2184 1947 2214 denudans
1966 2185 2013 2213 Ar.
2037 2194 2073 2212 ex

1120 2234 1241 2264 Hieron.
1261 2234 1289 2262 in
1313 2233 1424 2261 nomin.
1446 2242 1483 2261 ex
1504 2231 1567 2259 Act.
1592 2235 1619 2259 et
1643 2230 1672 2257 in
1696 2230 1750 2268 Ep.
1773 2229 1810 2258 ad
1837 2227 1929 2257 Hebr.
1958 2242 1998 2247 —
2026 2224 2070 2263 65)

1125 2276 1172 2304 Sic
1193 2277 1249 2305 Gn.
1279 2280 1303 2306 1.
1328 2276 1414 2312 Vulg.
1435 2276 1502 2311 fuit
1525 2274 1671 2312 afflictor.
1699 2289 1734 2293 —
1760 2271 1805 2309 66)
1828 2274 1937 2300 Imma-s>
1959 2269 2007 2296 Ar.
2031 2282 2072 2288 -—

1125 2317 1172 2358 67)
1195 2321 1357 2346 marianus
1380 2319 1437 2347 Gu.
1464 2321 1489 2349 1.
1521 2333 1562 2338 --
1592 2316 1637 2354 68)
1660 2315 1746 2353 Vulg.
1778 2315 1844 2342 add.
1874 2314 1954 2347 eius,
1991 2308 2071 2347 quod

1125 2372 1180 2392 om.
1205 2363 1260 2390 Gu.
1281 2365 1305 2392 1.
1325 2364 1354 2392 2.
1376 2376 1418 2382 --
1441 2361 1492 2395 69)
1514 2360 1591 2387 enim
1617 2357 1684 2386 add.
1705 2359 1759 2386 Gn.
1780 2360 1809 2388 2.
1834 2355 1870 2383 al.
1890 2364 1935 2381 va.
1958 2367 1997 2373 —-
2023 2351 2069 2387 70)

1125 2410 1151 2432 et
1168 2414 1225 2434 om.
1243 2405 1297 2433 Gu.
1315 2406 1344 2435 2.
1368 2404 1466 2432 Locus
1488 2406 1532 2430 est
1549 2401 1644 2430 Exod.
1664 2402 1693 2436 8,
1714 2402 1762 2430 19.

1541 2444 1663 2488 Gg*
