<?xml version="1.0" encoding="UTF-8"?>
<!DOCTYPE html PUBLIC "-//W3C//DTD XHTML 1.0 Transitional//EN"
    "http://www.w3.org/TR/xhtml1/DTD/xhtml1-transitional.dtd">
<html xmlns="http://www.w3.org/1999/xhtml" xml:lang="en" lang="en">
 <head>
  <title>
</title>
<meta http-equiv="Content-Type" content="text/html;charset=utf-8" />
  <meta name='ocr-system' content='tesseract 3.04.00' />
  <meta name='ocr-capabilities' content='ocr_page ocr_carea ocr_par ocr_line ocrx_word'/>
</head>
<body>
  <div class='ocr_page' id='page_1' title='image "./corpusgrammatico03linduoft_0466.png"; bbox 0 0 2255 2819; ppageno 0'>
   <div class='ocr_carea' id='block_1_1' title="bbox 222 104 299 139">
    <p class='ocr_par' dir='ltr' id='par_1_1' title="bbox 222 104 299 139">
     <span class='ocr_line' id='line_1_1' title="bbox 222 104 299 139; baseline -0.013 0"><span class='ocrx_word' id='word_1_1' title='bbox 222 104 299 139; x_wconf 76' lang='lat'>448</span> 
     </span>
    </p>
   </div>
   <div class='ocr_carea' id='block_1_2' title="bbox 222 180 1263 240">
    <p class='ocr_par' dir='ltr' id='par_1_2' title="bbox 222 180 1263 240">
     <span class='ocr_line' id='line_1_2' title="bbox 222 180 1263 240; baseline -0.017 -8"><span class='ocrx_word' id='word_1_2' title='bbox 222 201 314 239; x_wconf 83' lang='lat' dir='ltr'>sunt,</span> <span class='ocrx_word' id='word_1_3' title='bbox 356 197 475 240; x_wconf 84' lang='lat' dir='ltr'>postea</span> <span class='ocrx_word' id='word_1_4' title='bbox 504 202 522 223; x_wconf 85' lang='lat' dir='ltr'>a</span> <span class='ocrx_word' id='word_1_5' title='bbox 549 186 718 234; x_wconf 82' lang='lat' dir='ltr'>provincia</span> <span class='ocrx_word' id='word_1_6' title='bbox 745 184 852 229; x_wconf 83' lang='lat' dir='ltr'>gentis</span> <span class='ocrx_word' id='word_1_7' title='bbox 879 194 1002 216; x_wconf 86' lang='lat' dir='ltr'>nomen</span> <span class='ocrx_word' id='word_1_8' title='bbox 1029 184 1154 216; x_wconf 85' lang='lat' dir='ltr'>factum</span> <span class='ocrx_word' id='word_1_9' title='bbox 1182 187 1230 215; x_wconf 80' lang='lat' dir='ltr'>est</span> <span class='ocrx_word' id='word_1_10' title='bbox 1243 180 1263 214; x_wconf 84' lang='lat'>¹.</span> 
     </span>
    </p>
   </div>
   <div class='ocr_carea' id='block_1_3' title="bbox 919 88 1474 126">
    <p class='ocr_par' dir='ltr' id='par_1_3' title="bbox 919 88 1474 126">
     <span class='ocr_line' id='line_1_3' title="bbox 919 88 1474 126; baseline -0.007 0"><span class='ocrx_word' id='word_1_11' title='bbox 919 90 1095 126; x_wconf 86' lang='lat' dir='ltr'>ISIDORI</span> <span class='ocrx_word' id='word_1_12' title='bbox 1121 88 1301 123; x_wconf 87' lang='lat' dir='ltr'>HISPAL.</span> <span class='ocrx_word' id='word_1_13' title='bbox 1329 88 1474 123; x_wconf 90' lang='lat' dir='ltr'><strong>EPISC.</strong></span> 
     </span>
    </p>
   </div>
   <div class='ocr_carea' id='block_1_4' title="bbox 1325 180 2164 224">
    <p class='ocr_par' dir='ltr' id='par_1_4' title="bbox 1325 180 2164 224">
     <span class='ocr_line' id='line_1_4' title="bbox 1325 180 2164 224; baseline 0.004 -9"><span class='ocrx_word' id='word_1_14' title='bbox 1325 183 1411 215; x_wconf 87' lang='lat' dir='ltr'>Nam</span> <span class='ocrx_word' id='word_1_15' title='bbox 1449 183 1491 215; x_wconf 90' lang='lat' dir='ltr'>ab</span> <span class='ocrx_word' id='word_1_16' title='bbox 1518 183 1605 216; x_wconf 85' lang='lat' dir='ltr'>Italo</span> <span class='ocrx_word' id='word_1_17' title='bbox 1631 183 1745 224; x_wconf 89' lang='lat' dir='ltr'>ltalia,</span> <span class='ocrx_word' id='word_1_18' title='bbox 1782 187 1814 216; x_wconf 84' lang='lat' dir='ltr'>et</span> <span class='ocrx_word' id='word_1_19' title='bbox 1839 180 1975 216; x_wconf 77' lang='lat' dir='ltr'>rursus²</span> <span class='ocrx_word' id='word_1_20' title='bbox 2000 183 2043 216; x_wconf 89' lang='lat' dir='ltr'>ab</span> <span class='ocrx_word' id='word_1_21' title='bbox 2069 185 2164 218; x_wconf 86' lang='lat' dir='ltr'>ltalia</span> 
     </span>
    </p>
   </div>
   <div class='ocr_carea' id='block_1_5' title="bbox 224 232 2164 289">
    <p class='ocr_par' dir='ltr' id='par_1_5' title="bbox 224 232 2164 289">
     <span class='ocr_line' id='line_1_5' title="bbox 224 232 2164 289; baseline -0.005 -10"><span class='ocrx_word' id='word_1_22' title='bbox 224 244 365 289; x_wconf 76' lang='lat' dir='ltr'>Italus³‚</span> <span class='ocrx_word' id='word_1_23' title='bbox 393 250 427 279; x_wconf 80' lang='lat' dir='ltr'>et</span> <span class='ocrx_word' id='word_1_24' title='bbox 453 243 499 276; x_wconf 83' lang='lat' dir='ltr'>sic</span> <span class='ocrx_word' id='word_1_25' title='bbox 525 242 643 273; x_wconf 87' lang='lat' dir='ltr'>utimur</span> <span class='ocrx_word' id='word_1_26' title='bbox 668 237 740 281; x_wconf 86' lang='lat' dir='ltr'>ipso</span> <span class='ocrx_word' id='word_1_27' title='bbox 769 232 925 268; x_wconf 64' lang='lat' dir='ltr'>nomine⁴</span> <span class='ocrx_word' id='word_1_28' title='bbox 952 235 1078 280; x_wconf 82' lang='lat' dir='ltr'>gentis,</span> <span class='ocrx_word' id='word_1_29' title='bbox 1105 234 1278 278; x_wconf 89' lang='lat' dir='ltr'>quomodo</span> <span class='ocrx_word' id='word_1_30' title='bbox 1299 233 1363 266; x_wconf 85' lang='lat' dir='ltr'>suit</span> <span class='ocrx_word' id='word_1_31' title='bbox 1391 234 1500 277; x_wconf 84' lang='lat' dir='ltr'>ipsum</span> <span class='ocrx_word' id='word_1_32' title='bbox 1526 247 1648 268; x_wconf 92' lang='lat' dir='ltr'>nomen</span> <span class='ocrx_word' id='word_1_33' title='bbox 1676 236 1835 276; x_wconf 83' lang='lat' dir='ltr'>auctoris,</span> <span class='ocrx_word' id='word_1_34' title='bbox 1862 235 1951 268; x_wconf 88' lang='lat' dir='ltr'>unde</span> <span class='ocrx_word' id='word_1_35' title='bbox 1979 235 2164 270; x_wconf 81' lang='lat' dir='ltr'>derivatum</span> 
     </span>
    </p>
   </div>
   <div class='ocr_carea' id='block_1_6' title="bbox 224 291 642 399">
    <p class='ocr_par' dir='ltr' id='par_1_6' title="bbox 224 291 642 399">
     <span class='ocr_line' id='line_1_6' title="bbox 225 291 642 339; baseline -0.038 -3"><span class='ocrx_word' id='word_1_36' title='bbox 225 307 272 336; x_wconf 84' lang='lat' dir='ltr'>est</span> <span class='ocrx_word' id='word_1_37' title='bbox 296 308 417 333; x_wconf 84' lang='lat' dir='ltr'>nomen</span> <span class='ocrx_word' id='word_1_38' title='bbox 443 291 642 339; x_wconf 77' lang='lat' dir='ltr'>provinciae.</span> 
     </span>
     <span class='ocr_line' id='line_1_7' title="bbox 224 358 371 399; baseline -0.027 -12"><span class='ocrx_word' id='word_1_39' title='bbox 224 358 371 399; x_wconf 82' lang='lat' dir='ltr'><strong>gentem.</strong></span> 
     </span>
    </p>
   </div>
   <div class='ocr_carea' id='block_1_7' title="bbox 390 388 1461 431">
    <p class='ocr_par' dir='ltr' id='par_1_7' title="bbox 390 388 1461 431">
     <span class='ocr_line' id='line_1_8' title="bbox 390 388 1461 431; baseline -0.009 -2"><span class='ocrx_word' id='word_1_40' title='bbox 390 396 445 430; x_wconf 82' lang='lat'>19.</span> <span class='ocrx_word' id='word_1_41' title='bbox 496 391 692 426; x_wconf 75' lang='lat' dir='ltr'><strong>Provinciae</strong></span> <span class='ocrx_word' id='word_1_42' title='bbox 719 395 828 423; x_wconf 83' lang='lat' dir='ltr'>autem</span> <span class='ocrx_word' id='word_1_43' title='bbox 848 401 886 422; x_wconf 80' lang='lat' dir='ltr'>ex</span> <span class='ocrx_word' id='word_1_44' title='bbox 903 400 1003 423; x_wconf 79' lang='lat' dir='ltr'>causa</span> <span class='ocrx_word' id='word_1_45' title='bbox 1018 388 1222 422; x_wconf 80' lang='lat' dir='ltr'>vocabulum</span> <span class='ocrx_word' id='word_1_46' title='bbox 1250 392 1461 431; x_wconf 85' lang='lat' dir='ltr'>acceperunt.</span> 
     </span>
    </p>
   </div>
   <div class='ocr_carea' id='block_1_8' title="bbox 703 284 2163 331">
    <p class='ocr_par' dir='ltr' id='par_1_8' title="bbox 703 284 2163 331">
     <span class='ocr_line' id='line_1_9' title="bbox 703 284 2163 331; baseline -0.001 -10"><span class='ocrx_word' id='word_1_47' title='bbox 703 289 753 321; x_wconf 86' lang='lat' dir='ltr'>Ex</span> <span class='ocrx_word' id='word_1_48' title='bbox 784 298 851 330; x_wconf 93' lang='lat' dir='ltr'>quo</span> <span class='ocrx_word' id='word_1_49' title='bbox 880 287 1019 329; x_wconf 87' lang='lat' dir='ltr'>accidit,</span> <span class='ocrx_word' id='word_1_50' title='bbox 1059 297 1099 319; x_wconf 85' lang='lat' dir='ltr'>ex</span> <span class='ocrx_word' id='word_1_51' title='bbox 1132 297 1198 318; x_wconf 90' lang='lat' dir='ltr'>uno</span> <span class='ocrx_word' id='word_1_52' title='bbox 1225 286 1362 318; x_wconf 82' lang='lat' dir='ltr'>homine</span> <span class='ocrx_word' id='word_1_53' title='bbox 1389 286 1549 319; x_wconf 83' lang='lat' dir='ltr'>nominari</span> <span class='ocrx_word' id='word_1_54' title='bbox 1584 293 1616 320; x_wconf 86' lang='lat' dir='ltr'>et</span> <span class='ocrx_word' id='word_1_55' title='bbox 1650 287 1815 320; x_wconf 77' lang='lat' dir='ltr'>civitatem</span> <span class='ocrx_word' id='word_1_56' title='bbox 1842 292 1876 320; x_wconf 84' lang='lat' dir='ltr'>et</span> <span class='ocrx_word' id='word_1_57' title='bbox 1907 284 2104 331; x_wconf 83' lang='lat' dir='ltr'>regionem⁵</span> <span class='ocrx_word' id='word_1_58' title='bbox 2131 293 2163 320; x_wconf 85' lang='lat' dir='ltr'>et</span> 
     </span>
    </p>
   </div>
   <div class='ocr_carea' id='block_1_9' title="bbox 1512 388 2166 434">
    <p class='ocr_par' dir='ltr' id='par_1_9' title="bbox 1512 388 2166 434">
     <span class='ocr_line' id='line_1_10' title="bbox 1512 388 2166 434; baseline 0.002 -13"><span class='ocrx_word' id='word_1_59' title='bbox 1512 388 1720 434; x_wconf 76' lang='lat' dir='ltr'>Principatus</span> <span class='ocrx_word' id='word_1_60' title='bbox 1748 401 1891 433; x_wconf 84' lang='lat' dir='ltr'>namque</span> <span class='ocrx_word' id='word_1_61' title='bbox 1918 389 2085 434; x_wconf 87' lang='lat' dir='ltr'>gentium,</span> <span class='ocrx_word' id='word_1_62' title='bbox 2109 390 2166 433; x_wconf 91' lang='lat' dir='ltr'>qui</span> 
     </span>
    </p>
   </div>
   <div class='ocr_carea' id='block_1_10' title="bbox 225 439 2168 491">
    <p class='ocr_par' dir='ltr' id='par_1_10' title="bbox 225 439 2168 491">
     <span class='ocr_line' id='line_1_11' title="bbox 225 439 2168 491; baseline -0.006 -6"><span class='ocrx_word' id='word_1_63' title='bbox 225 454 267 487; x_wconf 86' lang='lat' dir='ltr'>ad</span> <span class='ocrx_word' id='word_1_64' title='bbox 295 452 376 485; x_wconf 77' lang='lat' dir='ltr'>alios</span> <span class='ocrx_word' id='word_1_65' title='bbox 404 442 523 491; x_wconf 63' lang='lat' dir='ltr'>reges⁶</span> <span class='ocrx_word' id='word_1_66' title='bbox 546 443 770 488; x_wconf 76' lang='lat' dir='ltr'><strong>pertinebant,</strong></span> <span class='ocrx_word' id='word_1_67' title='bbox 799 453 874 476; x_wconf 89' lang='lat' dir='ltr'>cum</span> <span class='ocrx_word' id='word_1_68' title='bbox 902 442 933 474; x_wconf 93' lang='lat' dir='ltr'>in</span> <span class='ocrx_word' id='word_1_69' title='bbox 960 442 1008 474; x_wconf 79' lang='lat' dir='ltr'>ius</span> <span class='ocrx_word' id='word_1_70' title='bbox 1035 452 1130 473; x_wconf 85' lang='lat' dir='ltr'>suum</span> <span class='ocrx_word' id='word_1_71' title='bbox 1158 440 1302 473; x_wconf 87' lang='lat' dir='ltr'>Romani</span> <span class='ocrx_word' id='word_1_72' title='bbox 1329 439 1492 472; x_wconf 86' lang='lat' dir='ltr'>vincendo</span> <span class='ocrx_word' id='word_1_73' title='bbox 1519 441 1727 485; x_wconf 73' lang='lat' dir='ltr'>redigerent,</span> <span class='ocrx_word' id='word_1_74' title='bbox 1755 442 1875 487; x_wconf 84' lang='lat' dir='ltr'>procul</span> <span class='ocrx_word' id='word_1_75' title='bbox 1900 442 2023 485; x_wconf 74' lang='lat' dir='ltr'>positas</span> <span class='ocrx_word' id='word_1_76' title='bbox 2049 442 2168 486; x_wconf 82' lang='lat' dir='ltr'>regio-</span> 
     </span>
    </p>
   </div>
   <div class='ocr_carea' id='block_1_11' title="bbox 224 495 796 589">
    <p class='ocr_par' dir='ltr' id='par_1_11' title="bbox 224 495 796 589">
     <span class='ocr_line' id='line_1_12' title="bbox 224 495 796 547; baseline -0.023 -9"><span class='ocrx_word' id='word_1_77' title='bbox 224 517 280 538; x_wconf 79' lang='lat' dir='ltr'>nes</span> <span class='ocrx_word' id='word_1_78' title='bbox 315 498 501 547; x_wconf 73' lang='lat' dir='ltr'>provincias</span> <span class='ocrx_word' id='word_1_79' title='bbox 535 495 796 540; x_wconf 85' lang='lat' dir='ltr'>appellaverunt.</span> 
     </span>
     <span class='ocr_line' id='line_1_13' title="bbox 224 555 398 589; baseline -0.029 0"><span class='ocrx_word' id='word_1_80' title='bbox 224 555 289 589; x_wconf 91' lang='lat' dir='ltr'>nati</span> <span class='ocrx_word' id='word_1_81' title='bbox 316 558 398 586; x_wconf 77' lang='lat' dir='ltr'>sunt.</span> 
     </span>
    </p>
   </div>
   <div class='ocr_carea' id='block_1_12' title="bbox 389 602 448 636">
    <p class='ocr_par' dir='ltr' id='par_1_12' title="bbox 389 602 448 636">
     <span class='ocr_line' id='line_1_14' title="bbox 389 602 448 636; baseline 0.017 -1"><span class='ocrx_word' id='word_1_82' title='bbox 389 602 448 636; x_wconf 87' lang='lat'>20.</span> 
     </span>
    </p>
   </div>
   <div class='ocr_carea' id='block_1_13' title="bbox 224 645 1030 699">
    <p class='ocr_par' dir='ltr' id='par_1_13' title="bbox 224 645 1030 699">
     <span class='ocr_line' id='line_1_15' title="bbox 224 645 1030 699; baseline -0.014 -9"><span class='ocrx_word' id='word_1_83' title='bbox 224 664 292 699; x_wconf 77' lang='lat' dir='ltr'>tes,</span> <span class='ocrx_word' id='word_1_84' title='bbox 324 662 360 688; x_wconf 92' lang='lat' dir='ltr'>ut</span> <span class='ocrx_word' id='word_1_85' title='bbox 387 654 522 692; x_wconf 84' lang='lat' dir='ltr'>Africa,</span> <span class='ocrx_word' id='word_1_86' title='bbox 548 651 650 683; x_wconf 84' lang='lat' dir='ltr'>ltalia.</span> <span class='ocrx_word' id='word_1_87' title='bbox 704 645 859 681; x_wconf 69' lang='lat' dir='ltr'>Eadem⁹</span> <span class='ocrx_word' id='word_1_88' title='bbox 888 654 919 680; x_wconf 85' lang='lat' dir='ltr'>et</span> <span class='ocrx_word' id='word_1_89' title='bbox 946 648 1030 680; x_wconf 89' lang='lat' dir='ltr'>loca.</span> 
     </span>
    </p>
   </div>
   <div class='ocr_carea' id='block_1_14' title="bbox 983 747 1001 766">
    <p class='ocr_par' dir='ltr' id='par_1_14' title="bbox 983 747 1001 766">
     <span class='ocr_line' id='line_1_16' title="bbox 983 747 1001 766; baseline 0 0"><span class='ocrx_word' id='word_1_90' title='bbox 983 747 1001 766; x_wconf 88' lang='lat' dir='ltr'>ll</span> 
     </span>
    </p>
   </div>
   <div class='ocr_carea' id='block_1_15' title="bbox 225 750 967 799">
    <p class='ocr_par' dir='ltr' id='par_1_15' title="bbox 225 750 967 799">
     <span class='ocr_line' id='line_1_17' title="bbox 225 750 967 799; baseline -0.016 -5"><span class='ocrx_word' id='word_1_91' title='bbox 225 762 307 795; x_wconf 83' lang='lat' dir='ltr'>sicut</span> <span class='ocrx_word' id='word_1_92' title='bbox 336 764 367 792; x_wconf 86' lang='lat' dir='ltr'>et</span> <span class='ocrx_word' id='word_1_93' title='bbox 394 758 529 799; x_wconf 68' lang='lat' dir='ltr'>domus,</span> <span class='ocrx_word' id='word_1_94' title='bbox 572 753 675 786; x_wconf 85' lang='lat' dir='ltr'>multa</span> <span class='ocrx_word' id='word_1_95' title='bbox 710 752 741 783; x_wconf 88' lang='lat' dir='ltr'>in</span> <span class='ocrx_word' id='word_1_96' title='bbox 774 763 807 783; x_wconf 79' lang='lat' dir='ltr'>se</span> <span class='ocrx_word' id='word_1_97' title='bbox 841 750 967 783; x_wconf 77' lang='lat' dir='ltr'>liabens</span> 
     </span>
    </p>
   </div>
   <div class='ocr_carea' id='block_1_16' title="bbox 873 491 2162 536">
    <p class='ocr_par' dir='ltr' id='par_1_16' title="bbox 873 491 2162 536">
     <span class='ocr_line' id='line_1_18' title="bbox 873 491 2162 536; baseline -0.001 -10"><span class='ocrx_word' id='word_1_98' title='bbox 873 493 982 526; x_wconf 79' lang='lat' dir='ltr'>Patria</span> <span class='ocrx_word' id='word_1_99' title='bbox 1016 498 1126 525; x_wconf 85' lang='lat' dir='ltr'>autem</span> <span class='ocrx_word' id='word_1_100' title='bbox 1157 498 1296 532; x_wconf 86' lang='lat' dir='ltr'>vocata,</span> <span class='ocrx_word' id='word_1_101' title='bbox 1339 491 1431 534; x_wconf 86' lang='lat' dir='ltr'>quod</span> <span class='ocrx_word' id='word_1_102' title='bbox 1466 493 1648 525; x_wconf 78' lang='lat' dir='ltr'>communis</span> <span class='ocrx_word' id='word_1_103' title='bbox 1682 494 1721 526; x_wconf 86' lang='lat' dir='ltr'>sit</span> <span class='ocrx_word' id='word_1_104' title='bbox 1755 494 1921 534; x_wconf 86' lang='lat' dir='ltr'>omnium,</span> <span class='ocrx_word' id='word_1_105' title='bbox 1963 493 2019 536; x_wconf 88' lang='lat' dir='ltr'>qui</span> <span class='ocrx_word' id='word_1_106' title='bbox 2054 493 2086 525; x_wconf 88' lang='lat' dir='ltr'>in</span> <span class='ocrx_word' id='word_1_107' title='bbox 2124 504 2162 526; x_wconf 87' lang='lat' dir='ltr'>ea</span> 
     </span>
    </p>
   </div>
   <div class='ocr_carea' id='block_1_17' title="bbox 502 591 2169 640">
    <p class='ocr_par' dir='ltr' id='par_1_17' title="bbox 502 591 2169 640">
     <span class='ocr_line' id='line_1_19' title="bbox 502 591 2169 640; baseline -0.002 -8"><span class='ocrx_word' id='word_1_108' title='bbox 502 600 643 632; x_wconf 84' lang='lat' dir='ltr'>Terram</span> <span class='ocrx_word' id='word_1_109' title='bbox 671 602 779 630; x_wconf 88' lang='lat' dir='ltr'>autem</span> <span class='ocrx_word' id='word_1_110' title='bbox 807 596 1005 640; x_wconf 76' lang='lat' dir='ltr'>significari,</span> <span class='ocrx_word' id='word_1_111' title='bbox 1036 600 1070 628; x_wconf 91' lang='lat' dir='ltr'>ut</span> <span class='ocrx_word' id='word_1_112' title='bbox 1097 593 1340 639; x_wconf 80' lang='lat' dir='ltr'>praediximus,</span> <span class='ocrx_word' id='word_1_113' title='bbox 1368 591 1606 635; x_wconf 85' lang='lat' dir='ltr'>elementum⁷,</span> <span class='ocrx_word' id='word_1_114' title='bbox 1633 599 1734 628; x_wconf 86' lang='lat' dir='ltr'>terras</span> <span class='ocrx_word' id='word_1_115' title='bbox 1761 593 1895 629; x_wconf 72' lang='lat' dir='ltr'>autem8</span> <span class='ocrx_word' id='word_1_116' title='bbox 1922 596 2065 640; x_wconf 76' lang='lat' dir='ltr'>singulas</span> <span class='ocrx_word' id='word_1_117' title='bbox 2088 607 2169 640; x_wconf 88' lang='lat' dir='ltr'>par-</span> 
     </span>
    </p>
   </div>
   <div class='ocr_carea' id='block_1_18' title="bbox 225 646 2170 749">
    <p class='ocr_par' dir='ltr' id='par_1_18' title="bbox 225 646 2170 749">
     <span class='ocr_line' id='line_1_20' title="bbox 1084 646 2169 691; baseline 0.001 -13"><span class='ocrx_word' id='word_1_118' title='bbox 1084 648 1171 679; x_wconf 60' lang='lat' dir='ltr'>Nam</span> <span class='ocrx_word' id='word_1_119' title='bbox 1198 646 1275 678; x_wconf 88' lang='lat' dir='ltr'>loca</span> <span class='ocrx_word' id='word_1_120' title='bbox 1303 650 1335 677; x_wconf 83' lang='lat' dir='ltr'>et</span> <span class='ocrx_word' id='word_1_121' title='bbox 1364 650 1470 678; x_wconf 76' lang='lat' dir='ltr'>terrae</span> <span class='ocrx_word' id='word_1_122' title='bbox 1497 646 1609 691; x_wconf 81' lang='lat' dir='ltr'>spacia</span> <span class='ocrx_word' id='word_1_123' title='bbox 1636 647 1668 679; x_wconf 90' lang='lat' dir='ltr'>in</span> <span class='ocrx_word' id='word_1_124' title='bbox 1696 648 1777 680; x_wconf 87' lang='lat' dir='ltr'>orbe</span> <span class='ocrx_word' id='word_1_125' title='bbox 1805 654 1966 680; x_wconf 88' lang='lat' dir='ltr'>terrarum</span> <span class='ocrx_word' id='word_1_126' title='bbox 1992 648 2110 679; x_wconf 76' lang='lat' dir='ltr'>multas</span> <span class='ocrx_word' id='word_1_127' title='bbox 2136 648 2169 680; x_wconf 87' lang='lat' dir='ltr'>in</span> 
     </span>
     <span class='ocr_line' id='line_1_21' title="bbox 225 695 2170 749; baseline -0.006 -6"><span class='ocrx_word' id='word_1_128' title='bbox 225 722 260 743; x_wconf 84' lang='lat' dir='ltr'>se</span> <span class='ocrx_word' id='word_1_129' title='bbox 287 708 454 743; x_wconf 78' lang='lat' dir='ltr'>continent</span> <span class='ocrx_word' id='word_1_130' title='bbox 489 702 692 749; x_wconf 82' lang='lat' dir='ltr'>provincias,</span> <span class='ocrx_word' id='word_1_131' title='bbox 734 700 816 733; x_wconf 77' lang='lat' dir='ltr'>sicut</span> <span class='ocrx_word' id='word_1_132' title='bbox 844 699 876 731; x_wconf 87' lang='lat' dir='ltr'>in</span> <span class='ocrx_word' id='word_1_133' title='bbox 906 710 1050 743; x_wconf 88' lang='lat' dir='ltr'>corpore</span> <span class='ocrx_word' id='word_1_134' title='bbox 1078 698 1172 730; x_wconf 80' lang='lat' dir='ltr'>locus</span> <span class='ocrx_word' id='word_1_135' title='bbox 1200 703 1246 729; x_wconf 73' lang='lat' dir='ltr'>est</span> <span class='ocrx_word' id='word_1_136' title='bbox 1283 708 1358 740; x_wconf 80' lang='lat' dir='ltr'>pars</span> <span class='ocrx_word' id='word_1_137' title='bbox 1385 708 1467 738; x_wconf 89' lang='lat' dir='ltr'>una,</span> <span class='ocrx_word' id='word_1_138' title='bbox 1511 699 1614 730; x_wconf 78' lang='lat' dir='ltr'>inulta</span> <span class='ocrx_word' id='word_1_139' title='bbox 1649 699 1814 731; x_wconf 83' lang='lat' dir='ltr'>continens</span> <span class='ocrx_word' id='word_1_140' title='bbox 1842 700 1992 732; x_wconf 86' lang='lat' dir='ltr'>membra</span> <span class='ocrx_word' id='word_1_141' title='bbox 2023 699 2054 731; x_wconf 86' lang='lat' dir='ltr'>in</span> <span class='ocrx_word' id='word_1_142' title='bbox 2082 711 2115 731; x_wconf 78' lang='lat' dir='ltr'>se</span> <span class='ocrx_word' id='word_1_143' title='bbox 2129 695 2170 717; x_wconf 87' lang='lat'>¹⁰·</span> 
     </span>
    </p>
   </div>
   <div class='ocr_carea' id='block_1_19' title="bbox 1040 746 2170 794">
    <p class='ocr_par' dir='ltr' id='par_1_19' title="bbox 1040 746 2170 794">
     <span class='ocr_line' id='line_1_22' title="bbox 1040 746 2170 794; baseline -0.001 -12"><span class='ocrx_word' id='word_1_144' title='bbox 1040 750 1211 783; x_wconf 85' lang='lat' dir='ltr'>cubicula:</span> <span class='ocrx_word' id='word_1_145' title='bbox 1254 749 1300 781; x_wconf 54' lang='lat' dir='ltr'>sic</span> <span class='ocrx_word' id='word_1_146' title='bbox 1332 746 1476 781; x_wconf 74' lang='lat' dir='ltr'>terrae¹²</span> <span class='ocrx_word' id='word_1_147' title='bbox 1510 754 1542 781; x_wconf 87' lang='lat' dir='ltr'>et</span> <span class='ocrx_word' id='word_1_148' title='bbox 1570 751 1645 781; x_wconf 89' lang='lat' dir='ltr'>loca</span> <span class='ocrx_word' id='word_1_149' title='bbox 1673 750 1824 783; x_wconf 85' lang='lat' dir='ltr'>dicuntur</span> <span class='ocrx_word' id='word_1_150' title='bbox 1858 757 2019 783; x_wconf 86' lang='lat' dir='ltr'>terrarum</span> <span class='ocrx_word' id='word_1_151' title='bbox 2047 750 2170 794; x_wconf 78' lang='lat' dir='ltr'>spacia,</span> 
     </span>
    </p>
   </div>
   <div class='ocr_carea' id='block_1_20' title="bbox 227 800 2171 856">
    <p class='ocr_par' dir='ltr' id='par_1_20' title="bbox 227 800 2171 856">
     <span class='ocr_line' id='line_1_23' title="bbox 227 800 2171 856; baseline -0.011 -10"><span class='ocrx_word' id='word_1_152' title='bbox 227 823 369 856; x_wconf 84' lang='lat' dir='ltr'>quorum</span> <span class='ocrx_word' id='word_1_153' title='bbox 396 813 507 852; x_wconf 82' lang='lat' dir='ltr'>partes</span> <span class='ocrx_word' id='word_1_154' title='bbox 535 810 608 838; x_wconf 85' lang='lat' dir='ltr'>sunt</span> <span class='ocrx_word' id='word_1_155' title='bbox 634 803 844 848; x_wconf 74' lang='lat' dir='ltr'>provinciae,</span> <span class='ocrx_word' id='word_1_156' title='bbox 880 803 962 836; x_wconf 75' lang='lat' dir='ltr'>sicut</span> <span class='ocrx_word' id='word_1_157' title='bbox 990 801 1021 833; x_wconf 91' lang='lat' dir='ltr'>in</span> <span class='ocrx_word' id='word_1_158' title='bbox 1048 801 1126 833; x_wconf 66' lang='lat' dir='ltr'>Asia</span> <span class='ocrx_word' id='word_1_159' title='bbox 1154 800 1320 844; x_wconf 68' lang='lat' dir='ltr'>Phrygia,</span> <span class='ocrx_word' id='word_1_160' title='bbox 1360 801 1393 832; x_wconf 90' lang='lat' dir='ltr'>in</span> <span class='ocrx_word' id='word_1_161' title='bbox 1430 800 1539 833; x_wconf 84' lang='lat' dir='ltr'>Gallia</span> <span class='ocrx_word' id='word_1_162' title='bbox 1569 801 1730 844; x_wconf 85' lang='lat' dir='ltr'>Rhaetia,</span> <span class='ocrx_word' id='word_1_163' title='bbox 1772 802 1802 833; x_wconf 88' lang='lat' dir='ltr'>in</span> <span class='ocrx_word' id='word_1_164' title='bbox 1831 802 1990 846; x_wconf 70' lang='lat' dir='ltr'>Hispania</span> <span class='ocrx_word' id='word_1_165' title='bbox 2023 802 2171 834; x_wconf 56' lang='lat' dir='ltr'>Baetica,</span> 
     </span>
    </p>
   </div>
   <div class='ocr_carea' id='block_1_21' title="bbox 393 860 451 893">
    <p class='ocr_par' dir='ltr' id='par_1_21' title="bbox 393 860 451 893">
     <span class='ocr_line' id='line_1_24' title="bbox 393 860 451 893; baseline 0 -1"><span class='ocrx_word' id='word_1_166' title='bbox 393 860 451 893; x_wconf 83' lang='lat'>21.</span> 
     </span>
    </p>
   </div>
   <div class='ocr_carea' id='block_1_22' title="bbox 507 851 2171 898">
    <p class='ocr_par' dir='ltr' id='par_1_22' title="bbox 507 851 2171 898">
     <span class='ocr_line' id='line_1_25' title="bbox 507 851 2171 898; baseline -0.003 -9"><span class='ocrx_word' id='word_1_167' title='bbox 507 859 591 890; x_wconf 77' lang='lat' dir='ltr'>Nam</span> <span class='ocrx_word' id='word_1_168' title='bbox 620 856 697 888; x_wconf 67' lang='lat' dir='ltr'>Asia</span> <span class='ocrx_word' id='word_1_169' title='bbox 725 856 816 887; x_wconf 86' lang='lat' dir='ltr'>locus</span> <span class='ocrx_word' id='word_1_170' title='bbox 843 860 907 893; x_wconf 73' lang='lat' dir='ltr'>est,</span> <span class='ocrx_word' id='word_1_171' title='bbox 936 853 1105 897; x_wconf 82' lang='lat' dir='ltr'>provincia</span> <span class='ocrx_word' id='word_1_172' title='bbox 1133 852 1231 884; x_wconf 77' lang='lat' dir='ltr'>Asiae</span> <span class='ocrx_word' id='word_1_173' title='bbox 1258 851 1424 895; x_wconf 80' lang='lat' dir='ltr'>Phrygia,</span> <span class='ocrx_word' id='word_1_174' title='bbox 1458 853 1562 885; x_wconf 86' lang='lat' dir='ltr'>Troia</span> <span class='ocrx_word' id='word_1_175' title='bbox 1594 854 1688 897; x_wconf 84' lang='lat' dir='ltr'>regio</span> <span class='ocrx_word' id='word_1_176' title='bbox 1718 852 1908 898; x_wconf 70' lang='lat' dir='ltr'>Phrygiae,</span> <span class='ocrx_word' id='word_1_177' title='bbox 1935 854 2031 885; x_wconf 88' lang='lat' dir='ltr'>llium</span> <span class='ocrx_word' id='word_1_178' title='bbox 2058 853 2171 887; x_wconf 77' lang='lat' dir='ltr'>civitas</span> 
     </span>
    </p>
   </div>
   <div class='ocr_carea' id='block_1_23' title="bbox 228 904 2172 952">
    <p class='ocr_par' dir='ltr' id='par_1_23' title="bbox 228 904 2172 952">
     <span class='ocr_line' id='line_1_26' title="bbox 228 904 2172 952; baseline -0.006 -5"><span class='ocrx_word' id='word_1_179' title='bbox 228 913 362 947; x_wconf 83' lang='lat' dir='ltr'>Troiae.</span> <span class='ocrx_word' id='word_1_180' title='bbox 405 911 526 943; x_wconf 87' lang='lat' dir='ltr'>lterum</span> <span class='ocrx_word' id='word_1_181' title='bbox 541 906 564 925; x_wconf 79' lang='lat'>¹³</span> <span class='ocrx_word' id='word_1_182' title='bbox 584 908 739 952; x_wconf 77' lang='lat' dir='ltr'>regiones</span> <span class='ocrx_word' id='word_1_183' title='bbox 764 910 873 950; x_wconf 82' lang='lat' dir='ltr'>partes</span> <span class='ocrx_word' id='word_1_184' title='bbox 894 911 967 937; x_wconf 84' lang='lat' dir='ltr'>sunt</span> <span class='ocrx_word' id='word_1_185' title='bbox 991 904 1251 949; x_wconf 81' lang='lat' dir='ltr'>provinciarum,</span> <span class='ocrx_word' id='word_1_186' title='bbox 1277 914 1357 946; x_wconf 85' lang='lat' dir='ltr'>quas</span> <span class='ocrx_word' id='word_1_187' title='bbox 1378 904 1497 947; x_wconf 77' lang='lat' dir='ltr'>vulgus</span> <span class='ocrx_word' id='word_1_188' title='bbox 1525 912 1705 938; x_wconf 72' lang='lat' dir='ltr'>conventus</span> <span class='ocrx_word' id='word_1_189' title='bbox 1731 911 1841 941; x_wconf 85' lang='lat' dir='ltr'>vocat,</span> <span class='ocrx_word' id='word_1_190' title='bbox 1865 905 1946 937; x_wconf 77' lang='lat' dir='ltr'>sicut</span> <span class='ocrx_word' id='word_1_191' title='bbox 1973 905 2004 936; x_wconf 89' lang='lat' dir='ltr'>in</span> <span class='ocrx_word' id='word_1_192' title='bbox 2022 904 2172 948; x_wconf 63' lang='lat' dir='ltr'>Phrygia</span> 
     </span>
    </p>
   </div>
   <div class='ocr_carea' id='block_1_24' title="bbox 228 955 1152 1098">
    <p class='ocr_par' dir='ltr' id='par_1_24' title="bbox 228 955 1152 1098">
     <span class='ocr_line' id='line_1_27' title="bbox 228 955 1152 1004; baseline -0.013 -5"><span class='ocrx_word' id='word_1_193' title='bbox 228 966 343 1004; x_wconf 85' lang='lat' dir='ltr'>Troia,</span> <span class='ocrx_word' id='word_1_194' title='bbox 371 963 454 996; x_wconf 81' lang='lat' dir='ltr'>sicut</span> <span class='ocrx_word' id='word_1_195' title='bbox 479 962 512 993; x_wconf 88' lang='lat' dir='ltr'>in</span> <span class='ocrx_word' id='word_1_196' title='bbox 542 955 748 992; x_wconf 73' lang='lat' dir='ltr'>Gallaecia¹²</span> <span class='ocrx_word' id='word_1_197' title='bbox 775 957 971 998; x_wconf 79' lang='lat' dir='ltr'>Cantabria,</span> <span class='ocrx_word' id='word_1_198' title='bbox 1015 956 1152 989; x_wconf 70' lang='lat' dir='ltr'>Asturia.</span> 
     </span>
     <span class='ocr_line' id='line_1_28' title="bbox 229 1014 637 1061; baseline -0.017 -12"><span class='ocrx_word' id='word_1_199' title='bbox 229 1022 339 1061; x_wconf 80' lang='lat' dir='ltr'>partes</span> <span class='ocrx_word' id='word_1_200' title='bbox 364 1014 528 1047; x_wconf 79' lang='lat' dir='ltr'>territoria</span> <span class='ocrx_word' id='word_1_201' title='bbox 555 1016 637 1043; x_wconf 87' lang='lat' dir='ltr'>sunt.</span> 
     </span>
     <span class='ocr_line' id='line_1_29' title="bbox 394 1064 450 1098; baseline 0.036 -2"><span class='ocrx_word' id='word_1_202' title='bbox 394 1064 450 1098; x_wconf 82' lang='lat'>22.</span> 
     </span>
    </p>
   </div>
   <div class='ocr_carea' id='block_1_25' title="bbox 507 1056 1779 1102">
    <p class='ocr_par' dir='ltr' id='par_1_25' title="bbox 507 1056 1779 1102">
     <span class='ocr_line' id='line_1_30' title="bbox 507 1056 1779 1102; baseline -0.003 -7"><span class='ocrx_word' id='word_1_203' title='bbox 507 1061 726 1095; x_wconf 83' lang='lat' dir='ltr'>Territorium</span> <span class='ocrx_word' id='word_1_204' title='bbox 754 1066 863 1093; x_wconf 86' lang='lat' dir='ltr'>autem</span> <span class='ocrx_word' id='word_1_205' title='bbox 893 1065 1065 1099; x_wconf 86' lang='lat' dir='ltr'>vocatum,</span> <span class='ocrx_word' id='word_1_206' title='bbox 1093 1059 1184 1102; x_wconf 81' lang='lat' dir='ltr'>quasi</span> <span class='ocrx_word' id='word_1_207' title='bbox 1211 1059 1417 1091; x_wconf 86' lang='lat' dir='ltr'>tauritorium</span> <span class='ocrx_word' id='word_1_208' title='bbox 1432 1056 1472 1099; x_wconf 73' lang='lat'>¹⁵,</span> <span class='ocrx_word' id='word_1_209' title='bbox 1500 1059 1611 1091; x_wconf 89' lang='lat' dir='ltr'>tritum</span> <span class='ocrx_word' id='word_1_210' title='bbox 1636 1057 1779 1092; x_wconf 71' lang='lat' dir='ltr'>bobus¹¹³</span> 
     </span>
    </p>
   </div>
   <div class='ocr_carea' id='block_1_26' title="bbox 1222 955 2174 1001">
    <p class='ocr_par' dir='ltr' id='par_1_26' title="bbox 1222 955 2174 1001">
     <span class='ocr_line' id='line_1_31' title="bbox 1222 955 2174 1001; baseline 0.001 -14"><span class='ocrx_word' id='word_1_211' title='bbox 1222 955 1253 987; x_wconf 86' lang='lat' dir='ltr'><strong>A</strong></span> <span class='ocrx_word' id='word_1_212' title='bbox 1278 955 1460 988; x_wconf 83' lang='lat' dir='ltr'>rectoribus</span> <span class='ocrx_word' id='word_1_213' title='bbox 1488 962 1597 988; x_wconf 79' lang='lat' dir='ltr'>autem</span> <span class='ocrx_word' id='word_1_214' title='bbox 1626 958 1721 1001; x_wconf 76' lang='lat' dir='ltr'>regio</span> <span class='ocrx_word' id='word_1_215' title='bbox 1755 962 1944 1000; x_wconf 86' lang='lat' dir='ltr'>nuncupata</span> <span class='ocrx_word' id='word_1_216' title='bbox 1976 961 2039 996; x_wconf 50' lang='lat' dir='ltr'>esst,</span> <span class='ocrx_word' id='word_1_217' title='bbox 2081 955 2174 988; x_wconf 80' lang='lat' dir='ltr'>cuius</span> 
     </span>
    </p>
   </div>
   <div class='ocr_carea' id='block_1_27' title="bbox 1808 1057 2174 1101">
    <p class='ocr_par' dir='ltr' id='par_1_27' title="bbox 1808 1057 2174 1101">
     <span class='ocr_line' id='line_1_32' title="bbox 1808 1057 2174 1101; baseline -0.011 -9"><span class='ocrx_word' id='word_1_218' title='bbox 1808 1065 1838 1092; x_wconf 83' lang='lat' dir='ltr'>et</span> <span class='ocrx_word' id='word_1_219' title='bbox 1860 1064 1978 1092; x_wconf 76' lang='lat' dir='ltr'>aratro.</span> <span class='ocrx_word' id='word_1_220' title='bbox 2035 1057 2174 1101; x_wconf 79' lang='lat' dir='ltr'>Antiqui</span> 
     </span>
    </p>
   </div>
   <div class='ocr_carea' id='block_1_28' title="bbox 230 1110 1662 1156">
    <p class='ocr_par' dir='ltr' id='par_1_28' title="bbox 230 1110 1662 1156">
     <span class='ocr_line' id='line_1_33' title="bbox 230 1110 1662 1156; baseline -0.004 -5"><span class='ocrx_word' id='word_1_221' title='bbox 230 1118 314 1151; x_wconf 88' lang='lat' dir='ltr'>enim</span> <span class='ocrx_word' id='word_1_222' title='bbox 343 1117 435 1150; x_wconf 80' lang='lat' dir='ltr'>sulco</span> <span class='ocrx_word' id='word_1_223' title='bbox 464 1114 566 1149; x_wconf 83' lang='lat' dir='ltr'>ducto</span> <span class='ocrx_word' id='word_1_224' title='bbox 593 1118 625 1146; x_wconf 85' lang='lat' dir='ltr'>et</span> <span class='ocrx_word' id='word_1_225' title='bbox 638 1110 659 1129; x_wconf 74' lang='lat'>¹²</span> <span class='ocrx_word' id='word_1_226' title='bbox 682 1113 925 1156; x_wconf 77' lang='lat' dir='ltr'>possessionum</span> <span class='ocrx_word' id='word_1_227' title='bbox 957 1118 989 1144; x_wconf 90' lang='lat' dir='ltr'>et</span> <span class='ocrx_word' id='word_1_228' title='bbox 1023 1111 1261 1144; x_wconf 79' lang='lat' dir='ltr'>territoriorum</span> <span class='ocrx_word' id='word_1_229' title='bbox 1289 1111 1407 1143; x_wconf 81' lang='lat' dir='ltr'>limites</span> <span class='ocrx_word' id='word_1_230' title='bbox 1435 1110 1662 1155; x_wconf 79' lang='lat' dir='ltr'>designabant.</span> 
     </span>
    </p>
   </div>
   <div class='ocr_carea' id='block_1_29' title="bbox 823 1196 1086 1230">
    <p class='ocr_par' dir='ltr' id='par_1_29' title="bbox 823 1196 1086 1230">
     <span class='ocr_line' id='line_1_34' title="bbox 823 1196 1086 1230; baseline -0.008 0"><span class='ocrx_word' id='word_1_231' title='bbox 823 1196 851 1230; x_wconf 92' lang='lat' dir='ltr'>C</span> <span class='ocrx_word' id='word_1_232' title='bbox 880 1197 909 1228; x_wconf 82' lang='lat' dir='ltr'><strong>A</strong></span> <span class='ocrx_word' id='word_1_233' title='bbox 938 1197 975 1228; x_wconf 81' lang='lat' dir='ltr'>P.</span> <span class='ocrx_word' id='word_1_234' title='bbox 1031 1197 1086 1228; x_wconf 66' lang='lat' dir='ltr'>Vl.</span> 
     </span>
    </p>
   </div>
   <div class='ocr_carea' id='block_1_30' title="bbox 1164 1196 1248 1228">
    <p class='ocr_par' dir='ltr' id='par_1_30' title="bbox 1164 1196 1248 1228">
     <span class='ocr_line' id='line_1_35' title="bbox 1164 1196 1248 1228; baseline 0 0"><span class='ocrx_word' id='word_1_235' title='bbox 1164 1196 1248 1228; x_wconf 86' lang='lat' dir='ltr'>Dc</span> 
     </span>
    </p>
   </div>
   <div class='ocr_carea' id='block_1_31' title="bbox 400 1262 1511 1308">
    <p class='ocr_par' dir='ltr' id='par_1_31' title="bbox 400 1262 1511 1308">
     <span class='ocr_line' id='line_1_36' title="bbox 400 1262 1511 1308; baseline -0.006 -7"><span class='ocrx_word' id='word_1_236' title='bbox 400 1270 429 1302; x_wconf 91' lang='lat' dir='ltr'>l.</span> <span class='ocrx_word' id='word_1_237' title='bbox 482 1268 612 1301; x_wconf 79' lang='lat' dir='ltr'>Insulae</span> <span class='ocrx_word' id='word_1_238' title='bbox 639 1266 768 1303; x_wconf 83' lang='lat' dir='ltr'>dictae,</span> <span class='ocrx_word' id='word_1_239' title='bbox 813 1265 904 1308; x_wconf 83' lang='lat' dir='ltr'>quod</span> <span class='ocrx_word' id='word_1_240' title='bbox 936 1266 968 1297; x_wconf 90' lang='lat' dir='ltr'>in</span> <span class='ocrx_word' id='word_1_241' title='bbox 999 1265 1068 1296; x_wconf 77' lang='lat' dir='ltr'>salo</span> <span class='ocrx_word' id='word_1_242' title='bbox 1094 1264 1174 1304; x_wconf 83' lang='lat' dir='ltr'>sint,</span> <span class='ocrx_word' id='word_1_243' title='bbox 1210 1263 1244 1295; x_wconf 89' lang='lat' dir='ltr'>id</span> <span class='ocrx_word' id='word_1_244' title='bbox 1271 1268 1318 1295; x_wconf 57' lang='lat' dir='ltr'>est</span> <span class='ocrx_word' id='word_1_245' title='bbox 1354 1262 1386 1294; x_wconf 91' lang='lat' dir='ltr'>in</span> <span class='ocrx_word' id='word_1_246' title='bbox 1420 1264 1511 1295; x_wconf 84' lang='lat' dir='ltr'>mari.</span> 
     </span>
    </p>
   </div>
   <div class='ocr_carea' id='block_1_32' title="bbox 1301 1195 1582 1229">
    <p class='ocr_par' dir='ltr' id='par_1_32' title="bbox 1301 1195 1582 1229">
     <span class='ocr_line' id='line_1_37' title="bbox 1301 1195 1582 1229; baseline 0.007 -2"><span class='ocrx_word' id='word_1_247' title='bbox 1301 1195 1582 1229; x_wconf 81' lang='lat' dir='ltr'>insulis.</span> 
     </span>
    </p>
   </div>
   <div class='ocr_carea' id='block_1_33' title="bbox 1578 1262 2177 1307">
    <p class='ocr_par' dir='ltr' id='par_1_33' title="bbox 1578 1262 2177 1307">
     <span class='ocr_line' id='line_1_38' title="bbox 1578 1262 2177 1307; baseline -0.002 -12"><span class='ocrx_word' id='word_1_248' title='bbox 1578 1263 1629 1296; x_wconf 61' lang='lat' dir='ltr'>Ex</span> <span class='ocrx_word' id='word_1_249' title='bbox 1661 1264 1697 1296; x_wconf 72' lang='lat' dir='ltr'>iis</span> <span class='ocrx_word' id='word_1_250' title='bbox 1728 1262 1897 1307; x_wconf 57' lang='lat' dir='ltr'>quoqueffi</span> <span class='ocrx_word' id='word_1_251' title='bbox 1932 1263 2117 1295; x_wconf 69' lang='lat' dir='ltr'>notissimae</span> <span class='ocrx_word' id='word_1_252' title='bbox 2146 1268 2177 1294; x_wconf 86' lang='lat' dir='ltr'>et</span> 
     </span>
    </p>
   </div>
   <div class='ocr_carea' id='block_1_34' title="bbox 232 1314 1720 1364">
    <p class='ocr_par' dir='ltr' id='par_1_34' title="bbox 232 1314 1720 1364">
     <span class='ocr_line' id='line_1_39' title="bbox 232 1314 1720 1364; baseline -0.007 -8"><span class='ocrx_word' id='word_1_253' title='bbox 232 1323 414 1361; x_wconf 76' lang='lat' dir='ltr'>maximae,</span> <span class='ocrx_word' id='word_1_254' title='bbox 441 1332 521 1364; x_wconf 76' lang='lat' dir='ltr'>quas</span> <span class='ocrx_word' id='word_1_255' title='bbox 549 1318 680 1364; x_wconf 88' lang='lat' dir='ltr'>plurimi</span> <span class='ocrx_word' id='word_1_256' title='bbox 708 1322 856 1349; x_wconf 79' lang='lat' dir='ltr'>veterum</span> <span class='ocrx_word' id='word_1_257' title='bbox 884 1317 994 1349; x_wconf 75' lang='lat' dir='ltr'>solerti</span> <span class='ocrx_word' id='word_1_258' title='bbox 1023 1315 1133 1348; x_wconf 75' lang='lat' dir='ltr'>studio</span> <span class='ocrx_word' id='word_1_259' title='bbox 1161 1314 1417 1359; x_wconf 80' lang='lat' dir='ltr'>indagaverunt,</span> <span class='ocrx_word' id='word_1_260' title='bbox 1446 1314 1611 1347; x_wconf 80' lang='lat' dir='ltr'>notandae</span> <span class='ocrx_word' id='word_1_261' title='bbox 1638 1320 1720 1347; x_wconf 73' lang='lat' dir='ltr'>sunt.</span> 
     </span>
    </p>
   </div>
   <div class='ocr_carea' id='block_1_35' title="bbox 398 1361 2000 1406">
    <p class='ocr_par' dir='ltr' id='par_1_35' title="bbox 398 1361 2000 1406">
     <span class='ocr_line' id='line_1_40' title="bbox 398 1361 2000 1406; baseline -0.006 -1"><span class='ocrx_word' id='word_1_262' title='bbox 398 1373 431 1405; x_wconf 83' lang='lat'>2.</span> <span class='ocrx_word' id='word_1_263' title='bbox 484 1370 651 1404; x_wconf 84' lang='lat' dir='ltr'>Britannia</span> <span class='ocrx_word' id='word_1_264' title='bbox 680 1368 809 1401; x_wconf 79' lang='lat' dir='ltr'>Oceani</span> <span class='ocrx_word' id='word_1_265' title='bbox 836 1369 937 1400; x_wconf 75' lang='lat' dir='ltr'>insula</span> <span class='ocrx_word' id='word_1_266' title='bbox 967 1368 1124 1400; x_wconf 66' lang='lat' dir='ltr'>interfuso</span> <span class='ocrx_word' id='word_1_267' title='bbox 1161 1368 1244 1399; x_wconf 87' lang='lat' dir='ltr'>mari</span> <span class='ocrx_word' id='word_1_268' title='bbox 1272 1372 1341 1398; x_wconf 88' lang='lat' dir='ltr'>toto</span> <span class='ocrx_word' id='word_1_269' title='bbox 1370 1366 1452 1398; x_wconf 84' lang='lat' dir='ltr'>orbe</span> <span class='ocrx_word' id='word_1_270' title='bbox 1487 1366 1608 1406; x_wconf 72' lang='lat' dir='ltr'>divisa,</span> <span class='ocrx_word' id='word_1_271' title='bbox 1646 1379 1665 1398; x_wconf 86' lang='lat' dir='ltr'>a</span> <span class='ocrx_word' id='word_1_272' title='bbox 1694 1366 1858 1399; x_wconf 78' lang='lat' dir='ltr'>vocabulo</span> <span class='ocrx_word' id='word_1_273' title='bbox 1887 1361 2000 1397; x_wconf 64' lang='grc' dir='ltr'>ςυειθ1ξὶ</span> 
     </span>
    </p>
   </div>
   <div class='ocr_carea' id='block_1_36' title="bbox 234 1424 479 1469">
    <p class='ocr_par' dir='ltr' id='par_1_36' title="bbox 234 1424 479 1469">
     <span class='ocr_line' id='line_1_41' title="bbox 234 1424 479 1469; baseline -0.012 -11"><span class='ocrx_word' id='word_1_274' title='bbox 234 1424 479 1469; x_wconf 82' lang='lat' dir='ltr'>cognominata.</span> 
     </span>
    </p>
   </div>
   <div class='ocr_carea' id='block_1_37' title="bbox 2037 1361 2180 1409">
    <p class='ocr_par' dir='ltr' id='par_1_37' title="bbox 2037 1361 2180 1409">
     <span class='ocr_line' id='line_1_42' title="bbox 2037 1361 2180 1409; baseline -0.007 -12"><span class='ocrx_word' id='word_1_275' title='bbox 2037 1365 2142 1409; x_wconf 78' lang='lat' dir='ltr'>gentis</span> <span class='ocrx_word' id='word_1_276' title='bbox 2155 1361 2180 1381; x_wconf 78' lang='lat'>²⁰</span> 
     </span>
    </p>
   </div>
   <div class='ocr_carea' id='block_1_38' title="bbox 533 1416 2180 1462">
    <p class='ocr_par' dir='ltr' id='par_1_38' title="bbox 533 1416 2180 1462">
     <span class='ocr_line' id='line_1_43' title="bbox 533 1416 2180 1462; baseline -0.005 -7"><span class='ocrx_word' id='word_1_277' title='bbox 533 1424 629 1455; x_wconf 84' lang='lat' dir='ltr'>llaec</span> <span class='ocrx_word' id='word_1_278' title='bbox 656 1421 794 1452; x_wconf 72' lang='lat' dir='ltr'>adversa</span> <span class='ocrx_word' id='word_1_279' title='bbox 806 1417 829 1436; x_wconf 78' lang='lat'>²¹</span> <span class='ocrx_word' id='word_1_280' title='bbox 858 1420 1046 1453; x_wconf 58' lang='lat' dir='ltr'>(talliarum</span> <span class='ocrx_word' id='word_1_281' title='bbox 1083 1424 1176 1462; x_wconf 77' lang='lat' dir='ltr'>parte</span> <span class='ocrx_word' id='word_1_282' title='bbox 1204 1418 1247 1449; x_wconf 88' lang='lat' dir='ltr'>ad</span> <span class='ocrx_word' id='word_1_283' title='bbox 1282 1424 1497 1462; x_wconf 68' lang='lat' dir='ltr'>prospectum</span> <span class='ocrx_word' id='word_1_284' title='bbox 1534 1418 1713 1462; x_wconf 73' lang='lat' dir='ltr'>Hispaniae</span> <span class='ocrx_word' id='word_1_285' title='bbox 1740 1419 1799 1450; x_wconf 68' lang='lat' dir='ltr'>sita</span> <span class='ocrx_word' id='word_1_286' title='bbox 1834 1422 1898 1455; x_wconf 70' lang='lat' dir='ltr'>est,</span> <span class='ocrx_word' id='word_1_287' title='bbox 1936 1417 2088 1450; x_wconf 65' lang='lat' dir='ltr'>circuitus</span> <span class='ocrx_word' id='word_1_288' title='bbox 2113 1416 2180 1449; x_wconf 58' lang='lat' dir='ltr'>eiua</span> 
     </span>
    </p>
   </div>
   <div class='ocr_carea' id='block_1_39' title="bbox 234 1468 2180 1519">
    <p class='ocr_par' dir='ltr' id='par_1_39' title="bbox 234 1468 2180 1519">
     <span class='ocr_line' id='line_1_44' title="bbox 234 1468 2180 1519; baseline -0.004 -11"><span class='ocrx_word' id='word_1_289' title='bbox 234 1476 433 1519; x_wconf 82' lang='lat' dir='ltr'>quadragies</span> <span class='ocrx_word' id='word_1_290' title='bbox 460 1475 561 1507; x_wconf 82' lang='lat' dir='ltr'>octies</span> <span class='ocrx_word' id='word_1_291' title='bbox 589 1473 798 1517; x_wconf 77' lang='lat' dir='ltr'>septuaginta</span> <span class='ocrx_word' id='word_1_292' title='bbox 825 1472 970 1514; x_wconf 82' lang='lat' dir='ltr'>quinque</span> <span class='ocrx_word' id='word_1_293' title='bbox 998 1471 1087 1503; x_wconf 82' lang='lat' dir='ltr'>inilia</span> <span class='ocrx_word' id='word_1_294' title='bbox 1098 1468 1138 1511; x_wconf 76' lang='lat'>²²,</span> <span class='ocrx_word' id='word_1_295' title='bbox 1174 1470 1277 1501; x_wconf 82' lang='lat' dir='ltr'>inulta</span> <span class='ocrx_word' id='word_1_296' title='bbox 1306 1475 1338 1501; x_wconf 81' lang='lat' dir='ltr'>et</span> <span class='ocrx_word' id='word_1_297' title='bbox 1365 1481 1486 1513; x_wconf 80' lang='lat' dir='ltr'>inagna</span> <span class='ocrx_word' id='word_1_298' title='bbox 1515 1470 1647 1502; x_wconf 80' lang='lat' dir='ltr'>flumina</span> <span class='ocrx_word' id='word_1_299' title='bbox 1675 1471 1706 1502; x_wconf 92' lang='lat' dir='ltr'>in</span> <span class='ocrx_word' id='word_1_300' title='bbox 1733 1482 1789 1510; x_wconf 83' lang='lat' dir='ltr'>ea,</span> <span class='ocrx_word' id='word_1_301' title='bbox 1825 1470 1932 1501; x_wconf 75' lang='lat' dir='ltr'>fontes</span> <span class='ocrx_word' id='word_1_302' title='bbox 1959 1468 2074 1509; x_wconf 85' lang='lat' dir='ltr'>calidi,</span> <span class='ocrx_word' id='word_1_303' title='bbox 2110 1480 2180 1500; x_wconf 87' lang='lat' dir='ltr'>me-</span> 
     </span>
    </p>
   </div>
   <div class='ocr_carea' id='block_1_40' title="bbox 234 1523 678 1568">
    <p class='ocr_par' dir='ltr' id='par_1_40' title="bbox 234 1523 678 1568">
     <span class='ocr_line' id='line_1_45' title="bbox 234 1523 678 1568; baseline -0.005 -8"><span class='ocrx_word' id='word_1_304' title='bbox 234 1528 390 1560; x_wconf 84' lang='lat' dir='ltr'>tallorum</span> <span class='ocrx_word' id='word_1_305' title='bbox 418 1526 507 1558; x_wconf 84' lang='lat' dir='ltr'>varia</span> <span class='ocrx_word' id='word_1_306' title='bbox 519 1523 543 1542; x_wconf 68' lang='lat'>²³</span> <span class='ocrx_word' id='word_1_307' title='bbox 570 1526 678 1568; x_wconf 82' lang='lat' dir='ltr'>copia.</span> 
     </span>
    </p>
   </div>
   <div class='ocr_carea' id='block_1_41' title="bbox 733 1521 1544 1567">
    <p class='ocr_par' dir='ltr' id='par_1_41' title="bbox 733 1521 1544 1567">
     <span class='ocr_line' id='line_1_46' title="bbox 733 1521 1544 1567; baseline -0.005 -12"><span class='ocrx_word' id='word_1_308' title='bbox 733 1524 881 1567; x_wconf 73' lang='lat' dir='ltr'>(iagates</span> <span class='ocrx_word' id='word_1_309' title='bbox 910 1524 992 1567; x_wconf 85' lang='lat' dir='ltr'>lapis</span> <span class='ocrx_word' id='word_1_310' title='bbox 1020 1523 1065 1554; x_wconf 84' lang='lat' dir='ltr'>ibi</span> <span class='ocrx_word' id='word_1_311' title='bbox 1093 1522 1253 1566; x_wconf 83' lang='lat' dir='ltr'>plurimus</span> <span class='ocrx_word' id='word_1_312' title='bbox 1280 1527 1311 1553; x_wconf 79' lang='lat' dir='ltr'>et</span> <span class='ocrx_word' id='word_1_313' title='bbox 1339 1521 1544 1564; x_wconf 72' lang='lat' dir='ltr'>margaritae.</span> 
     </span>
    </p>
   </div>
   <div class='ocr_carea' id='block_1_42' title="bbox 401 1568 2180 1614">
    <p class='ocr_par' dir='ltr' id='par_1_42' title="bbox 401 1568 2180 1614">
     <span class='ocr_line' id='line_1_47' title="bbox 401 1568 2180 1614; baseline -0.004 -5"><span class='ocrx_word' id='word_1_314' title='bbox 401 1577 434 1609; x_wconf 86' lang='lat'>3.</span> <span class='ocrx_word' id='word_1_315' title='bbox 488 1577 662 1609; x_wconf 82' lang='lat' dir='ltr'>Thanatos</span> <span class='ocrx_word' id='word_1_316' title='bbox 689 1576 794 1607; x_wconf 72' lang='lat' dir='ltr'>insula</span> <span class='ocrx_word' id='word_1_317' title='bbox 819 1575 944 1608; x_wconf 79' lang='lat' dir='ltr'>Oceani</span> <span class='ocrx_word' id='word_1_318' title='bbox 974 1575 1059 1606; x_wconf 85' lang='lat' dir='ltr'>freto</span> <span class='ocrx_word' id='word_1_319' title='bbox 1085 1574 1219 1606; x_wconf 77' lang='lat' dir='ltr'>Gallico</span> <span class='ocrx_word' id='word_1_320' title='bbox 1248 1585 1266 1605; x_wconf 92' lang='lat' dir='ltr'>a</span> <span class='ocrx_word' id='word_1_321' title='bbox 1289 1573 1458 1605; x_wconf 85' lang='lat' dir='ltr'>Britannia</span> <span class='ocrx_word' id='word_1_322' title='bbox 1487 1577 1543 1611; x_wconf 75' lang='lat' dir='ltr'>est,</span> <span class='ocrx_word' id='word_1_323' title='bbox 1572 1572 1734 1604; x_wconf 75' lang='lat' dir='ltr'>aestuario</span> <span class='ocrx_word' id='word_1_324' title='bbox 1753 1572 1844 1604; x_wconf 85' lang='lat' dir='ltr'>tenui</span> <span class='ocrx_word' id='word_1_325' title='bbox 1858 1568 1881 1587; x_wconf 62' lang='grc' dir='ltr'><strong>Ἠ</strong></span> <span class='ocrx_word' id='word_1_326' title='bbox 1910 1575 2082 1614; x_wconf 81' lang='lat' dir='ltr'>separata,</span> <span class='ocrx_word' id='word_1_327' title='bbox 2110 1570 2180 1602; x_wconf 85' lang='lat' dir='ltr'>fru-</span> 
     </span>
    </p>
   </div>
   <div class='ocr_carea' id='block_1_43' title="bbox 235 1627 877 1672">
    <p class='ocr_par' dir='ltr' id='par_1_43' title="bbox 235 1627 877 1672">
     <span class='ocr_line' id='line_1_48' title="bbox 235 1627 877 1672; baseline -0.006 -10"><span class='ocrx_word' id='word_1_328' title='bbox 235 1629 402 1662; x_wconf 84' lang='lat' dir='ltr'>mentariis</span> <span class='ocrx_word' id='word_1_329' title='bbox 429 1629 556 1672; x_wconf 84' lang='lat' dir='ltr'>campis</span> <span class='ocrx_word' id='word_1_330' title='bbox 585 1633 617 1660; x_wconf 85' lang='lat' dir='ltr'>et</span> <span class='ocrx_word' id='word_1_331' title='bbox 643 1627 747 1672; x_wconf 82' lang='lat' dir='ltr'>gleba</span> <span class='ocrx_word' id='word_1_332' title='bbox 774 1627 877 1659; x_wconf 85' lang='lat' dir='ltr'>uberi.</span> 
     </span>
    </p>
   </div>
   <div class='ocr_carea' id='block_1_44' title="bbox 931 1622 2181 1667">
    <p class='ocr_par' dir='ltr' id='par_1_44' title="bbox 931 1622 2181 1667">
     <span class='ocr_line' id='line_1_49' title="bbox 931 1622 2181 1667; baseline -0.004 -9"><span class='ocrx_word' id='word_1_333' title='bbox 931 1627 1028 1659; x_wconf 83' lang='lat' dir='ltr'>Dicta</span> <span class='ocrx_word' id='word_1_334' title='bbox 1053 1630 1162 1658; x_wconf 77' lang='lat' dir='ltr'>autem</span> <span class='ocrx_word' id='word_1_335' title='bbox 1185 1624 1359 1657; x_wconf 79' lang='lat' dir='ltr'>Thanatos</span> <span class='ocrx_word' id='word_1_336' title='bbox 1386 1636 1404 1656; x_wconf 87' lang='lat' dir='ltr'>a</span> <span class='ocrx_word' id='word_1_337' title='bbox 1432 1628 1538 1655; x_wconf 88' lang='lat' dir='ltr'>morte</span> <span class='ocrx_word' id='word_1_338' title='bbox 1566 1629 1776 1667; x_wconf 78' lang='lat' dir='ltr'>serpentum,</span> <span class='ocrx_word' id='word_1_339' title='bbox 1804 1633 1888 1666; x_wconf 84' lang='lat' dir='ltr'>quos</span> <span class='ocrx_word' id='word_1_340' title='bbox 1915 1622 1996 1654; x_wconf 90' lang='lat' dir='ltr'>(lum</span> <span class='ocrx_word' id='word_1_341' title='bbox 2023 1622 2095 1666; x_wconf 81' lang='lat' dir='ltr'>ipsa</span> <span class='ocrx_word' id='word_1_342' title='bbox 2121 1632 2181 1654; x_wconf 86' lang='lat' dir='ltr'>ne-</span> 
     </span>
    </p>
   </div>
   <div class='ocr_carea' id='block_1_45' title="bbox 237 1670 2182 1775">
    <p class='ocr_par' dir='ltr' id='par_1_45' title="bbox 237 1670 2182 1775">
     <span class='ocr_line' id='line_1_50' title="bbox 237 1670 1807 1725; baseline -0.003 -12"><span class='ocrx_word' id='word_1_343' title='bbox 237 1681 332 1722; x_wconf 79' lang='lat' dir='ltr'>sciat,</span> <span class='ocrx_word' id='word_1_344' title='bbox 359 1686 528 1725; x_wconf 83' lang='lat' dir='ltr'>asportata</span> <span class='ocrx_word' id='word_1_345' title='bbox 554 1679 632 1712; x_wconf 87' lang='lat' dir='ltr'>inde</span> <span class='ocrx_word' id='word_1_346' title='bbox 659 1684 746 1711; x_wconf 84' lang='lat' dir='ltr'>terra</span> <span class='ocrx_word' id='word_1_347' title='bbox 773 1690 910 1721; x_wconf 84' lang='lat' dir='ltr'>quoquo</span> <span class='ocrx_word' id='word_1_348' title='bbox 938 1678 1088 1723; x_wconf 74' lang='lat' dir='ltr'>gentium</span> <span class='ocrx_word' id='word_1_349' title='bbox 1114 1682 1210 1709; x_wconf 84' lang='lat' dir='ltr'>vecta</span> <span class='ocrx_word' id='word_1_350' title='bbox 1237 1673 1329 1717; x_wconf 44' lang='lat' dir='ltr'>sitm,</span> <span class='ocrx_word' id='word_1_351' title='bbox 1357 1687 1482 1720; x_wconf 76' lang='lat' dir='ltr'>angues</span> <span class='ocrx_word' id='word_1_352' title='bbox 1509 1675 1600 1708; x_wconf 89' lang='lat' dir='ltr'>illico</span> <span class='ocrx_word' id='word_1_353' title='bbox 1629 1675 1762 1719; x_wconf 88' lang='lat' dir='ltr'>perimit</span> <span class='ocrx_word' id='word_1_354' title='bbox 1773 1670 1807 1708; x_wconf 75' lang='lat'>²⁶.</span> 
     </span>
     <span class='ocr_line' id='line_1_51' title="bbox 403 1723 2182 1775; baseline -0.004 -11"><span class='ocrx_word' id='word_1_355' title='bbox 403 1731 436 1764; x_wconf 70' lang='lat'>⁴.</span> <span class='ocrx_word' id='word_1_356' title='bbox 491 1727 640 1775; x_wconf 55' lang='lat' dir='ltr'>Thy-10²⁷</span> <span class='ocrx_word' id='word_1_357' title='bbox 669 1731 783 1763; x_wconf 86' lang='lat' dir='ltr'>ultima</span> <span class='ocrx_word' id='word_1_358' title='bbox 820 1730 924 1763; x_wconf 87' lang='lat' dir='ltr'>insula</span> <span class='ocrx_word' id='word_1_359' title='bbox 958 1730 1085 1764; x_wconf 83' lang='lat' dir='ltr'>Oceani</span> <span class='ocrx_word' id='word_1_360' title='bbox 1119 1724 1236 1761; x_wconf 68' lang='lat' dir='ltr'>inter²⁶</span> <span class='ocrx_word' id='word_1_361' title='bbox 1268 1727 1560 1772; x_wconf 82' lang='lat' dir='ltr'>septentrionalem</span> <span class='ocrx_word' id='word_1_362' title='bbox 1594 1730 1626 1759; x_wconf 84' lang='lat' dir='ltr'>et</span> <span class='ocrx_word' id='word_1_363' title='bbox 1653 1726 1895 1760; x_wconf 84' lang='lat' dir='ltr'>occidentalem</span> <span class='ocrx_word' id='word_1_364' title='bbox 1929 1724 2069 1769; x_wconf 83' lang='lat' dir='ltr'>plagam</span> <span class='ocrx_word' id='word_1_365' title='bbox 2095 1723 2182 1757; x_wconf 87' lang='lat' dir='ltr'>ultra</span> 
     </span>
    </p>
   </div>
   <div class='ocr_carea' id='block_1_46' title="bbox 327 1822 891 1862">
    <p class='ocr_par' dir='ltr' id='par_1_46' title="bbox 327 1822 891 1862">
     <span class='ocr_line' id='line_1_52' title="bbox 327 1822 891 1862; baseline 0.004 -12"><span class='ocrx_word' id='word_1_366' title='bbox 327 1822 353 1862; x_wconf 90' lang='lat'>1)</span> <span class='ocrx_word' id='word_1_367' title='bbox 378 1824 424 1851; x_wconf 84' lang='lat' dir='ltr'>Sic</span> <span class='ocrx_word' id='word_1_368' title='bbox 448 1824 503 1852; x_wconf 91' lang='lat' dir='ltr'>Gu.</span> <span class='ocrx_word' id='word_1_369' title='bbox 530 1826 557 1854; x_wconf 90' lang='lat'>1.</span> <span class='ocrx_word' id='word_1_370' title='bbox 583 1839 622 1844; x_wconf 89' lang='lat'>—</span> <span class='ocrx_word' id='word_1_371' title='bbox 645 1829 687 1851; x_wconf 74' lang='lat' dir='ltr'>est</span> <span class='ocrx_word' id='word_1_372' title='bbox 703 1825 787 1860; x_wconf 76' lang='lat' dir='ltr'>fact.</span> <span class='ocrx_word' id='word_1_373' title='bbox 810 1824 891 1860; x_wconf 81' lang='lat' dir='ltr'>vulg.</span> 
     </span>
    </p>
   </div>
   <div class='ocr_carea' id='block_1_47' title="bbox 935 1823 1192 1852">
    <p class='ocr_par' dir='ltr' id='par_1_47' title="bbox 935 1823 1192 1852">
     <span class='ocr_line' id='line_1_53' title="bbox 935 1823 1192 1852; baseline -0.008 -2"><span class='ocrx_word' id='word_1_374' title='bbox 935 1823 1000 1852; x_wconf 86' lang='lat' dir='ltr'>Om.</span> <span class='ocrx_word' id='word_1_375' title='bbox 1024 1832 1129 1850; x_wconf 78' lang='lat' dir='ltr'>nomen</span> <span class='ocrx_word' id='word_1_376' title='bbox 1149 1827 1192 1848; x_wconf 76' lang='lat' dir='ltr'>cst</span> 
     </span>
    </p>
   </div>
   <div class='ocr_carea' id='block_1_48' title="bbox 231 1864 1194 2243">
    <p class='ocr_par' dir='ltr' id='par_1_48' title="bbox 231 1864 1194 2243">
     <span class='ocr_line' id='line_1_54' title="bbox 231 1864 1191 1905; baseline -0.002 -12"><span class='ocrx_word' id='word_1_377' title='bbox 231 1867 313 1904; x_wconf 77' lang='lat' dir='ltr'>sact-</span> <span class='ocrx_word' id='word_1_378' title='bbox 338 1866 366 1895; x_wconf 85' lang='lat' dir='ltr'>Z.</span> <span class='ocrx_word' id='word_1_379' title='bbox 392 1882 428 1886; x_wconf 75' lang='lat'>——</span> <span class='ocrx_word' id='word_1_380' title='bbox 454 1865 486 1905; x_wconf 69' lang='grc' dir='ltr'>Ξ)</span> <span class='ocrx_word' id='word_1_381' title='bbox 509 1877 631 1894; x_wconf 64' lang='lat' dir='ltr'>rursum</span> <span class='ocrx_word' id='word_1_382' title='bbox 657 1867 713 1894; x_wconf 91' lang='lat' dir='ltr'>Gu.</span> <span class='ocrx_word' id='word_1_383' title='bbox 732 1869 760 1897; x_wconf 74' lang='lat'>2.</span> <span class='ocrx_word' id='word_1_384' title='bbox 786 1885 823 1889; x_wconf 95' lang='lat'>—</span> <span class='ocrx_word' id='word_1_385' title='bbox 847 1864 879 1905; x_wconf 83' lang='lat'>3)</span> <span class='ocrx_word' id='word_1_386' title='bbox 905 1866 979 1893; x_wconf 74' lang='lat' dir='ltr'>Itali</span> <span class='ocrx_word' id='word_1_387' title='bbox 997 1875 1041 1893; x_wconf 83' lang='lat' dir='ltr'>va.</span> <span class='ocrx_word' id='word_1_388' title='bbox 1060 1881 1100 1886; x_wconf 89' lang='lat'>—</span> <span class='ocrx_word' id='word_1_389' title='bbox 1120 1866 1191 1892; x_wconf 68' lang='lat' dir='ltr'><em>lta-</em></span> 
     </span>
     <span class='ocr_line' id='line_1_55' title="bbox 242 1906 1190 1947; baseline -0.001 -12"><span class='ocrx_word' id='word_1_390' title='bbox 242 1910 287 1936; x_wconf 77' lang='lat' dir='ltr'>loS</span> <span class='ocrx_word' id='word_1_391' title='bbox 310 1908 340 1935; x_wconf 85' lang='lat' dir='ltr'>Z.</span> <span class='ocrx_word' id='word_1_392' title='bbox 356 1923 395 1928; x_wconf 90' lang='grc'>--</span> <span class='ocrx_word' id='word_1_393' title='bbox 418 1906 449 1947; x_wconf 68' lang='lat'>4)</span> <span class='ocrx_word' id='word_1_394' title='bbox 472 1919 539 1945; x_wconf 63' lang='lat' dir='ltr'>qma</span> <span class='ocrx_word' id='word_1_395' title='bbox 565 1911 689 1937; x_wconf 71' lang='grc' dir='ltr'><em>ηυηιίιιιι</em></span> <span class='ocrx_word' id='word_1_396' title='bbox 713 1910 743 1938; x_wconf 87' lang='lat' dir='ltr'>Z.</span> <span class='ocrx_word' id='word_1_397' title='bbox 777 1925 817 1931; x_wconf 77' lang='lat'>—-</span> <span class='ocrx_word' id='word_1_398' title='bbox 853 1912 880 1941; x_wconf 81' lang='lat'>5)</span> <span class='ocrx_word' id='word_1_399' title='bbox 905 1913 930 1935; x_wconf 48' lang='lat' dir='ltr'>‘t</span> <span class='ocrx_word' id='word_1_400' title='bbox 948 1910 1141 1947; x_wconf 51' lang='lat' dir='ltr'>prom&#39;ncitxm</span> <span class='ocrx_word' id='word_1_401' title='bbox 1161 1908 1190 1934; x_wconf 86' lang='lat' dir='ltr'>Z.</span> 
     </span>
     <span class='ocr_line' id='line_1_56' title="bbox 243 1949 1189 1989; baseline 0.004 -13"><span class='ocrx_word' id='word_1_402' title='bbox 243 1968 281 1972; x_wconf 80' lang='lat'>--</span> <span class='ocrx_word' id='word_1_403' title='bbox 306 1954 335 1984; x_wconf 79' lang='grc'>6)</span> <span class='ocrx_word' id='word_1_404' title='bbox 358 1950 434 1976; x_wconf 71' lang='lat' dir='ltr'>alios</span> <span class='ocrx_word' id='word_1_405' title='bbox 459 1949 501 1976; x_wconf 76' lang='grc' dir='ltr'>ιιιΙ</span> <span class='ocrx_word' id='word_1_406' title='bbox 522 1962 603 1987; x_wconf 65' lang='lat' dir='ltr'>reges</span> <span class='ocrx_word' id='word_1_407' title='bbox 621 1962 665 1981; x_wconf 79' lang='lat' dir='ltr'>va.</span> <span class='ocrx_word' id='word_1_408' title='bbox 689 1968 729 1972; x_wconf 80' lang='lat'>——</span> <span class='ocrx_word' id='word_1_409' title='bbox 744 1950 787 1979; x_wconf 79' lang='lat' dir='ltr'>ad</span> <span class='ocrx_word' id='word_1_410' title='bbox 808 1962 890 1989; x_wconf 67' lang='lat' dir='ltr'>reges</span> <span class='ocrx_word' id='word_1_411' title='bbox 910 1952 950 1980; x_wconf 76' lang='lat' dir='ltr'>al.</span> <span class='ocrx_word' id='word_1_412' title='bbox 975 1953 1031 1979; x_wconf 59' lang='grc' dir='ltr'><strong>(ἆυ.</strong></span> <span class='ocrx_word' id='word_1_413' title='bbox 1047 1953 1074 1981; x_wconf 83' lang='grc'><strong>2.</strong></span> <span class='ocrx_word' id='word_1_414' title='bbox 1103 1967 1138 1971; x_wconf 84' lang='grc'>-</span> <span class='ocrx_word' id='word_1_415' title='bbox 1164 1952 1189 1983; x_wconf 83' lang='grc'>7)</span> 
     </span>
     <span class='ocr_line' id='line_1_57' title="bbox 242 1992 1191 2032; baseline -0.001 -12"><span class='ocrx_word' id='word_1_416' title='bbox 242 1993 416 2031; x_wconf 69' lang='lat' dir='ltr'>signzsscare</span> <span class='ocrx_word' id='word_1_417' title='bbox 436 1992 646 2029; x_wconf 61' lang='lat' dir='ltr'>praedm-imus</span> <span class='ocrx_word' id='word_1_418' title='bbox 668 1995 749 2023; x_wconf 77' lang='lat' dir='ltr'>elem.</span> <span class='ocrx_word' id='word_1_419' title='bbox 767 1995 812 2023; x_wconf 83' lang='lat' dir='ltr'>Ar.</span> <span class='ocrx_word' id='word_1_420' title='bbox 832 2005 875 2022; x_wconf 63' lang='lat' dir='ltr'>va.</span> <span class='ocrx_word' id='word_1_421' title='bbox 899 2011 938 2016; x_wconf 92' lang='lat'><strong>—</strong></span> <span class='ocrx_word' id='word_1_422' title='bbox 965 1993 994 2032; x_wconf 82' lang='grc'>8)</span> <span class='ocrx_word' id='word_1_423' title='bbox 1018 1999 1120 2021; x_wconf 63' lang='lat' dir='ltr'>(tutem</span> <span class='ocrx_word' id='word_1_424' title='bbox 1136 2003 1191 2030; x_wconf 83' lang='lat' dir='ltr'>pro</span> 
     </span>
     <span class='ocr_line' id='line_1_58' title="bbox 243 2035 1192 2074; baseline -0.001 -11"><span class='ocrx_word' id='word_1_425' title='bbox 243 2046 309 2063; x_wconf 61' lang='lat' dir='ltr'>tero</span> <span class='ocrx_word' id='word_1_426' title='bbox 334 2035 390 2062; x_wconf 85' lang='lat' dir='ltr'>Gu.</span> <span class='ocrx_word' id='word_1_427' title='bbox 416 2039 440 2064; x_wconf 89' lang='lat'>1.</span> <span class='ocrx_word' id='word_1_428' title='bbox 457 2051 498 2055; x_wconf 95' lang='lat'><strong>—</strong></span> <span class='ocrx_word' id='word_1_429' title='bbox 521 2039 547 2067; x_wconf 74' lang='lat'>9)</span> <span class='ocrx_word' id='word_1_430' title='bbox 572 2036 703 2064; x_wconf 68' lang='lat' dir='ltr'>Easdem</span> <span class='ocrx_word' id='word_1_431' title='bbox 728 2037 782 2066; x_wconf 87' lang='lat' dir='ltr'>Gu.</span> <span class='ocrx_word' id='word_1_432' title='bbox 804 2039 830 2067; x_wconf 85' lang='grc'>1.</span> <span class='ocrx_word' id='word_1_433' title='bbox 853 2052 894 2058; x_wconf 92' lang='lat'>—</span> <span class='ocrx_word' id='word_1_434' title='bbox 916 2037 1091 2074; x_wconf 58' lang='lat' dir='ltr'>Etulcmaelzce</span> <span class='ocrx_word' id='word_1_435' title='bbox 1116 2042 1139 2062; x_wconf 72' lang='lat' dir='ltr'>e!</span> <span class='ocrx_word' id='word_1_436' title='bbox 1162 2035 1192 2062; x_wconf 83' lang='lat' dir='ltr'>Z.</span> 
     </span>
     <span class='ocr_line' id='line_1_59' title="bbox 243 2076 1192 2116; baseline 0 -11"><span class='ocrx_word' id='word_1_437' title='bbox 243 2094 284 2100; x_wconf 91' lang='lat'>—-</span> <span class='ocrx_word' id='word_1_438' title='bbox 310 2076 355 2116; x_wconf 90' lang='lat'>10)</span> <span class='ocrx_word' id='word_1_439' title='bbox 378 2077 427 2104; x_wconf 84' lang='lat' dir='ltr'>Sic</span> <span class='ocrx_word' id='word_1_440' title='bbox 451 2076 506 2105; x_wconf 86' lang='lat' dir='ltr'>Gu.</span> <span class='ocrx_word' id='word_1_441' title='bbox 526 2079 551 2107; x_wconf 91' lang='lat'>1.</span> <span class='ocrx_word' id='word_1_442' title='bbox 566 2093 607 2099; x_wconf 89' lang='lat'>—-</span> <span class='ocrx_word' id='word_1_443' title='bbox 628 2080 658 2105; x_wconf 78' lang='lat' dir='ltr'>in</span> <span class='ocrx_word' id='word_1_444' title='bbox 682 2090 711 2106; x_wconf 79' lang='lat' dir='ltr'>se</span> <span class='ocrx_word' id='word_1_445' title='bbox 735 2084 811 2106; x_wconf 74' lang='lat' dir='ltr'>cont.</span> <span class='ocrx_word' id='word_1_446' title='bbox 836 2079 914 2116; x_wconf 67' lang='lat' dir='ltr'>vulg.</span> <span class='ocrx_word' id='word_1_447' title='bbox 937 2096 977 2101; x_wconf 94' lang='lat'>—</span> <span class='ocrx_word' id='word_1_448' title='bbox 1003 2084 1047 2115; x_wconf 82' lang='lat'>11)</span> <span class='ocrx_word' id='word_1_449' title='bbox 1064 2079 1112 2106; x_wconf 82' lang='lat' dir='ltr'>Sic</span> <span class='ocrx_word' id='word_1_450' title='bbox 1136 2079 1192 2105; x_wconf 61' lang='grc' dir='ltr'><strong>(ἆυ.</strong></span> 
     </span>
     <span class='ocr_line' id='line_1_60' title="bbox 247 2120 1193 2158; baseline -0.001 -10"><span class='ocrx_word' id='word_1_451' title='bbox 247 2120 374 2151; x_wconf 77' lang='lat' dir='ltr'>1.2.Ar.</span> <span class='ocrx_word' id='word_1_452' title='bbox 389 2135 430 2141; x_wconf 91' lang='lat'>-</span> <span class='ocrx_word' id='word_1_453' title='bbox 453 2120 606 2146; x_wconf 66' lang='lat' dir='ltr'>continens</span> <span class='ocrx_word' id='word_1_454' title='bbox 629 2121 707 2158; x_wconf 79' lang='lat' dir='ltr'>vulg.</span> <span class='ocrx_word' id='word_1_455' title='bbox 753 2122 817 2148; x_wconf 86' lang='lat' dir='ltr'>Om.</span> <span class='ocrx_word' id='word_1_456' title='bbox 842 2132 887 2149; x_wconf 89' lang='lat' dir='ltr'>va.</span> <span class='ocrx_word' id='word_1_457' title='bbox 913 2138 950 2144; x_wconf 82' lang='lat'>-—</span> <span class='ocrx_word' id='word_1_458' title='bbox 979 2121 1075 2158; x_wconf 75' lang='lat' dir='ltr'>12)Sic</span> <span class='ocrx_word' id='word_1_459' title='bbox 1094 2121 1193 2148; x_wconf 56' lang='lat' dir='ltr'>stou.</span> 
     </span>
     <span class='ocr_line' id='line_1_61' title="bbox 247 2162 1194 2199; baseline -0.003 -6"><span class='ocrx_word' id='word_1_460' title='bbox 247 2166 274 2193; x_wconf 87' lang='grc'>1.</span> <span class='ocrx_word' id='word_1_461' title='bbox 292 2165 320 2192; x_wconf 79' lang='grc'><strong>2.</strong></span> <span class='ocrx_word' id='word_1_462' title='bbox 343 2162 391 2190; x_wconf 81' lang='lat' dir='ltr'>Ar.</span> <span class='ocrx_word' id='word_1_463' title='bbox 409 2177 450 2182; x_wconf 92' lang='lat'>—</span> <span class='ocrx_word' id='word_1_464' title='bbox 473 2167 552 2188; x_wconf 74' lang='lat' dir='ltr'>terra</span> <span class='ocrx_word' id='word_1_465' title='bbox 575 2162 655 2199; x_wconf 76' lang='lat' dir='ltr'>vulg.</span> <span class='ocrx_word' id='word_1_466' title='bbox 677 2179 717 2184; x_wconf 87' lang='lat'>-</span> <span class='ocrx_word' id='word_1_467' title='bbox 739 2165 819 2191; x_wconf 65' lang='lat' dir='ltr'>sicut</span> <span class='ocrx_word' id='word_1_468' title='bbox 835 2170 859 2191; x_wconf 76' lang='lat' dir='ltr'>et</span> <span class='ocrx_word' id='word_1_469' title='bbox 877 2165 908 2192; x_wconf 89' lang='lat' dir='ltr'>Z.</span> <span class='ocrx_word' id='word_1_470' title='bbox 931 2179 970 2185; x_wconf 94' lang='lat'>—</span> <span class='ocrx_word' id='word_1_471' title='bbox 998 2165 1044 2198; x_wconf 81' lang='lat'>13)</span> <span class='ocrx_word' id='word_1_472' title='bbox 1073 2163 1121 2190; x_wconf 70' lang='lat' dir='ltr'>Sic</span> <span class='ocrx_word' id='word_1_473' title='bbox 1138 2165 1194 2192; x_wconf 77' lang='lat' dir='ltr'>Gu.</span> 
     </span>
     <span class='ocr_line' id='line_1_62' title="bbox 248 2203 1194 2243; baseline 0 -10"><span class='ocrx_word' id='word_1_474' title='bbox 248 2207 274 2236; x_wconf 88' lang='lat'>1.</span> <span class='ocrx_word' id='word_1_475' title='bbox 299 2220 339 2225; x_wconf 49' lang='grc'>’-</span> <span class='ocrx_word' id='word_1_476' title='bbox 363 2204 434 2232; x_wconf 57' lang='lat' dir='ltr'>Item</span> <span class='ocrx_word' id='word_1_477' title='bbox 458 2203 539 2241; x_wconf 80' lang='lat' dir='ltr'>vulg.</span> <span class='ocrx_word' id='word_1_478' title='bbox 564 2219 605 2224; x_wconf 89' lang='lat'>—-</span> <span class='ocrx_word' id='word_1_479' title='bbox 644 2206 686 2240; x_wconf 59' lang='lat'>14)</span> <span class='ocrx_word' id='word_1_480' title='bbox 709 2205 757 2233; x_wconf 89' lang='lat' dir='ltr'>Sic</span> <span class='ocrx_word' id='word_1_481' title='bbox 774 2207 821 2233; x_wconf 84' lang='lat' dir='ltr'>Ar.</span> <span class='ocrx_word' id='word_1_482' title='bbox 844 2222 877 2228; x_wconf 88' lang='lat'>—</span> <span class='ocrx_word' id='word_1_483' title='bbox 905 2206 1037 2234; x_wconf 69' lang='lat' dir='ltr'>Gallina</span> <span class='ocrx_word' id='word_1_484' title='bbox 1060 2206 1139 2243; x_wconf 71' lang='lat' dir='ltr'>vulg.</span> <span class='ocrx_word' id='word_1_485' title='bbox 1156 2222 1194 2227; x_wconf 85' lang='lat'>—</span> 
     </span>
    </p>
   </div>
   <div class='ocr_carea' id='block_1_49' title="bbox 248 2244 1198 2286">
    <p class='ocr_par' dir='ltr' id='par_1_49' title="bbox 248 2244 1198 2286">
     <span class='ocr_line' id='line_1_63' title="bbox 248 2244 1198 2286; baseline 0.002 -13"><span class='ocrx_word' id='word_1_486' title='bbox 248 2244 293 2286; x_wconf 80' lang='lat'>15)</span> <span class='ocrx_word' id='word_1_487' title='bbox 313 2246 361 2274; x_wconf 76' lang='lat' dir='ltr'>Sic</span> <span class='ocrx_word' id='word_1_488' title='bbox 384 2247 414 2274; x_wconf 86' lang='lat' dir='ltr'>Z.</span> <span class='ocrx_word' id='word_1_489' title='bbox 439 2246 494 2275; x_wconf 83' lang='lat' dir='ltr'>Gu.</span> <span class='ocrx_word' id='word_1_490' title='bbox 517 2248 541 2275; x_wconf 84' lang='lat'>1.</span> <span class='ocrx_word' id='word_1_491' title='bbox 564 2247 594 2275; x_wconf 77' lang='lat'>9..</span> <span class='ocrx_word' id='word_1_492' title='bbox 621 2256 666 2283; x_wconf 76' lang='lat' dir='ltr'>pr.</span> <span class='ocrx_word' id='word_1_493' title='bbox 689 2246 737 2274; x_wconf 83' lang='lat' dir='ltr'>Ar.</span> <span class='ocrx_word' id='word_1_494' title='bbox 761 2248 805 2275; x_wconf 85' lang='lat' dir='ltr'>ed.</span> <span class='ocrx_word' id='word_1_495' title='bbox 829 2247 917 2275; x_wconf 77' lang='lat' dir='ltr'>Goth.</span> <span class='ocrx_word' id='word_1_496' title='bbox 940 2265 980 2269; x_wconf 88' lang='lat'>—</span> <span class='ocrx_word' id='word_1_497' title='bbox 1003 2250 1198 2276; x_wconf 69' lang='lat' dir='ltr'>tam-iterium·</span> 
     </span>
    </p>
   </div>
   <div class='ocr_carea' id='block_1_50' title="bbox 247 2287 1197 2412">
    <p class='ocr_par' dir='ltr' id='par_1_50' title="bbox 247 2287 1197 2412">
     <span class='ocr_line' id='line_1_64' title="bbox 247 2287 1196 2329; baseline 0.002 -13"><span class='ocrx_word' id='word_1_498' title='bbox 247 2289 328 2325; x_wconf 88' lang='lat' dir='ltr'>vulg.</span> <span class='ocrx_word' id='word_1_499' title='bbox 356 2305 390 2309; x_wconf 88' lang='lat'>—-</span> <span class='ocrx_word' id='word_1_500' title='bbox 418 2287 465 2328; x_wconf 83' lang='lat'>16)</span> <span class='ocrx_word' id='word_1_501' title='bbox 489 2288 586 2315; x_wconf 67' lang='lat' dir='ltr'><em>bubus</em></span> <span class='ocrx_word' id='word_1_502' title='bbox 602 2288 632 2315; x_wconf 90' lang='lat' dir='ltr'>Z.</span> <span class='ocrx_word' id='word_1_503' title='bbox 658 2288 713 2316; x_wconf 91' lang='lat' dir='ltr'>Gu.</span> <span class='ocrx_word' id='word_1_504' title='bbox 731 2291 758 2319; x_wconf 82' lang='lat'>2.</span> <span class='ocrx_word' id='word_1_505' title='bbox 777 2299 821 2327; x_wconf 81' lang='lat' dir='ltr'>pr.</span> <span class='ocrx_word' id='word_1_506' title='bbox 847 2300 894 2318; x_wconf 91' lang='lat' dir='ltr'>va.</span> <span class='ocrx_word' id='word_1_507' title='bbox 916 2306 958 2312; x_wconf 89' lang='lat'>—</span> <span class='ocrx_word' id='word_1_508' title='bbox 983 2289 1026 2329; x_wconf 83' lang='lat'>17)</span> <span class='ocrx_word' id='word_1_509' title='bbox 1045 2296 1070 2317; x_wconf 66' lang='lat' dir='ltr'>et</span> <span class='ocrx_word' id='word_1_510' title='bbox 1093 2290 1196 2318; x_wconf 81' lang='lat' dir='ltr'>addidi</span> 
     </span>
     <span class='ocr_line' id='line_1_65' title="bbox 248 2331 1197 2371; baseline 0.002 -13"><span class='ocrx_word' id='word_1_511' title='bbox 248 2342 263 2359; x_wconf 90' lang='lat' dir='ltr'>e</span> <span class='ocrx_word' id='word_1_512' title='bbox 288 2331 345 2358; x_wconf 90' lang='lat' dir='ltr'>Gu.</span> <span class='ocrx_word' id='word_1_513' title='bbox 367 2333 393 2360; x_wconf 86' lang='lat'>1.</span> <span class='ocrx_word' id='word_1_514' title='bbox 416 2333 444 2361; x_wconf 78' lang='lat'>2.</span> <span class='ocrx_word' id='word_1_515' title='bbox 470 2340 512 2369; x_wconf 85' lang='lat' dir='ltr'>pr.</span> <span class='ocrx_word' id='word_1_516' title='bbox 536 2340 582 2358; x_wconf 85' lang='lat' dir='ltr'>va.</span> <span class='ocrx_word' id='word_1_517' title='bbox 614 2345 654 2351; x_wconf 93' lang='lat'>—</span> <span class='ocrx_word' id='word_1_518' title='bbox 687 2332 732 2366; x_wconf 86' lang='grc'>18)</span> <span class='ocrx_word' id='word_1_519' title='bbox 763 2341 838 2368; x_wconf 79' lang='lat' dir='ltr'>quae</span> <span class='ocrx_word' id='word_1_520' title='bbox 859 2333 914 2361; x_wconf 85' lang='lat' dir='ltr'>Gu.</span> <span class='ocrx_word' id='word_1_521' title='bbox 944 2336 971 2362; x_wconf 91' lang='lat'>1.</span> <span class='ocrx_word' id='word_1_522' title='bbox 994 2348 1036 2353; x_wconf 89' lang='lat'>—-</span> <span class='ocrx_word' id='word_1_523' title='bbox 1065 2344 1197 2371; x_wconf 72' lang='lat' dir='ltr'>quaeque</span> 
     </span>
     <span class='ocr_line' id='line_1_66' title="bbox 248 2370 1196 2412; baseline 0.004 -13"><span class='ocrx_word' id='word_1_524' title='bbox 248 2383 293 2400; x_wconf 84' lang='lat' dir='ltr'>va.</span> <span class='ocrx_word' id='word_1_525' title='bbox 313 2373 348 2400; x_wconf 85' lang='lat' dir='ltr'>al.</span> <span class='ocrx_word' id='word_1_526' title='bbox 363 2388 405 2394; x_wconf 93' lang='lat'><strong>—</strong></span> <span class='ocrx_word' id='word_1_527' title='bbox 428 2371 474 2412; x_wconf 76' lang='lat'>19)</span> <span class='ocrx_word' id='word_1_528' title='bbox 497 2383 552 2401; x_wconf 76' lang='lat' dir='ltr'>suo</span> <span class='ocrx_word' id='word_1_529' title='bbox 576 2382 622 2402; x_wconf 73' lang='lat' dir='ltr'>va.</span> <span class='ocrx_word' id='word_1_530' title='bbox 641 2388 682 2394; x_wconf 88' lang='lat'>-</span> <span class='ocrx_word' id='word_1_531' title='bbox 703 2370 752 2412; x_wconf 72' lang='lat'>20)</span> <span class='ocrx_word' id='word_1_532' title='bbox 772 2384 846 2412; x_wconf 77' lang='lat' dir='ltr'>gens</span> <span class='ocrx_word' id='word_1_533' title='bbox 868 2383 914 2402; x_wconf 77' lang='lat' dir='ltr'>va.</span> <span class='ocrx_word' id='word_1_534' title='bbox 937 2389 976 2397; x_wconf 89' lang='lat'>—</span> <span class='ocrx_word' id='word_1_535' title='bbox 999 2374 1044 2412; x_wconf 65' lang='lat'>21)</span> <span class='ocrx_word' id='word_1_536' title='bbox 1060 2377 1145 2403; x_wconf 75' lang='lat' dir='ltr'>llaec</span> <span class='ocrx_word' id='word_1_537' title='bbox 1163 2377 1196 2403; x_wconf 83' lang='grc' dir='ltr'>ιἰι</span> 
     </span>
    </p>
   </div>
   <div class='ocr_carea' id='block_1_51' title="bbox 1234 1816 2185 2072">
    <p class='ocr_par' dir='ltr' id='par_1_51' title="bbox 1234 1816 2185 2072">
     <span class='ocr_line' id='line_1_67' title="bbox 1234 1816 2184 1856; baseline -0.006 -7"><span class='ocrx_word' id='word_1_538' title='bbox 1234 1831 1343 1849; x_wconf 70' lang='lat' dir='ltr'>aversa</span> <span class='ocrx_word' id='word_1_539' title='bbox 1366 1820 1414 1849; x_wconf 88' lang='lat' dir='ltr'>Ar.</span> <span class='ocrx_word' id='word_1_540' title='bbox 1438 1835 1480 1841; x_wconf 96' lang='lat'>—</span> <span class='ocrx_word' id='word_1_541' title='bbox 1512 1818 1560 1856; x_wconf 74' lang='lat'>22)</span> <span class='ocrx_word' id='word_1_542' title='bbox 1583 1820 1721 1846; x_wconf 67' lang='lat' dir='ltr'>miliaria</span> <span class='ocrx_word' id='word_1_543' title='bbox 1744 1819 1773 1846; x_wconf 91' lang='lat' dir='ltr'>Z.</span> <span class='ocrx_word' id='word_1_544' title='bbox 1802 1836 1835 1840; x_wconf 95' lang='lat'><strong>—</strong></span> <span class='ocrx_word' id='word_1_545' title='bbox 1871 1821 1917 1852; x_wconf 73' lang='lat'>23)</span> <span class='ocrx_word' id='word_1_546' title='bbox 1941 1816 2027 1854; x_wconf 79' lang='lat' dir='ltr'>Vulg.</span> <span class='ocrx_word' id='word_1_547' title='bbox 2051 1816 2141 1854; x_wconf 78' lang='lat' dir='ltr'>larga</span> <span class='ocrx_word' id='word_1_548' title='bbox 2158 1820 2184 1843; x_wconf 76' lang='lat' dir='ltr'>et</span> 
     </span>
     <span class='ocr_line' id='line_1_68' title="bbox 1236 1858 2184 1901; baseline -0.006 -9"><span class='ocrx_word' id='word_1_549' title='bbox 1236 1867 1344 1900; x_wconf 75' lang='lat' dir='ltr'>varia,</span> <span class='ocrx_word' id='word_1_550' title='bbox 1367 1862 1417 1891; x_wconf 87' lang='lat' dir='ltr'>sed</span> <span class='ocrx_word' id='word_1_551' title='bbox 1441 1862 1532 1900; x_wconf 74' lang='lat' dir='ltr'>larga</span> <span class='ocrx_word' id='word_1_552' title='bbox 1555 1867 1581 1888; x_wconf 77' lang='lat' dir='ltr'>et</span> <span class='ocrx_word' id='word_1_553' title='bbox 1600 1872 1655 1889; x_wconf 76' lang='lat' dir='ltr'>om.</span> <span class='ocrx_word' id='word_1_554' title='bbox 1682 1862 1738 1889; x_wconf 89' lang='lat' dir='ltr'>Gu.</span> <span class='ocrx_word' id='word_1_555' title='bbox 1762 1864 1788 1892; x_wconf 83' lang='lat'>1.</span> <span class='ocrx_word' id='word_1_556' title='bbox 1817 1877 1857 1883; x_wconf 93' lang='lat'>—</span> <span class='ocrx_word' id='word_1_557' title='bbox 1886 1859 1933 1901; x_wconf 62' lang='lat'>24)</span> <span class='ocrx_word' id='word_1_558' title='bbox 1958 1860 2006 1887; x_wconf 88' lang='lat' dir='ltr'>Sic</span> <span class='ocrx_word' id='word_1_559' title='bbox 2024 1858 2074 1888; x_wconf 80' lang='lat' dir='ltr'>Ar.</span> <span class='ocrx_word' id='word_1_560' title='bbox 2095 1868 2110 1887; x_wconf 88' lang='lat' dir='ltr'>e</span> <span class='ocrx_word' id='word_1_561' title='bbox 2132 1859 2184 1886; x_wconf 89' lang='lat' dir='ltr'>So-</span> 
     </span>
     <span class='ocr_line' id='line_1_69' title="bbox 1236 1902 2184 1941; baseline -0.007 -6"><span class='ocrx_word' id='word_1_562' title='bbox 1236 1908 1287 1935; x_wconf 89' lang='lat' dir='ltr'>lin.</span> <span class='ocrx_word' id='word_1_563' title='bbox 1312 1907 1348 1934; x_wconf 87' lang='lat' dir='ltr'>de</span> <span class='ocrx_word' id='word_1_564' title='bbox 1372 1906 1503 1934; x_wconf 81' lang='lat' dir='ltr'>Britann.</span> <span class='ocrx_word' id='word_1_565' title='bbox 1518 1920 1560 1926; x_wconf 93' lang='lat'>—</span> <span class='ocrx_word' id='word_1_566' title='bbox 1585 1904 1670 1941; x_wconf 53' lang='lat' dir='ltr'>Vulg⁴</span> <span class='ocrx_word' id='word_1_567' title='bbox 1697 1905 1801 1939; x_wconf 71' lang='lat' dir='ltr'>varia,</span> <span class='ocrx_word' id='word_1_568' title='bbox 1824 1905 1940 1939; x_wconf 72' lang='lat' dir='ltr'>tenuis,</span> <span class='ocrx_word' id='word_1_569' title='bbox 1963 1913 2076 1940; x_wconf 54' lang='grc' dir='ltr'>δεμ-</span> <span class='ocrx_word' id='word_1_570' title='bbox 2098 1902 2184 1928; x_wconf 84' lang='lat' dir='ltr'>vario</span> 
     </span>
     <span class='ocr_line' id='line_1_70' title="bbox 1236 1942 2183 1988; baseline -0.008 -10"><span class='ocrx_word' id='word_1_571' title='bbox 1236 1952 1266 1978; x_wconf 77' lang='grc' dir='ltr'><strong>Ζ.</strong></span> <span class='ocrx_word' id='word_1_572' title='bbox 1289 1967 1327 1971; x_wconf 95' lang='lat'>—</span> <span class='ocrx_word' id='word_1_573' title='bbox 1358 1951 1402 1986; x_wconf 65' lang='lat'>25)</span> <span class='ocrx_word' id='word_1_574' title='bbox 1422 1947 1518 1988; x_wconf 71' lang='lat' dir='ltr'>fuerit</span> <span class='ocrx_word' id='word_1_575' title='bbox 1543 1947 1572 1977; x_wconf 91' lang='grc' dir='ltr'>Ζ,</span> <span class='ocrx_word' id='word_1_576' title='bbox 1603 1963 1639 1968; x_wconf 90' lang='lat'><em>-</em></span> <span class='ocrx_word' id='word_1_577' title='bbox 1679 1950 1723 1979; x_wconf 59' lang='grc' dir='ltr'>ΕΘ)</span> <span class='ocrx_word' id='word_1_578' title='bbox 1748 1948 1912 1984; x_wconf 77' lang='lat' dir='ltr'>perimitur</span> <span class='ocrx_word' id='word_1_579' title='bbox 1941 1946 1998 1974; x_wconf 82' lang='lat' dir='ltr'>Gu.</span> <span class='ocrx_word' id='word_1_580' title='bbox 2014 1946 2042 1975; x_wconf 80' lang='lat'>2.</span> <span class='ocrx_word' id='word_1_581' title='bbox 2064 1960 2107 1965; x_wconf 86' lang='lat'>·-—</span> <span class='ocrx_word' id='word_1_582' title='bbox 2134 1942 2183 1980; x_wconf 72' lang='lat'>27)</span> 
     </span>
     <span class='ocr_line' id='line_1_71' title="bbox 1243 1986 2185 2029; baseline -0.003 -9"><span class='ocrx_word' id='word_1_583' title='bbox 1243 1992 1334 2020; x_wconf 59' lang='lat' dir='ltr'>Thule</span> <span class='ocrx_word' id='word_1_584' title='bbox 1347 1991 1396 2020; x_wconf 84' lang='lat' dir='ltr'>Ar.</span> <span class='ocrx_word' id='word_1_585' title='bbox 1421 2007 1457 2012; x_wconf 96' lang='lat'>—</span> <span class='ocrx_word' id='word_1_586' title='bbox 1482 1988 1576 2029; x_wconf 68' lang='lat' dir='ltr'>28)1&#39;n</span> <span class='ocrx_word' id='word_1_587' title='bbox 1591 1991 1619 2017; x_wconf 88' lang='lat' dir='ltr'>Z.</span> <span class='ocrx_word' id='word_1_588' title='bbox 1646 2006 1682 2010; x_wconf 94' lang='lat'>—</span> <span class='ocrx_word' id='word_1_589' title='bbox 1707 1988 1752 2027; x_wconf 70' lang='lat'>29)</span> <span class='ocrx_word' id='word_1_590' title='bbox 1768 1991 1934 2017; x_wconf 71' lang='lat' dir='ltr'>solstitium</span> <span class='ocrx_word' id='word_1_591' title='bbox 1955 1998 2011 2017; x_wconf 86' lang='lat' dir='ltr'>om.</span> <span class='ocrx_word' id='word_1_592' title='bbox 2032 1986 2088 2015; x_wconf 80' lang='lat' dir='ltr'>Gu.</span> <span class='ocrx_word' id='word_1_593' title='bbox 2104 1988 2185 2017; x_wconf 74' lang='lat'>2·-</span> 
     </span>
     <span class='ocr_line' id='line_1_72' title="bbox 1236 2028 2185 2072; baseline -0.008 -9"><span class='ocrx_word' id='word_1_594' title='bbox 1236 2038 1281 2072; x_wconf 82' lang='lat'>30)</span> <span class='ocrx_word' id='word_1_595' title='bbox 1305 2034 1352 2062; x_wconf 83' lang='lat' dir='ltr'>Sic</span> <span class='ocrx_word' id='word_1_596' title='bbox 1379 2034 1435 2061; x_wconf 92' lang='lat' dir='ltr'>Gu.</span> <span class='ocrx_word' id='word_1_597' title='bbox 1458 2035 1483 2062; x_wconf 89' lang='lat'>1.</span> <span class='ocrx_word' id='word_1_598' title='bbox 1510 2049 1540 2052; x_wconf 86' lang='lat'>—-</span> <span class='ocrx_word' id='word_1_599' title='bbox 1570 2031 1634 2059; x_wconf 66' lang='lat' dir='ltr'>dics</span> <span class='ocrx_word' id='word_1_600' title='bbox 1653 2038 1694 2059; x_wconf 50' lang='lat' dir='ltr'>eat</span> <span class='ocrx_word' id='word_1_601' title='bbox 1716 2032 1798 2069; x_wconf 76' lang='lat' dir='ltr'>vulg.</span> <span class='ocrx_word' id='word_1_602' title='bbox 1822 2049 1862 2054; x_wconf 96' lang='lat'><strong>—</strong></span> <span class='ocrx_word' id='word_1_603' title='bbox 1891 2030 1937 2069; x_wconf 82' lang='lat'>31)</span> <span class='ocrx_word' id='word_1_604' title='bbox 1956 2033 2037 2058; x_wconf 83' lang='lat' dir='ltr'>intra</span> <span class='ocrx_word' id='word_1_605' title='bbox 2051 2029 2081 2056; x_wconf 84' lang='lat' dir='ltr'>Z.</span> <span class='ocrx_word' id='word_1_606' title='bbox 2099 2028 2185 2056; x_wconf 86' lang='lat' dir='ltr'>al.—</span> 
     </span>
    </p>
   </div>
   <div class='ocr_carea' id='block_1_52' title="bbox 1235 2074 2186 2414">
    <p class='ocr_par' dir='ltr' id='par_1_52' title="bbox 1235 2074 2186 2414">
     <span class='ocr_line' id='line_1_73' title="bbox 1237 2074 2186 2112; baseline -0.008 -7"><span class='ocrx_word' id='word_1_607' title='bbox 1237 2080 1314 2106; x_wconf 70' lang='lat' dir='ltr'>inter</span> <span class='ocrx_word' id='word_1_608' title='bbox 1337 2077 1394 2104; x_wconf 90' lang='lat' dir='ltr'>Gu.</span> <span class='ocrx_word' id='word_1_609' title='bbox 1414 2079 1437 2105; x_wconf 88' lang='lat'>1.</span> <span class='ocrx_word' id='word_1_610' title='bbox 1461 2091 1502 2096; x_wconf 96' lang='lat'>—</span> <span class='ocrx_word' id='word_1_611' title='bbox 1530 2078 1574 2109; x_wconf 64' lang='lat'>3⁴2)</span> <span class='ocrx_word' id='word_1_612' title='bbox 1602 2076 1649 2102; x_wconf 84' lang='lat' dir='ltr'>Sic</span> <span class='ocrx_word' id='word_1_613' title='bbox 1673 2076 1704 2103; x_wconf 79' lang='lat' dir='ltr'>Z.</span> <span class='ocrx_word' id='word_1_614' title='bbox 1731 2075 1784 2103; x_wconf 87' lang='lat' dir='ltr'>Gn.</span> <span class='ocrx_word' id='word_1_615' title='bbox 1810 2078 1835 2106; x_wconf 86' lang='lat'>1.</span> <span class='ocrx_word' id='word_1_616' title='bbox 1852 2077 1880 2105; x_wconf 78' lang='grc'><strong>2.</strong></span> <span class='ocrx_word' id='word_1_617' title='bbox 1902 2084 1948 2112; x_wconf 85' lang='lat' dir='ltr'>pr.</span> <span class='ocrx_word' id='word_1_618' title='bbox 1974 2074 2022 2101; x_wconf 83' lang='lat' dir='ltr'>Ar.</span> <span class='ocrx_word' id='word_1_619' title='bbox 2046 2088 2083 2093; x_wconf 84' lang='lat'>——</span> <span class='ocrx_word' id='word_1_620' title='bbox 2108 2076 2186 2098; x_wconf 76' lang='lat' dir='ltr'>octo-</span> 
     </span>
     <span class='ocr_line' id='line_1_74' title="bbox 1235 2114 2185 2159; baseline -0.008 -11"><span class='ocrx_word' id='word_1_621' title='bbox 1235 2123 1325 2159; x_wconf 74' lang='lat' dir='ltr'>ginta</span> <span class='ocrx_word' id='word_1_622' title='bbox 1348 2119 1426 2156; x_wconf 82' lang='lat' dir='ltr'>vulg.</span> <span class='ocrx_word' id='word_1_623' title='bbox 1471 2117 1545 2145; x_wconf 80' lang='lat' dir='ltr'>Vide</span> <span class='ocrx_word' id='word_1_624' title='bbox 1569 2118 1636 2145; x_wconf 82' lang='lat' dir='ltr'>Mel.</span> <span class='ocrx_word' id='word_1_625' title='bbox 1664 2118 1682 2147; x_wconf 89' lang='lat' dir='ltr'>l.</span> <span class='ocrx_word' id='word_1_626' title='bbox 1702 2117 1750 2145; x_wconf 88' lang='grc' dir='ltr'><strong>ΙΙΙ.</strong></span> <span class='ocrx_word' id='word_1_627' title='bbox 1772 2133 1813 2139; x_wconf 93' lang='lat'>—</span> <span class='ocrx_word' id='word_1_628' title='bbox 1845 2116 1894 2155; x_wconf 77' lang='lat'>33)</span> <span class='ocrx_word' id='word_1_629' title='bbox 1918 2115 1966 2143; x_wconf 83' lang='lat' dir='ltr'>Sic</span> <span class='ocrx_word' id='word_1_630' title='bbox 1985 2115 2015 2144; x_wconf 93' lang='lat' dir='ltr'>Z.</span> <span class='ocrx_word' id='word_1_631' title='bbox 2041 2114 2098 2142; x_wconf 92' lang='lat' dir='ltr'>Gu.</span> <span class='ocrx_word' id='word_1_632' title='bbox 2117 2116 2141 2144; x_wconf 76' lang='grc'>1.</span> <span class='ocrx_word' id='word_1_633' title='bbox 2156 2114 2185 2143; x_wconf 81' lang='lat'>2.</span> 
     </span>
     <span class='ocr_line' id='line_1_75' title="bbox 1238 2154 2185 2202; baseline -0.011 -11"><span class='ocrx_word' id='word_1_634' title='bbox 1238 2173 1283 2202; x_wconf 88' lang='lat' dir='ltr'>pr.</span> <span class='ocrx_word' id='word_1_635' title='bbox 1308 2172 1355 2190; x_wconf 89' lang='lat' dir='ltr'>va.</span> <span class='ocrx_word' id='word_1_636' title='bbox 1375 2161 1422 2190; x_wconf 83' lang='lat' dir='ltr'>Ar.</span> <span class='ocrx_word' id='word_1_637' title='bbox 1450 2177 1483 2181; x_wconf 86' lang='lat'>-—</span> <span class='ocrx_word' id='word_1_638' title='bbox 1509 2159 1667 2188; x_wconf 60' lang='lat' dir='ltr'>duodecim</span> <span class='ocrx_word' id='word_1_639' title='bbox 1690 2160 1769 2197; x_wconf 76' lang='lat' dir='ltr'>vulg.</span> <span class='ocrx_word' id='word_1_640' title='bbox 1800 2175 1837 2181; x_wconf 93' lang='lat'>—-</span> <span class='ocrx_word' id='word_1_641' title='bbox 1871 2160 1916 2193; x_wconf 79' lang='lat'>34)</span> <span class='ocrx_word' id='word_1_642' title='bbox 1940 2163 1967 2185; x_wconf 75' lang='lat' dir='ltr'>et</span> <span class='ocrx_word' id='word_1_643' title='bbox 1992 2156 2093 2185; x_wconf 80' lang='lat' dir='ltr'>addidi</span> <span class='ocrx_word' id='word_1_644' title='bbox 2117 2165 2131 2182; x_wconf 91' lang='lat' dir='ltr'>e</span> <span class='ocrx_word' id='word_1_645' title='bbox 2154 2154 2185 2182; x_wconf 88' lang='lat' dir='ltr'>Z.</span> 
     </span>
     <span class='ocr_line' id='line_1_76' title="bbox 1241 2199 2185 2241; baseline -0.01 -8"><span class='ocrx_word' id='word_1_646' title='bbox 1241 2206 1297 2234; x_wconf 89' lang='lat' dir='ltr'>Gu.</span> <span class='ocrx_word' id='word_1_647' title='bbox 1317 2207 1342 2234; x_wconf 89' lang='grc'>1.</span> <span class='ocrx_word' id='word_1_648' title='bbox 1363 2219 1404 2225; x_wconf 88' lang='lat'>·—-</span> <span class='ocrx_word' id='word_1_649' title='bbox 1426 2202 1471 2241; x_wconf 79' lang='lat'>35)</span> <span class='ocrx_word' id='word_1_650' title='bbox 1495 2205 1615 2230; x_wconf 50' lang='lat' dir='ltr'>*scotica</span> <span class='ocrx_word' id='word_1_651' title='bbox 1638 2205 1695 2231; x_wconf 61' lang='lat' dir='ltr'>(ju,</span> <span class='ocrx_word' id='word_1_652' title='bbox 1715 2206 1742 2233; x_wconf 79' lang='lat'>2.</span> <span class='ocrx_word' id='word_1_653' title='bbox 1769 2218 1808 2224; x_wconf 93' lang='lat'>—</span> <span class='ocrx_word' id='word_1_654' title='bbox 1827 2200 1873 2241; x_wconf 76' lang='lat'>36)</span> <span class='ocrx_word' id='word_1_655' title='bbox 1897 2200 1974 2229; x_wconf 77' lang='lat' dir='ltr'>idem</span> <span class='ocrx_word' id='word_1_656' title='bbox 1988 2201 2018 2228; x_wconf 92' lang='lat' dir='ltr'>Z.</span> <span class='ocrx_word' id='word_1_657' title='bbox 2041 2199 2096 2226; x_wconf 89' lang='lat' dir='ltr'>Gu.</span> <span class='ocrx_word' id='word_1_658' title='bbox 2115 2200 2140 2227; x_wconf 86' lang='lat'>1.</span> <span class='ocrx_word' id='word_1_659' title='bbox 2158 2199 2185 2228; x_wconf 78' lang='lat'>2.</span> 
     </span>
     <span class='ocr_line' id='line_1_77' title="bbox 1239 2240 2185 2285; baseline -0.006 -12"><span class='ocrx_word' id='word_1_660' title='bbox 1239 2264 1281 2269; x_wconf 89' lang='lat'>--</span> <span class='ocrx_word' id='word_1_661' title='bbox 1306 2245 1353 2284; x_wconf 77' lang='lat'>37)</span> <span class='ocrx_word' id='word_1_662' title='bbox 1377 2256 1396 2273; x_wconf 88' lang='grc' dir='ltr'><em>α</em></span> <span class='ocrx_word' id='word_1_663' title='bbox 1419 2246 1448 2273; x_wconf 85' lang='lat' dir='ltr'>Z.</span> <span class='ocrx_word' id='word_1_664' title='bbox 1471 2262 1513 2266; x_wconf 97' lang='lat'><strong>—</strong></span> <span class='ocrx_word' id='word_1_665' title='bbox 1535 2245 1581 2285; x_wconf 80' lang='grc'>38)</span> <span class='ocrx_word' id='word_1_666' title='bbox 1604 2246 1652 2273; x_wconf 82' lang='lat' dir='ltr'>Sic</span> <span class='ocrx_word' id='word_1_667' title='bbox 1672 2246 1702 2275; x_wconf 84' lang='lat' dir='ltr'>Z.</span> <span class='ocrx_word' id='word_1_668' title='bbox 1729 2245 1784 2273; x_wconf 88' lang='lat' dir='ltr'>Gu.</span> <span class='ocrx_word' id='word_1_669' title='bbox 1804 2248 1830 2275; x_wconf 91' lang='lat'>1.</span> <span class='ocrx_word' id='word_1_670' title='bbox 1853 2262 1891 2266; x_wconf 87' lang='lat'>—-</span> <span class='ocrx_word' id='word_1_671' title='bbox 1918 2243 2025 2271; x_wconf 66' lang='lat' dir='ltr'>mallus</span> <span class='ocrx_word' id='word_1_672' title='bbox 2042 2240 2120 2276; x_wconf 74' lang='lat' dir='ltr'>vulg.</span> <span class='ocrx_word' id='word_1_673' title='bbox 2143 2254 2185 2260; x_wconf 88' lang='lat'>—</span> 
     </span>
     <span class='ocr_line' id='line_1_78' title="bbox 1239 2281 2186 2330; baseline -0.008 -13"><span class='ocrx_word' id='word_1_674' title='bbox 1239 2288 1286 2330; x_wconf 79' lang='lat'>39)</span> <span class='ocrx_word' id='word_1_675' title='bbox 1310 2288 1446 2316; x_wconf 71' lang='lat' dir='ltr'>deserunt</span> <span class='ocrx_word' id='word_1_676' title='bbox 1462 2289 1492 2319; x_wconf 82' lang='grc' dir='ltr'>Ζ,</span> <span class='ocrx_word' id='word_1_677' title='bbox 1515 2304 1556 2310; x_wconf 85' lang='lat'>—</span> <span class='ocrx_word' id='word_1_678' title='bbox 1578 2290 1623 2325; x_wconf 67' lang='lat'>40)</span> <span class='ocrx_word' id='word_1_679' title='bbox 1650 2287 1748 2316; x_wconf 74' lang='lat' dir='ltr'>Gadis</span> <span class='ocrx_word' id='word_1_680' title='bbox 1765 2289 1795 2315; x_wconf 87' lang='lat' dir='ltr'>Z.</span> <span class='ocrx_word' id='word_1_681' title='bbox 1821 2288 1876 2316; x_wconf 77' lang='lat' dir='ltr'>GU.</span> <span class='ocrx_word' id='word_1_682' title='bbox 1891 2288 1918 2317; x_wconf 88' lang='lat'>1.</span> <span class='ocrx_word' id='word_1_683' title='bbox 1943 2300 1985 2306; x_wconf 90' lang='lat'>—-·</span> <span class='ocrx_word' id='word_1_684' title='bbox 2006 2284 2050 2319; x_wconf 79' lang='lat'>41)</span> <span class='ocrx_word' id='word_1_685' title='bbox 2065 2281 2186 2319; x_wconf 63' lang='lat' dir='ltr'><em>finibus</em></span> 
     </span>
     <span class='ocr_line' id='line_1_79' title="bbox 1239 2325 2186 2366; baseline -0.01 -7"><span class='ocrx_word' id='word_1_686' title='bbox 1239 2333 1270 2360; x_wconf 89' lang='lat' dir='ltr'>Z.</span> <span class='ocrx_word' id='word_1_687' title='bbox 1285 2348 1324 2353; x_wconf 93' lang='lat'>—-</span> <span class='ocrx_word' id='word_1_688' title='bbox 1347 2332 1395 2365; x_wconf 68' lang='lat'>42)</span> <span class='ocrx_word' id='word_1_689' title='bbox 1418 2337 1459 2358; x_wconf 71' lang='lat' dir='ltr'>est</span> <span class='ocrx_word' id='word_1_690' title='bbox 1478 2330 1578 2359; x_wconf 84' lang='lat' dir='ltr'>addidi</span> <span class='ocrx_word' id='word_1_691' title='bbox 1600 2341 1614 2358; x_wconf 88' lang='lat' dir='ltr'>e</span> <span class='ocrx_word' id='word_1_692' title='bbox 1633 2332 1688 2359; x_wconf 93' lang='lat' dir='ltr'>Gu.</span> <span class='ocrx_word' id='word_1_693' title='bbox 1710 2334 1736 2361; x_wconf 81' lang='lat'>1.</span> <span class='ocrx_word' id='word_1_694' title='bbox 1754 2349 1789 2352; x_wconf 94' lang='lat'><strong>—</strong></span> <span class='ocrx_word' id='word_1_695' title='bbox 1817 2328 1862 2366; x_wconf 67' lang='lat'>43)</span> <span class='ocrx_word' id='word_1_696' title='bbox 1878 2329 1925 2355; x_wconf 87' lang='lat' dir='ltr'>Sic</span> <span class='ocrx_word' id='word_1_697' title='bbox 1943 2326 1998 2353; x_wconf 81' lang='lat' dir='ltr'>Gu.</span> <span class='ocrx_word' id='word_1_698' title='bbox 2018 2327 2044 2354; x_wconf 79' lang='lat'>1.</span> <span class='ocrx_word' id='word_1_699' title='bbox 2063 2340 2097 2344; x_wconf 90' lang='lat'>-</span> <span class='ocrx_word' id='word_1_700' title='bbox 2122 2325 2186 2351; x_wconf 81' lang='lat' dir='ltr'>Eu-</span> 
     </span>
     <span class='ocr_line' id='line_1_80' title="bbox 1238 2366 2185 2414; baseline -0.01 -12"><span class='ocrx_word' id='word_1_701' title='bbox 1238 2385 1343 2414; x_wconf 80' lang='lat' dir='ltr'>ropam</span> <span class='ocrx_word' id='word_1_702' title='bbox 1365 2374 1403 2402; x_wconf 73' lang='lat' dir='ltr'>ul)</span> <span class='ocrx_word' id='word_1_703' title='bbox 1424 2374 1536 2411; x_wconf 82' lang='lat' dir='ltr'>Africa</span> <span class='ocrx_word' id='word_1_704' title='bbox 1553 2373 1632 2410; x_wconf 74' lang='lat' dir='ltr'>vulg.</span> <span class='ocrx_word' id='word_1_705' title='bbox 1659 2390 1692 2394; x_wconf 90' lang='lat'><em>-</em></span> <span class='ocrx_word' id='word_1_706' title='bbox 1725 2371 1771 2410; x_wconf 72' lang='lat'>44)</span> <span class='ocrx_word' id='word_1_707' title='bbox 1794 2369 1874 2399; x_wconf 76' lang='lat' dir='ltr'>ande</span> <span class='ocrx_word' id='word_1_708' title='bbox 1895 2375 1920 2397; x_wconf 78' lang='lat' dir='ltr'>et</span> <span class='ocrx_word' id='word_1_709' title='bbox 1942 2368 1998 2396; x_wconf 93' lang='lat' dir='ltr'>Gu.</span> <span class='ocrx_word' id='word_1_710' title='bbox 2026 2370 2051 2398; x_wconf 86' lang='lat'>1.</span> <span class='ocrx_word' id='word_1_711' title='bbox 2078 2382 2116 2387; x_wconf 89' lang='lat'>—</span> <span class='ocrx_word' id='word_1_712' title='bbox 2137 2366 2185 2403; x_wconf 84' lang='lat'>45)</span> 
     </span>
    </p>
   </div>
  </div>
 </body>
</html>
