2264 2830
781 115 1027 152 ORIGINUM
1068 121 1213 158 LlBEn
1241 126 1280 159 V.

59 203 125 234 vim
153 201 300 235 habeant
326 205 507 249 arguendi,
535 219 620 251 quae
648 209 671 241 si
701 210 781 243 lenis
810 212 917 251 fuerit,
945 214 1038 259 virga
1061 221 1119 257 est,
1146 219 1169 250 si
1201 218 1325 253 :trenez³

1935 142 2006 176 165

1349 224 1490 267 nodosa,
1518 227 1568 259 vel
1596 229 1762 272 aculeata,
1789 235 1922 278 scorpio
1951 249 2003 269 re-

58 254 202 287 ctissimo
230 254 419 297 nomine²¹,
446 256 557 300 quia²⁵
584 268 719 293 arcuato
747 264 883 297 vulnere
895 262 920 282 ²⁶
947 266 978 297 in
1007 278 1128 312 corpus
1155 271 1301 315 infigitur
1313 270 1345 307 ²⁷.

226 306 281 339 19.
334 308 421 340 lctus
449 311 584 354 proprie
611 313 824 357 flagellorum
853 322 925 348 sunt
951 318 993 350 ab
1021 320 1180 363 agitando
1209 325 1328 358 vocati.

223 357 280 392 20.
337 359 491 403 Ungulae
519 362 638 405 dictae,
670 366 763 408 quod
791 368 963 403 effodiant.

55 412 126 448 tur,
153 414 188 440 ut
215 410 298 442 tides
328 410 551 445 inveniatur‘st'.

220 460 279 496 21.

1018 371 1114 405 llaec
1139 380 1171 406 et
1198 375 1366 417 fidiculae,
1395 379 1472 420 quia
1499 380 1536 413 iis
1564 382 1608 415 rei
1636 382 1667 414 in
1696 384 1814 419 eculeo
1843 392 2004 432 torquen-

333 461 512 495 ΕευΙωις29
539 471 648 498 autem
677 467 800 507 dictus,
829 471 921 512 quod
950 471 1150 507 extendat-³⁰.

219 512 277 546 22.
330 514 513 547 Tormenta
541 529 619 549 vero
647 517 793 559 dictnfl,
820 522 911 564 quod
940 526 1128 567 torquendo
1157 534 1301 561 mentem
1330 531 1502 565 inveniant.

218 563 276 596 23.
330 566 389 598 Est
416 572 449 599 et
469 567 673 602 Ιιιυῑιιιῐιιιιι32
700 573 855 615 supplicii
868 570 893 590 ³³

51 611 208 657 Superbo
231 615 273 647 ad
303 627 428 659 poenas
441 616 465 635 ³³⁴
491 622 736 655 sceleratorum.

919 586 1024 618 genus
1052 578 1094 609 ad
1132 580 1373 614 verberandum
1409 590 1541 627 aptum,
1576 586 1743 621 inventum
1771 602 1790 622 a
1817 592 2001 636 Tarquinio

790 624 854 657 Iste
881 627 967 659 enim
1001 630 1093 672 prior
1105 626 1130 646 ³⁵
1156 631 1338 665 lautumnia
1350 630 1391 675 ³⁰,
1419 642 1601 677 tormenta,
1637 640 1753 681 fustes,
1788 645 1923 677 metalla
1951 653 2001 678 at-

51 674 117 705 que
145 666 241 698 exilia
269 668 454 711 adinvenit,
482 677 515 703 et
541 673 612 717 ipse
638 675 730 718 prior
761 687 800 707 ex
827 676 997 722 regibus³⁷
1025 682 1156 714 exilium
1186 685 1314 719 meruit.

216 725 274 759 24.

328 728 428 761 Talio
459 733 712 766 est-similitudo
736 735 913 778 vindictae,
941 744 976 772 ut
1003 741 1112 774 taliter
1133 743 1205 785 quis
1234 745 1388 788 patiatur,
1417 751 1452 778 ut
1480 747 1568 781 fecit.
1609 750 1687 784 Hoc
1715 752 1800 785 enim
1826 760 1857 786 et
1884 762 2001 788 natura

49 780 81 808 et
111 776 190 821 lege
216 778 395 813 institutum
425 780 518 823 essm,
548 791 582 817 ut
610 786 798 820 laedentem
827 790 942 822 similis
970 791 1115 826 vindicta
1143 802 1308 838 sequatur.
1352 797 1451 830 Unde
1476 804 1508 831 et
1535 805 1582 832 est
1609 802 1691 834 illud
1704 799 1728 819 ³⁹
1756 804 1859 848 legis:
1904 806 2001 840 Ovu—

47 827 120 860 lum
148 840 218 873 pro
252 831 368 871 oculo,
415 833 554 868 dentem
566 834 590 853 ⁴⁰
620 848 690 882 pro
725 839 838 873 deme.
893 842 994 874 Talio

47 879 145 912 etiam
172 892 235 926 pro
264 882 430 916 beneficio
458 887 634 921 reddendo
662 891 806 934 ponitur.

211 931 270 966 25.

44 981 317 1026 deprehenditur.
369 988 467 1021 Dicta
495 994 543 1023 est
569 997 678 1025 autem
705 994 889 1038 ignominia
905 993 925 1012 ¹²

43 1033 198 1078 ignobilis
226 1037 294 1070 sine
322 1040 503 1075 nobilitate.

1031 850 1140 877 autem
1177 858 1242 879 non
1277 849 1383 881 solum
1414 849 1457 882 ad
1492 851 1641 886 iniuriam
1676 854 1905 898 referendam,
1942 860 2000 892 sed

858 893 918 925 Est
946 895 1031 927 enim
1062 899 1245 931 communis
1272 911 1380 933 sermo
1409 907 1441 933 et
1468 902 1604 936 iniuriae
1632 910 1664 937 et
1692 906 1940 944 beneticentiae.

324 935 563 981 Ignominiafl,
598 952 638 973 eo
667 942 759 984 quod
783 943 910 976 desinat
938 945 1064 980 habere
1100 949 1283 983 honestatis
1316 964 1437 985 nomen
1475 955 1516 995 is,

1553 957 1610 998 qui
1646 957 1677 989 in
1713 959 1827 1002 aliquo
1863 962 1999 995 crimine

951 999 1043 1041 quasi
1067 1000 1135 1033 sine
1162 1003 1313 1045 nomine,
1351 1005 1434 1038 sicut
1460 1005 1594 1050 ignarus
1628 1009 1695 1042 sine
1730 1012 1882 1054 scientia,
1917 1014 1999 1061 sicu-t

208 1088 267 1120 26.
322 1090 400 1124 Hoc
421 1103 556 1136 quoque
577 1094 812 1137 etinfa111ia⁴³‚
841 1100 933 1141 quasi
962 1101 1029 1135 sine
1051 1102 1140 1136 sama
1167 1102 1299 1138 b0na⁴⁴.
1335 1106 1440 1140 Fama
1460 1114 1570 1142 autem
1593 1110 1693 1151 dicta,
1721 1114 1814 1156 quod
1826 1110 1850 1130 ⁴⁵
1878 1115 1994 1153 fando,

42 1136 76 1168 id
104 1134 186 1170 est⁴⁰

41 1187 202 1222 bonarum
232 1197 263 1224 et
289 1194 451 1227 malarum
480 1195 636 1230 reru1n⁴⁷.

40 1240 134 1282 quod
166 1242 236 1275 laus
265 1242 363 1278 estffl:
391 1247 573 1289 malarum,
602 1254 638 1282 ut
665 1250 842 1295 Virgilius:

211 1141 384 1183 loquendo
412 1151 618 1190 pervagatur
652 1159 714 1192 per
748 1149 900 1183 traduces
935 1152 1124 1197 linguarum
1162 1162 1193 1188 et
1226 1158 1354 1190 aurium
1391 1171 1535 1203 serpens.
1590 1162 1649 1195 Est
1676 1170 1786 1197 autem
1815 1177 1936 1199 nomen
1962 1172 1996 1200 et

690 1200 776 1232 Nam
805 1202 893 1234 fama
920 1204 1086 1238 felicitatis
1114 1207 1280 1241 interdum
1309 1215 1367 1253 est,
1395 1216 1430 1243 ut
1456 1211 1540 1244 illud
1569 1210 1668 1255 θείω,
1697 1214 1851 1250 Illustris
1867 1217 1993 1262 samu,

272 1303 385 1338 Fama
412 1307 563 1347 mulum,
591 1306 694 1352 ([ιιιι5υ
722 1321 787 1342 non
815 1312 917 1344 aliud
944 1315 1095 1349 velocius
1122 1318 1242 1352 ullum.

203 1361 262 1396 27.
314 1363 440 1397 Famae
475 1372 586 1398 autem
622 1379 741 1402 nomen
769 1371 1036 1416 certiloquium⁵¹
1065 1387 1131 1409 non
1156 1376 1278 1419 habet,
1312 1380 1389 1422 quia
1417 1380 1598 1424 plurimum
1632 1384 1774 1418 mendax
1811 1393 1877 1427 est,
1909 1388 1993 1420 adii—

39 1407 162 1444 ciens⁵²
188 1413 308 1455 multa,
340 1417 392 1448 vel
429 1416 601 1450 demutans
628 1420 671 1453 de
699 1422 853 1456 veritate:
893 1436 979 1467 quae
1006 1428 1132 1460 tamdiu
1159 1430 1252 1470 vivit,

37 1463 231 1505 probaveris
241 1461 266 1480 ⁵⁴
275 1489 284 1505 ‚
311 1478 379 1499 esse
391 1464 416 1484 ⁵⁵

33 1631 88 1649 om.
113 1622 168 1650 Gu.
187 1625 211 1653 1.
229 1625 260 1654 2.
286 1624 335 1653 Ar.
361 1643 395 1647 —
427 1628 474 1664 25)
498 1630 551 1666 qui
571 1630 609 1660 al.
634 1647 674 1652 —
696 1633 744 1669 26)
764 1636 881 1662 vulneri
901 1636 984 1665 al.—

31 1665 257 1702 27Ji13sz'ngt'tur
279 1677 324 1695 va.
349 1685 386 1690 —
411 1669 458 1709 28)
486 1673 631 1701 Arevalus
655 1675 683 1702 in
708 1676 810 1705 tabula
834 1688 916 1706 aerea
933 1680 984 1707 ad-

31 1704 106 1734 didit
132 1706 238 1745 figuras
267 1708 435 1740 chirotecae
462 1713 593 1752 ferreae,
631 1718 701 1745 unci
728 1718 831 1756 ferrei,
858 1723 983 1758 pectinis

31 1747 128 1786 ferrei,
150 1751 303 1780 variorum
317 1755 495 1790 ungularum
519 1767 670 1794 generum,
688 1760 816 1790 duorum
841 1763 982 1801 lebetum,

29 1799 182 1830 expressas
205 1794 331 1832 picturis
354 1797 483 1827 Gallonii
507 1800 543 1828 ad
574 1800 728 1838 imaginem
760 1805 979 1835 instrumento-

27 1843 93 1862 rum
117 1835 221 1863 talium
238 1836 267 1864 in
284 1839 430 1877 sepulcris
446 1846 474 1870 et
492 1845 677 1873 monasteriis
692 1852 888 1885 repertorum,
907 1860 979 1887 quas

29 1885 118 1914 quum
143 1877 274 1907 Isidorus
298 1879 358 1918 ipse
377 1882 459 1911 nobis
482 1894 541 1913 non
559 1889 734 1925 servaverit,
759 1895 791 1918 ut
810 1891 882 1919 alias
906 1892 979 1929 sigu-

27 1927 90 1956 ras,
113 1930 173 1948 non
198 1922 300 1949 curavi
325 1924 432 1952 tabulis
454 1926 676 1965 imprimendas.
697 1949 737 1952 —
756 1934 804 1970 229)
820 1935 979 1972 Equuleus

27 1960 74 1990 Ar.
96 1978 138 1983 —
159 1963 293 1992 Aculeus
315 1975 360 1994 va.
383 1983 425 1988 —
447 1971 493 2006 30)
509 1970 555 1998 Sic
580 1972 635 2001 Gu.
655 1976 680 2003 1.
697 1977 723 2006 2.
745 1985 789 2012 pr.
806 1985 851 2004 va.
871 1978 918 2007 Ar.
938 1995 975 1998 —

26 2005 70 2039 31)
94 2003 178 2033 dicta
204 2006 306 2035 addidi
329 2018 344 2036 e
368 2009 423 2037 Gu.
442 2013 469 2040 1.
498 2028 540 2034 ·—
561 2016 812 2050 32)'Laatunum
828 2021 882 2047 Gu.
902 2023 976 2050 1.—

27 2044 222 2076 lautumnum
257 2050 313 2079 Gu.
336 2054 363 2082 2.
389 2052 424 2080 al.
455 2069 495 2074 —
532 2056 709 2086 lautumam
740 2060 777 2088 al.
800 2077 842 2082 —
877 2064 974 2090 Lato-

27 2089 87 2116 mia
109 2090 145 2117 al.
169 2096 199 2119 et
219 2102 280 2120 var.
304 2093 370 2122 lect.
395 2105 441 2133 ap.
463 2095 550 2125 Goth.
575 2116 611 2120 —
633 2101 683 2139 33)
707 2104 896 2141 supplicium
919 2106 972 2134 Gu.

28 2131 54 2160 1.
79 2148 114 2152 —
138 2132 184 2172 34)
198 2144 329 2172 poenam
358 2136 406 2165 Ar.
431 2153 468 2159 —
499 2138 545 2179 35)
566 2143 690 2179 primus
711 2155 758 2174 va.
781 2162 821 2168 —
851 2147 898 2186 δίη)
924 2149 972 2177 Sic

25 2171 78 2201 Gu.
103 2176 131 2206 1.
164 2190 201 2196 —
239 2177 403 2207 [autumna
433 2180 488 2208 Gu.
510 2184 537 2212 2.
562 2201 598 2205 -
623 2185 802 2216 lantramnus
825 2190 906 2227 vulg.
929 2207 971 2213 —

25 2213 166 2244 latomias
186 2217 274 2248 Arev.
300 2236 336 2242 —
369 2224 416 2259 37)
439 2233 472 2250 ex
498 2234 554 2252 om.
578 2226 633 2255 Gu.
661 2231 688 2259 1.
711 2245 752 2252 —
779 2233 827 2268 38)
844 2232 889 2261 sic
913 2233 968 2262 Gu.

26 2260 51 2287 1.
67 2274 108 2279 -—
130 2265 171 2287 est
195 2262 293 2292 instit.
317 2264 396 2301 vulg.
444 2265 538 2294 Verba
562 2268 725 2298 laedentem
748 2282 842 2311 usque
864 2275 900 2303 ad
927 2287 967 2304 Se-

24 2305 133 2336 quatur
154 2309 221 2331 sunt
243 2314 258 2332 e
281 2315 369 2334 versu
395 2307 517 2336 iuvenci
535 2309 556 2344 l,
579 2312 655 2343 585:
685 2314 867 2344 Laedentem
889 2329 966 2346 scm-

18 2351 70 2378 per
91 2345 202 2373 similis
224 2347 361 2376 vindicta
389 2357 544 2388 Sequatur.
575 2371 610 2376 —
651 2356 698 2392 39)
726 2357 775 2385 Sic
804 2359 859 2387 Gu.
882 2363 907 2391 1.
927 2379 963 2383 —

23 2383 100 2413 illud
120 2392 162 2415 est
186 2388 266 2428 vulg.
290 2406 332 2413 —
353 2390 498 2432 40)Vu1g.
519 2400 545 2422 et
561 2394 691 2435 dentem,
715 2400 766 2428 sed
786 2407 812 2428 et
830 2412 886 2431 om.
905 2404 962 2432 Gu.

1293 1431 1453 1473 quamdiu
1489 1444 1554 1465 non
1587 1435 1750 1477 probatur
1763 1433 1797 1469 ⁵³.
1850 1440 1895 1471 At
1934 1440 1990 1472 ubi

443 1475 564 1509 cessat,
589 1475 622 1502 et
649 1472 768 1505 eximie
799 1485 850 1506 res
877 1477 1082 1519 nominatur,
1111 1491 1176 1512 non
1204 1481 1302 1512 fama.

198 1514 257 1548 28.
311 1517 456 1551 Exilium
484 1519 610 1554 dictum
638 1524 729 1566 quasi
758 1530 850 1558 extra
877 1527 996 1561 solum.

1049 1530 1136 1563 Nam
1165 1532 1240 1564 exul
1268 1532 1404 1574 dicitur,
1432 1534 1489 1577 qui
1517 1539 1609 1569 extra
1638 1538 1746 1571 solum
1776 1544 1832 1572 est.
1887 1539 1988 1574 Unde

1031 1641 1095 1670 1.2.
1115 1639 1165 1669 Ar.
1192 1641 1286 1669 Locus
1311 1646 1354 1670 est
1377 1651 1392 1670 e
1411 1642 1514 1674 Matth.
1532 1645 1561 1680 5,
1577 1647 1625 1677 38.
1650 1662 1690 1668 —
1713 1646 1760 1688 41)
1777 1648 1823 1676 Sic
1835 1648 1889 1677 Gu.
1910 1652 1983 1679 1.—

1028 1681 1114 1719 ang.
1138 1682 1360 1721 Ignominiam,
1390 1695 1450 1723 seq.
1477 1685 1611 1723 (licium,
1637 1689 1716 1727 quod
1742 1701 1797 1719 om.
1822 1691 1877 1720 Gu.
1904 1695 1928 1722 1.
1952 1694 1981 1723 2.

1027 1724 1062 1751 al.
1078 1741 1111 1744 —
1123 1724 1170 1766 42)
1185 1727 1232 1754 Sic
1247 1728 1302 1754 Gu.
1316 1731 1339 1758 l.
1351 1744 1392 1748 —
1408 1728 1629 1766 Vulg.Dc'c·tmn
1646 1738 1747 1760 autem
1767 1735 1980 1772 ignominium.

1027 1767 1132 1797 -Gu.
1142 1771 1169 1799 2.
1185 1779 1230 1797 va.
1255 1770 1378 1798 Dictum
1396 1777 1436 1798 est
1459 1778 1558 1800 autem
1581 1774 1793 1811 Ignominiam.
1807 1793 1842 1797 —
1867 1776 1915 1816 43)
1932 1778 1979 1806 Sic

1023 1809 1077 1838 Gu.
1098 1813 1125 1840 1.
1147 1826 1188 1832 —
1209 1811 1380 1849 Infamiam
1402 1814 1482 1851 vulg.
1511 1831 1552 1836 —
1576 1815 1621 1853 44)
1640 1817 1687 1845 Sic
1717 1818 1773 1847 Gu.
1790 1820 1817 1850 1.
1842 1836 1874 1840 —
1899 1819 1979 1848 bona

1016 1852 1109 1888 fama
1134 1853 1214 1891 vulg.
1241 1872 1274 1876 —
1300 1860 1345 1893 45)
1370 1856 1417 1883 Sic
1441 1857 1495 1885 Gn.
1515 1860 1540 1888 1.
1569 1874 1607 1879 —
1638 1861 1715 1898 quia
1739 1861 1821 1899 vulg.
1844 1879 1877 1883 —
1901 1873 1977 1900 quae

1022 1894 1060 1923 al.
1082 1911 1118 1916 —
1146 1897 1190 1929 46)
1211 1898 1260 1925 Sic
1284 1899 1340 1927 Gu.
1361 1901 1383 1927 1.
1403 1901 1431 1928 2.
1454 1900 1490 1927 al.
1510 1910 1558 1938 pr.
1576 1910 1622 1929 va.
1640 1903 1690 1931 Ar.
1715 1920 1757 1925 —-
1781 1910 1806 1931 el
1830 1905 1911 1942 vulg.
1933 1922 1975 1927 —

1019 1936 1068 1975 47)
1089 1938 1138 1966 Sic
1158 1939 1213 1968 Gu.
1237 1944 1262 1972 1.
1284 1957 1325 1962 —
1351 1941 1416 1968 [mn.
1431 1952 1487 1970 rer.
1511 1948 1537 1969 et
1557 1944 1629 1973 mal.
1655 1946 1735 1984 vulg.
1758 1963 1799 1968 —
1822 1948 1869 1982 48)
1893 1947 1977 1976 illud

1020 1985 1062 2007 est
1085 1991 1131 2010 va.
1177 1982 1222 2010 Ex
1244 1983 1394 2012 Ciceronis
1413 1985 1549 2013 oratione
1565 1996 1622 2024 pro
1648 1988 1790 2017 Marcello
1813 1990 1972 2019 formulam

1019 2031 1080 2050 esse
1102 2023 1176 2052 dicit
1203 2026 1312 2062 Grial.,
1342 2026 1394 2054 sed
1419 2037 1472 2064 ego
1498 2038 1559 2056 non
1582 2030 1682 2059 inveni
1708 2032 1816 2060 locum.
1845 2049 1886 2054 —
1923 2035 1971 2069 49)

1019 2066 1074 2092 erit
1098 2066 1153 2095 Gu.
1176 2070 1203 2099 2.
1226 2084 1267 2089 —
1290 2067 1334 2106 50)
1356 2068 1404 2096 Sic
1419 2070 1474 2098 Gu.
1495 2073 1520 2100 1.
1541 2071 1577 2100 al.
1598 2089 1633 2093 —
1657 2084 1716 2112 quo
1740 2074 1871 2111 vulg—
1887 2075 1972 2113 quod

1018 2117 1061 2145 pr.
1100 2109 1196 2138 Locus
1218 2115 1261 2138 est
1284 2111 1364 2149 Virg.
1386 2112 1458 2140 Aen.
1477 2112 1527 2147 IV,
1551 2115 1619 2146 174.
1644 2134 1682 2137 —
1716 2118 1763 2152 51)
1786 2117 1834 2145 Sic
1859 2118 1914 2147 Gu.
1941 2122 1966 2149 1.

1015 2165 1057 2171 —-
1075 2154 1146 2179 certe
1166 2153 1265 2180 locum
1282 2154 1360 2191 vulg.
1377 2170 1417 2176 -··
1437 2161 1550 2183 certum
1564 2157 1664 2186 locum
1682 2159 1717 2188 al.
1747 2160 1965 2198 Certiloqaium

1015 2197 1048 2220 ut
1067 2195 1277 2233 veriloquium,
1302 2197 1535 2236 alieniloquium
1549 2204 1603 2228 etc.
1634 2202 1685 2230 Est
1701 2207 1798 2230 autem
1818 2201 1890 2230 haec
1909 2203 1961 2231 de-

1013 2235 1136 2274 scriptio
1162 2248 1176 2265 e
1197 2239 1320 2268 Ter-tull.
1341 2239 1487 2278 apologet.
1512 2252 1537 2271 c.
1566 2244 1593 2274 8.
1613 2260 1654 2266 ——
1677 2244 1722 2282 52)
1745 2244 1881 2272 adiezezw
1904 2247 1958 2273 Gu.

1015 2280 1040 2308 1-
1068 2281 1095 2309 2-
1119 2296 1160 2301 —
1182 2280 1229 2321 53)
1247 2282 1359 2319 probat
1385 2283 1442 2311 Gu.
1466 2285 1494 2314 2.
1522 2284 1557 2312 al.
1582 2295 1628 2314 va.
1650 2303 1690 2308 —
1720 2288 1767 2325 54)
1785 2287 1959 2324 probausrtt

1009 2330 1053 2348 va<
1072 2337 1113 2343 —
1131 2323 1301 2359 probabili-5·
1323 2324 1358 2352 al.
1383 2341 1423 2347 -—-
1446 2329 1493 2361 55)
1511 2338 1570 2355 esse
1583 2329 1675 2364 fama
1697 2335 1791 2357 cessat
1812 2329 1847 2357 al.
1863 2339 1956 2366 pr.—

1009 2374 1069 2391 esse
1084 2365 1182 2402 fama
1205 2378 1265 2395 esse
1285 2373 1382 2395 cessat
1402 2378 1446 2397 va.
