2245 2834
178 109 250 143 108

178 201 271 235 ducta,
293 205 319 229 ut
343 198 452 235 doc-tue,
479 197 572 232 docte:
595 203 639 227 aut
662 207 676 224 o
696 193 844 235 producta,
869 200 895 224 ut
917 193 1016 230 salsus,
1042 193 1125 230 sais03

179 250 223 273 aut
251 254 265 271 o
286 248 429 281 correpta,
462 247 489 271 ut
510 242 590 275 citus,
621 239 687 271 cito;
717 243 760 266 aut
785 240 835 275 im,
866 243 891 267 ut
914 237 1034 272 strictus,
1066 237 1126 267 stri-

179 287 258 319 ctim;
287 295 338 314 nee
365 290 455 314 tamen
484 282 526 312 his
556 280 678 310 omnibus
704 279 812 319 legibus
842 280 979 310 recessit¹
1014 290 1125 309 consue-

178 328 251 358 tudo.
296 326 366 356 Nam
388 331 415 356 ut
437 336 452 354 a
473 322 659 362 superioribus
675 322 842 357 recedamus,
864 323 908 363 qui
931 321 965 351 ab
987 332 1030 357 eo,
1055 321 1127 363 quod

180 376 219 400 est
243 369 389 403 humanus,
411 365 563 396 humaniter
586 365 725 399 dixerunt,
750 370 776 394 et
799 363 879 393 multa
902 363 1011 397 similia3
1042 374 1127 404 usque

92 410 173 448 [164]
182 412 215 441 ad
241 422 290 440 nos
312 416 386 440 certe
414 407 580 437 consuetudo
602 407 764 448 permansit,
796 412 821 436 ut
845 406 879 436 ab
904 417 947 442 00,
965 405 978 447 Η
992 406 1063 446 quod
1086 411 1127 436 est

180 453 301 485 divinus,
331 450 456 480 divinitus
479 449 598 484 dicatur,
632 456 657 479 et
681 449 715 478 ab
739 459 787 484 eo,
812 449 883 490 quod
907 455 946 478 est
967 450 1088 489 antiquus
1101 449 1125 484 ⁴3,

181 495 336 535 antiquitus:
364 503 422 522 cum
446 492 553 522 interim
576 491 602 521 in
623 491 666 521 his
688 497 813 521 maneant
834 492 915 521 etiam
936 492 1036 532 prioris
1055 491 1127 531 legis

181 536 312 567 adverbia
328 534 349 564 ³.
408 534 478 564 Nam
515 545 568 563 non
596 534 682 564 minus
716 544 767 574 per
800 533 871 563 hano
899 533 1126 572 significationem

182 579 273 608 divine
290 583 316 606 et
335 577 444 617 antique
460 576 581 612 dicimus,
606 577 668 606 item
689 575 724 605 ab
741 586 783 611 eo,
805 576 875 616 quod
897 573 935 605 est
957 575 1059 616 largus,
1081 586 1125 605 re-

183 620 277 650 mansit
303 619 329 648 in
357 619 560 654 consuetudine,
587 624 613 648 ut
640 618 753 659 largiter
775 617 967 654 diceremus4,
995 618 1128 659 siquidem

186 663 213 692 in
243 660 425 691 differentiam
453 661 543 691 veniat
573 661 652 700 large
677 660 711 689 ab
737 661 815 695 00⁵,
846 660 916 700 quod
941 666 981 690 est
1002 660 1128 701 largiter,

185 704 257 745 quod
289 703 369 741 largo
397 702 530 743 quidem6
561 703 697 742 significat
727 702 813 732 effuse
842 710 868 733 et
890 703 1072 737 abundanter,
1105 708 1131 731 ut

187 747 314 776 dicimus:
346 746 436 783 Large
465 751 491 774 et
516 746 658 774 liberaliter
683 748 837 784 patrimonio
863 757 926 775 usus
947 749 1001 779 cst‚·
1029 750 1055 775 et
1077 744 1130 774 lar-

186 788 274 829 giter:
304 788 423 816 Multum
446 789 557 825 largiter
576 791 701 826 pecuniae
722 789 823 816 hahuit.

250 857 277 886 8.
307 855 347 884 Ns
375 856 462 885 literis
484 855 626 885 terminata
650 865 702 884 uno
725 854 805 884 modo
829 865 864 884 ex
885 865 916 883 se
939 853 1064 883 saciuut⁷
1088 852 1134 881 ad-

186 898 283 927 verbia
305 902 343 926 ter
372 897 581 936 [terminata-*J
611 903 636 926 ut
665 897 783 931 decens,
815 897 952 926 decenter.
1006 894 1134 925 Nonnulli

187 940 268 969 etiam
297 950 332 969 ex
363 939 511 980 participiis
541 944 700 979 putaverunt
722 939 787 968 talia
810 939 936 977 ligur-ari,
971 944 996 967 ut
1020 936 1134 967 Verrius

187 982 322 1015 Flaccus,
350 983 394 1022 qui
419 981 453 1010 ab
477 992 526 1015 eo,
551 981 622 1021 quod
645 988 684 1010 est
707 980 833 1017 audlens}
860 1005 865 1009 .
885 1004 889 1009 .
910 1004 932 1015 .,
964 979 1095 1008 audenter
1108 978 1130 1013 ⁹,

188 1030 230 1054 aut
255 1031 330 1053 certe
346 1025 504 1064 superiores
521 1023 654 1056 dixerunt,
679 1028 808 1062 quatenus
824 1022 850 1050 in
866 1021 971 1050 recenti
987 1031 1037 1050 con
1104 1045 1108 1049 .
1120 1029 1136 1049 e

219 1091 222 1095 .
242 1065 304 1095 inde
338 1066 459 1095 usitatum
486 1071 526 1095 est
549 1076 563 1093 c
582 1089 586 1094 ,
606 1089 611 1094 .
631 1088 637 1093 .
654 1063 670 1093 d
874 1063 949 1093 abusi
969 1088 974 1093 .
991 1086 997 1091 .
1016 1088 1021 1093 .
1041 1087 1045 1091 .
1072 1073 1135 1102 par-

189 1107 254 1147 ticip
270 1132 275 1137 .
294 1132 298 1136 .
314 1109 355 1141 ¹⁰:
378 1114 403 1137 et
427 1118 487 1137 eum
510 1118 544 1137 ex
567 1117 597 1135 se
618 1105 776 1135 adverbium
800 1104 875 1140 tacit,
898 1104 1024 1135 vocabuli
1047 1105 1134 1134 vicem

189 1149 301 1183 obtinet,
316 1156 368 1179 tam
384 1149 447 1178 hei-⁸
457 1150 482 1178 al
499 1160 578 1189 quam
593 1159 651 1178 cum
665 1148 763 1187 recipit
777 1148 799 1165 '¹
816 1147 1057 1187 comparationem;
1073 1157 1134 1175 nam

190 1192 256 1221 sicut
279 1192 511 1232 compa1·at[i0nes
526 1202 578 1220 non
594 1191 740 1230 recilpiuut
754 1190 781 1207 ¹²
805 1190 947 1229 participia
959 1214 965 1223 ‚
991 1190 1026 1218 ita
1042 1200 1076 1218 ne
1092 1188 1137 1217 ad-

188 1233 318 1263 vei-biam
329 1234 436 1274 quidem
451 1239 597 1267 transeunt,
612 1232 730 1272 alioquin
747 1232 769 1261 si
783 1231 818 1260 ab
834 1242 876 1265 eo,
893 1232 963 1272 quod
975 1238 1013 1260 est
1026 1231 1137 1265 audens,

185 1276 385 1316 significatione
408 1275 542 1316 participii
563 1275 694 1304 audenter
718 1274 873 1309 diceretur,
897 1273 1087 1313 proculdubio
1112 1279 1138 1302 et

186 1328 221 1347 ex
245 1328 288 1353 eo,
310 1318 381 1358 quod
404 1324 444 1347 est
469 1317 573 1347 faciens
594 1323 620 1347 et
642 1316 780 1351 scribens,
800 1316 924 1345 similitor
946 1315 1070 1356 quiddam
1091 1326 1136 1346 ex-

187 1360 379 1400 primeremus;
402 1366 445 1389 aut
469 1361 490 1390 si
511 1360 630 1389 dicemus
645 1359 671 1376 ¹⁴
694 1358 824 1387 audenter
839 1364 970 1398 tamquam
987 1359 1136 1398 sapienter,

187 1402 291 1437 fateor,
324 1402 457 1441 siquidem
485 1402 594 1442 sapiens
622 1412 673 1429 uon
695 1412 745 1440 qua
761 1401 786 1418 ¹³¹
807 1401 988 1440 participium,
1015 1400 1062 1429 sed
1085 1412 1137 1441 qua

190 1444 350 1474 vocabulum
371 1451 426 1479 est,
454 1455 506 1485 quo
529 1444 588 1484 quis
610 1443 690 1473 etiam
713 1443 862 1482 sapientior
889 1443 992 1473 dicitur.
1039 1442 1066 1471 lu
1090 1443 1135 1472 ad-

191 1486 313 1517 verbium
337 1493 425 1517 tamen
447 1497 500 1516 uon
523 1486 677 1526 sapienter,
703 1490 727 1514 ut
752 1494 810 1514 cum
832 1485 980 1525 sapientia,
1005 1485 1137 1515 audenter

699 1069 843 1093 .st....

263 1619 289 1649 l)
310 1618 425 1643 Recessit
447 1619 512 1643 Cod.
537 1618 588 1645 Ed.
606 1627 646 1651 pr.
675 1619 780 1643 accessit
806 1619 886 1644 Fabr.
905 1619 936 1643 P.
962 1619 1029 1652 quod
1051 1626 1139 1642 verum

194 1650 302 1676 videtur.
409 1655 438 1681 2)
456 1653 507 1678 Pro
527 1654 656 1685 antiquus
676 1654 701 1677 in
721 1654 786 1677 cml.
807 1658 847 1678 cst.
870 1662 914 1678 (ιιι.
1018 1653 1048 1680 3)
1070 1652 1140 1676 Inter

194 1684 258 1709 hanc
277 1691 302 1711 et
319 1696 374 1720 seq.
396 1696 453 1713 voe.
473 1688 557 1713 hiatus
577 1688 602 1712 in
623 1688 672 1713 led.
691 1697 730 1720 pr.
752 1688 923 1719 significatus.
992 1688 1022 1719 4)
1041 1687 1140 1712 Verba:

192 1719 253 1744 item
272 1721 304 1744 ab
322 1731 365 1751 co,
393 1724 464 1754 quod
485 1727 520 1747 est
541 1724 653 1754 largus,
679 1723 801 1746 remansit
828 1722 853 1745 in
879 1722 1084 1752 consuetudine,
1113 1725 1141 1746 ut

193 1754 309 1787 largiter
328 1757 471 1782 diceremus
497 1766 510 1782 e
530 1757 628 1781 Codice
648 1757 765 1781 restituta
792 1761 865 1785 sunt,
892 1757 918 1781 in
943 1756 1011 1781 Edd.
1037 1756 1140 1780 desunt.

194 1788 223 1819 5)
244 1789 283 1812 Ab
309 1798 336 1813 eo
361 1791 453 1816 desunt
480 1792 505 1816 in
525 1792 604 1816 Fabr.
631 1790 661 1816 P.
765 1791 793 1818 (3)
821 1791 931 1822 Quidem
957 1799 1010 1815 acc.
1037 1800 1051 1814 e
1074 1790 1140 1815 Cod.

194 1823 223 1853 7)
243 1822 288 1846 Ex
307 1826 453 1854 &esuriunt
480 1826 546 1851 Cod.
567 1826 677 1858 suriunt
697 1834 729 1850 ca*
747 1835 774 1850 se
795 1825 861 1850 hlud.
966 1826 994 1856 8)
1020 1824 1071 1849 Ter
1090 1829 1141 1849 icr-

195 1857 297 1882 minata
316 1857 383 1884 Edd-
403 1860 435 1886 Ο.
463 1861 508 1885 sed
528 1869 552 1885 v.
573 1861 716 1885 tri-minata
741 1861 766 1884 iu
787 1860 852 1885 Cod.
876 1868 926 1884 non
945 1859 1053 1892 amplius
1074 1859 1141 1883 clare

196 1891 300 1923 legitur.
410 1895 437 1924 9)
458 1896 564 1919 ‚tudens
591 1895 721 1919 audenter
748 1895 816 1921 Edd,
864 1895 974 1919 Ultimae
1000 1894 1091 1918 literae
1115 1893 1140 1917 in

197 1934 224 1949 v.
245 1926 347 1950 audens
365 1935 415 1952 non
434 1929 538 1961 amplius
557 1934 684 1962 apparent
702 1930 727 1954 in
753 1929 818 1955 Cod.
839 1934 864 1955 et
882 1934 936 1954 tres
956 1929 1046 1953 literae
1065 1928 1141 1952 etiam

197 1960 378 1985 desiderantur
409 1966 469 1986 ante
496 1972 520 1987 v.
551 1965 699 1990 audenter,-
730 1963 755 1988 in
789 1964 838 1987 Ed.
867 1973 906 1997 pr.
938 1964 1030 1987 lacuna
1063 1962 1140 1988 nulla.

198 1996 243 2026 10)
267 1996 405 2026 Quatenus
422 1996 450 2020 in
470 1999 565 2022 receuti
583 2007 595 2021 a
617 2016 623 2022 .
638 2015 645 2022 .
662 2016 668 2022 .
683 2015 690 2022 .
707 2008 719 2022 ι.-
732 2017 738 2023 .
754 2017 760 2023 .
780 1999 841 2022 iude
861 1999 989 2022 usitatum
1008 2001 1044 2022 cst
1066 2006 1078 2021 c
1093 2015 1100 2022 .
1115 2016 1121 2022 .
1135 2014 1142 2021 .

198 2029 216 2053 (ἶ
231 2047 237 2053 -
252 2033 275 2053 st
300 2047 307 2053 ·
323 2047 329 2053 ·
344 2047 351 2053 -
366 2047 372 2053 ·
392 2030 469 2054 abusi
486 2048 492 2054 ·
507 2048 514 2054 ο
529 2048 535 2054 -
552 2051 557 2057 ,
577 2032 690 2065 partieip
705 2051 712 2058 .
727 2051 734 2058 .
772 2033 816 2057 Sic.
836 2042 849 2057 e
865 2033 932 2057 Cod.
952 2032 1034 2057 locum
1054 2036 1142 2056 enota-

199 2062 238 2087 vit
255 2063 382 2090 Niebuhr.
420 2064 454 2089 At
480 2064 568 2088 Editio
598 2067 717 2100 princeps
743 2068 781 2092 sic
807 2067 927 2092 exhibet:
954 2071 1088 2099 quatenus
1114 2066 1141 2089 iu.

198 2097 297 2122 recenti
317 2097 429 2129 (hiatus)
449 2099 509 2122 inde
531 2099 657 2124 usitatum
676 2106 723 2128 cst,
754 2106 781 2126 at
801 2102 903 2126 audens
922 2102 1033 2131 (hiatus)
1057 2100 1142 2132 parci-

198 2132 305 2164 eipium.
340 2132 382 2156 Ex
402 2133 440 2156 his
459 2133 520 2157 talia
539 2132 601 2157 fecit
619 2134 697 2160 Fabr.
718 2144 791 2168 quoin
809 2136 925 2169 sequitur
946 2137 988 2161 P.:
1009 2139 1142 2167 quatenus

199 2167 226 2191 in
248 2165 346 2190 recenti
364 2166 474 2198 (hiatus)
494 2167 554 2191 iude
575 2167 699 2193 usitatum
725 2175 772 2195 cst.
812 2172 843 2195 ,it
865 2171 967 2195 audi-ns
985 2178 1044 2194 eum
1063 2178 1096 2193 ex
1117 2178 1143 2193 sc

200 2201 353 2226 adverbium
371 2208 425 2225 mm
443 2201 527 2232 fucit,
552 2205 589 2225 est
613 2204 791 2235 participium.
830 2205 977 2230 Notandum
997 2204 1072 2229 etiam
1095 2208 1143 2235 est,

201 2236 281 2261 verba
301 2234 345 2259 illa
364 2234 484 2260 Codicis:
509 2239 531 2260 st
543 2250 577 2254 —-
596 2236 672 2259 abusi
687 2251 717 2255 —
735 2239 859 2271 particip.
878 2239 980 2264 lineolis
998 2247 1078 2272 supra
1096 2238 1142 2262 du-

202 2270 250 2294 ctis
269 2278 325 2294 esse
351 2269 468 2302 signata,
494 2269 531 2294 ita
549 2273 577 2295 ut
594 2273 615 2293 sl
636 2270 753 2295 videatur
771 2273 833 2304 sigla
854 2283 924 2305 esse,
945 2282 1011 2306 quae
1026 2277 1088 2297 sum
1107 2272 1142 2296 si-

200 2304 316 2336 gnificat.
353 2303 474 2328 Ceterum
493 2303 565 2328 varie
583 2303 707 2336 explicari
726 2311 831 2336 possunt
851 2308 964 2339 lacunae,
984 2311 1144 2340 quapropter

201 2338 306 2363 Codicis
319 2338 472 2370 scripturam
491 2338 600 2363 reddere
614 2338 675 2363 satis
689 2339 776 2364 habui.
814 2341 846 2364 At
864 2350 925 2367 vero
939 2343 1013 2367 etiam
1029 2341 1055 2366 in
1068 2349 1142 2374 seqq.

201 2372 279 2398 multa
304 2378 329 2398 et
354 2373 462 2398 obscura
490 2377 515 2397 et.
540 2373 643 2397 turbata
669 2381 725 2398 esse
753 2372 880 2397 videntur.

829 105 909 138 FL.
952 102 1142 138 SOVSIP.
1191 102 1488 140 CHARISII

1162 193 1252 235 qua16
1275 194 1414 231 audentia;
1438 203 1481 226 aut
1504 205 1538 225 ne
1558 203 1606 223 nos
1630 193 1703 223 sallat
1725 198 1815 237 figura
1837 195 2004 237 quorundam
2026 207 2105 227 voca-

1161 237 1301 273 bulorum,
1329 248 1399 276 quae
1422 239 1517 269 eadem
1542 243 1581 266 est
1604 237 1824 279 participiorum.
1855 239 1924 270 hane
1948 239 2038 279 legem
2060 240 2106 269 ad-

1161 281 1307 315 vertimus,
1339 291 1392 308 non
1414 280 1497 310 aliubi
1520 282 1675 311 inventuros
1698 293 1746 311 uos
1770 282 1901 312 adverbia
1925 281 1959 311 ab
1982 282 2025 312 his
2045 294 2105 323 par-

1161 321 1231 352 tibus
1254 322 1384 351 orationis=
1407 323 1565 355 terminata,
1591 335 1668 364 quam
1695 326 1719 354 iu
1741 324 1835 364 quibus
1858 325 2026 365 comparatio
2049 331 2106 365 pot-

1163 370 1203 394 est
1230 364 1365 400 inveniri,
1392 370 1417 394 ut
1446 370 1487 394 cst
1510 365 1637 403 elegans,
1669 367 1841 405 elegantior,
1874 367 2030 408 eleg-antem
2060 368 2106 397 de-

1162 417 1242 443 cem,
1268 407 1425 442 decentior,
1457 407 1600 442 decenter;
1628 409 1744 447 pudens,
1776 409 1937 449 pudentior,
1962 409 2106 450 pudenter:

1161 449 1201 478 sic.
1231 460 1300 488 ergo
1332 449 1450 485 audens,
1474 449 1633 485 audentior,
1665 451 1810 486 audenter,
1852 463 1903 492 qua
1937 451 2107 487 vocabulum,

1160 502 1214 520 non
1237 503 1287 532 qua
1308 491 1479 532 participium
1505 491 1530 520 in
1553 490 1711 522 adverbium
1733 493 1950 533 transfiguratur.

1222 552 1250 579 9.
1278 552 1319 579 Rs
1340 551 1481 580 terminata
1512 550 1611 590 duplici
1648 550 1728 580 modo
1757 563 1791 582 ex
1807 553 1820 593 [l
1835 564 1865 583 se
1888 552 2020 583 adverbia
2042 552 2107 582 saci·
2117 551 2199 590 [165]

1164 598 1207 622 unt
1230 593 1256 622 in
1279 604 1306 622 er
1324 593 1511 628 decurrentia,
1536 603 1647 633 quorum
1673 603 1737 622 unus
1759 600 1807 630 est,
1831 596 1875 635 qui
1897 599 1908 624 i
1929 596 2035 625 literam
2055 606 2111 625 ser-

1164 641 1209 664 vat
1233 641 1294 664 ante
1318 635 1492 665 noxissimam
1513 634 1661 675 syllabam,
1694 641 1720 664 ut
1745 646 1856 672 vecorS,
1879 638 2046 668 vecorditer:
2071 637 2109 666 al-

1166 683 1217 711 ter,
1241 678 1285 717 qui
1309 678 1368 706 siue
1385 681 1395 705 i
1411 677 1489 706 litera
1510 678 1632 711 effertur,
1657 684 1681 706 ut
1702 677 1809 712 sollers,
1834 679 1969 709 sollerter.
2014 680 2113 720 Neque

1167 720 1258 749 onmia
1277 726 1375 753 tamen,
1395 730 1464 759 quae
1480 731 1505 748 rs
1529 719 1615 749 literis
1635 719 1818 754 terminantur,
1836 720 1863 749 in
1879 721 2009 751 adverbia
2027 728 2111 751 traus-

1169 768 1248 795 eunt,
1282 762 1345 791 sicut
1373 772 1495 792 concors.
1548 761 1623 790 Iners
1652 772 1757 802 quoque
1787 761 1879 791 habuit
1908 763 2110 798 dubitaticmem,

1169 814 1202 831 an
1218 804 1326 832 omuino
1344 804 1368 832 in
1389 803 1547 833 adverbium
1564 805 1679 833 transire
1701 804 1794 843 possit,
1818 805 1939 844 quamvis
1961 805 1987 834 in
2004 805 2112 846 vulgari

1171 846 1364 874 consuetudine
1400 845 1431 874 sit
1470 847 1586 876 inerter:
1623 856 1675 875 non
1706 846 1795 875 statim
1833 853 1922 876 tamen
1951 847 2070 877 adnuere
2083 847 2111 865 ¹⁷

1170 886 1308 922 debemus,
1333 887 1382 916 uisi
1403 889 1548 918 auctoritas
1568 888 1664 918 eruditi
1686 887 1798 917 alicuius
1811 889 1838 906 ¹⁸
1858 889 2014 919 accesserit.
2044 888 2113 919 Nam

1170 929 1332 959 inertissime
1352 929 1413 969 quin
1437 937 1511 959 recte
1529 930 1640 963 dicatur,
1666 929 1789 959 dubitare
1811 941 1863 959 nou
1886 942 2033 970 possumus,
2055 941 2114 961 cum

1168 970 1202 1000 ab
1226 982 1269 1005 eo,
1299 972 1368 1011 quod
1393 978 1430 1001 cst
1455 971 1638 1006 inci-tissimus,
1661 973 1760 1001 veniat.
1805 973 1876 1003 Fors
1897 984 2005 1013 quoque
2025 973 2114 1002 varia-

1172 1019 1224 1042 tum
1246 1014 1393 1051 figurarum
1409 1013 1540 1044 adverbia
1569 1014 1639 1042 facit.
1687 1014 1806 1043 Dicimus
1828 1015 1898 1044 enim
1916 1015 2036 1049 forsitan,
2062 1014 2117 1045 sor-

1171 1061 1259 1090 tasse,
1285 1055 1421 1087 fortassis:
1453 1063 1478 1086 et
1500 1055 1693 1085 consuetudine
1720 1056 1828 1095 quidem
1857 1057 1984 1093 obtinuit,
2014 1064 2040 1087 ut
2064 1056 2117 1086 sor-

1171 1103 1242 1126 tasse
1264 1097 1383 1127 libenter
1406 1097 1555 1131 diceretur,
1580 1108 1658 1137 quam
1682 1097 1823 1132 fortassis,
1848 1099 1974 1138 quoniam
1996 1098 2119 1129 fortassis

1170 1138 1278 1169 auribus
1302 1140 1399 1168 nostris
1421 1140 1563 1169 absurdius
1587 1139 1701 1169 xidetur.
1754 1140 1788 1169 At
1821 1140 1913 1169 forsan
1926 1142 1952 1159 ¹⁹
1981 1147 2008 1171 et
2038 1141 2116 1170 sorsi-

1172 1188 1218 1211 tan
1241 1182 1329 1221 poetis
1352 1181 1589 1221 1·clin‹p¹emus'-'⁰,
1621 1192 1689 1221 quae
1708 1181 1805 1211 Latina
1828 1192 1889 1212 esse
1911 1194 1991 1213 nemo
2014 1182 2117 1212 dubita-

1172 1223 1229 1258 bit,
1254 1234 1312 1252 cum
1333 1229 1358 1252 et
1381 1223 1513 1262 Virgilius·
1534 1224 1621 1253 dicat:

1258 1267 1360 1294 Forsan
1382 1270 1405 1294 et
1428 1268 1489 1294 leuce
1511 1268 1570 1294 olim
1592 1269 1733 1294 meminisse
1753 1266 1855 1294 iuvabit
1867 1265 1913 1293 ⁶²¹.-

1258 1309 1382 1336 Forsitan
1405 1312 1428 1336 οἱ
1449 1309 1554 1337 Priami
1571 1309 1674 1346 fuerint
1697 1318 1762 1346 quae
1779 1309 1847 1346 fata
1869 1311 1983 1346 requires
1994 1308 2034 1335 2².

1172 1350 1232 1380 Nee
1254 1351 1339 1380 miuus
1363 1350 1419 1380 sors
1441 1361 1490 1390 pro
1513 1350 1646 1380 adverbio
1669 1349 1789 1390 ponitur,
1815 1357 1855 1379 ut:

1256 1394 1322 1421 Fors
1344 1396 1466 1431 aequatis
1488 1396 1610 1432 cepissent
1628 1396 1745 1431 praemia
1767 1395 1862 1420 nostris
1873 1391 1912 1420 2³.

1240 1446 1287 1474 10.
1319 1444 1349 1471 X
1385 1443 1464 1472 litera
1498 1443 1641 1473 terminata
1673 1441 1776 1472 duobus
1812 1442 1898 1471 modis
1930 1442 1957 1472 in
1988 1441 2120 1472 adverbia

1172 1491 1325 1516 transeunt:
1355 1491 1397 1515 aut
1422 1485 1492 1515 euim
1515 1489 1549 1514 im
1573 1485 1658 1516 literis
1684 1484 1872 1518 terminantur,
1897 1491 1922 1515 ut
1945 1495 2030 1526 grex,
2054 1495 2118 1525 gre-

1176 1618 1221 1641 licr
1252 1618 1278 1642 u!
1299 1626 1379 1650 quum
1397 1626 1455 1643 eum
1476 1618 1577 1651 recipit.
1614 1618 1665 1643 Hic
1685 1627 1787 1651 quoque
1814 1617 1965 1650 scripturam
1987 1615 2069 1645 ('od.,
2089 1614 2119 1637 li-

1176 1658 1218 1677 cct.
1236 1661 1363 1681 mancam,
1391 1653 1513 1677 exhibere
1539 1652 1619 1677 satius
1647 1653 1722 1683 duxi,
1748 1660 1821 1685 quam
1840 1650 1937 1675 somnia
1954 1649 2119 1678 substituere,

1176 1693 1203 1712 ut
1228 1687 1306 1713 lvahr.
1335 1687 1407 1713 fecit.
1433 1687 1483 1713 Ed.
1513 1696 1552 1720 pr.
1579 1687 1670 1711 habet:
1698 1691 1751 1711 tam
1772 1686 1836 1710 hace
1862 1693 1941 1717 quam
1971 1684 2014 1707 illc
2040 1691 2120 1715 quum

1177 1731 1234 1746 eum
1255 1722 1356 1754 recipit.
1393 1721 1434 1746 Ex
1453 1722 1546 1754 quibus
1565 1721 1626 1746 feeit.
1643 1721 1723 1746 Fabr.
1748 1724 1774 1745 et
1798 1725 1902 1744 secutus
1920 1726 1976 1743 enm
1996 1718 2041 1743 P.:
2066 1721 2121 1741 tam

1177 1756 1218 1781 hic
1236 1764 1315 1788 quam
1335 1757 1389 1781 illic
1407 1765 1465 1780 eum
1485 1756 1586 1788 recipit..
1691 1755 1735 1782 12)
1762 1754 1837 1784 Quae
1861 1754 1902 1777 hic
1928 1752 2000 1776 uncis
2023 1751 2122 1776 inclusa

1177 1794 1249 1819 sunt,
1269 1791 1370 1823 punctis
1389 1791 1535 1815 subnotatis
1556 1789 1669 1822 signavit
1687 1789 1764 1814 Nieb.
1785 1788 1852 1821 quod
1873 1787 1972 1819 signum
1992 1790 2047 1815 est,
2069 1793 2120 1810 non

1177 1825 1284 1858 amplius
1304 1831 1375 1850 recte
1398 1825 1449 1857 legi
1467 1834 1543 1858 posse
1566 1824 1656 1849 literas
1675 1823 1701 1848 in
1720 1823 1785 1847 Cod.
1822 1822 1852 1846 In
1872 1822 1922 1848 Ed.
1943 1829 1981 1853 pr.
2003 1820 2066 1844 nihil
2085 1819 2120 1844 la—

1177 1868 1258 1884 cunae
1278 1864 1390 1884 notatum
1416 1864 1463 1884 est.
1568 1858 1612 1890 13)
1638 1859 1680 1882 Ita
1706 1866 1753 1882 uec
1780 1856 1904 1881 adverbia
1930 1856 2010 1880 Fabr.
2029 1855 2058 1880 P.
2082 1854 2121 1878 ita

1177 1903 1209 1918 nc
1229 1894 1288 1918 adr.
1317 1894 1367 1919 Ed.
1388 1902 1426 1927 pr.
1447 1896 1537 1919 ‘toene
1555 1893 1615 1917 adu.
1634 1892 1701 1917 Cod.
1738 1891 1801 1916 Sine
1820 1890 1896 1915 dubio
1914 1889 2063 1922 legendum:
2084 1888 2121 1913 ita

1177 1937 1210 1952 nc
1234 1928 1359 1953 ndum-bia
1384 1928 1505 1960 quidem,
1532 1927 1580 1952 nisi
1608 1926 1675 1951 sorte
1700 1926 1848 1959 legendum:
1874 1925 1912 1950 ita
1930 1933 1963 1948 ηε
1983 1923 2110 1948 inindum-

1178 1963 1220 1987 Ιιὶα
1245 1963 1364 1994 quidem,
1383 1962 1452 1995 quod
1470 1960 1602 1995 probabile
1621 1965 1669 1986 est.
1750 1961 1793 1992 14)
1814 1959 1968 1984 Diceremus
1987 1958 2067 1983 Febr.
2091 1957 2120 1981 P.

1179 1997 1293 2022 dicemus
1314 1997 1378 2021 Cod.
1398 1996 1449 2021 Ed.
1471 2004 1510 2029 pr.
1546 1995 1630 2019 Locus
1654 1995 1787 2019 obscurus.
1824 1995 1950 2019 Fortasse
1974 1992 2121 2024 legendum:

1177 2032 1210 2056 At
1229 2032 1250 2055 si
1269 2031 1382 2056 dicemus
1401 2031 1530 2055 audenter
1546 2034 1673 2061 tamqnam
1689 2029 1835 2062 sapienter,
1856 2028 1956 2052 fatebor
1971 2030 2041 2052 recte
2061 2025 2122 2058 dici,

1178 2065 1305 2098 siquidem
1325 2080 1355 2083 ——
1375 2080 1407 2083 ῌ
1426 2065 1451 2089 in
1472 2064 1622 2088 adverbium
1644 2064 1746 2090 transit.
1820 2063 1864 2094 15)
1886 2062 2033 2094 Nunquam
2052 2060 2121 2088 Edd,

1177 2109 1229 2124 mm
1251 2109 1305 2132 qua
1330 2099 1395 2124 Cod.
1431 2097 1529 2123 Similia
1555 2098 1615 2122 vide
1636 2098 1705 2122 infra
1730 2106 1754 2130 p.
1777 2098 1836 2123 166.
1859 2097 1889 2121 Ρ.
1996 2097 2039 2125 16)
2062 2096 2123 2126 Qua

1178 2135 1245 2160 eod.
1266 2134 1334 2161 Edd.
1355 2143 1395 2167 pr.
1414 2132 1492 2157 Fabr.
1518 2133 1548 2158 P.
1584 2132 1733 2165 chendum
1756 2131 1858 2156 videtur
1876 2138 1943 2155 eum.
1979 2129 2032 2154 Sed
2050 2129 2123 2163 plura

1178 2169 1204 2194 in
1232 2168 1271 2193 his
1297 2167 1459 2193 emendanda.
1584 2168 1627 2199 17)
1654 2168 1779 2190 „innuere
1810 2165 1879 2191 Edd.
1911 2165 2029 2189 adnuere
2054 2163 2122 2188 Cod.

1180 2204 1224 2232 18)
1243 2203 1364 2228 Alicuius
1391 2200 1488 2226 eruditi
1513 2200 1580 2226 Edd.
1608 2200 1707 2226 eruditi
1731 2200 1846 2225 alicuius
1869 2199 1935 2224 Cod.
2026 2198 2068 2230 19)
2088 2198 2123 2222 At

1173 2240 1279 2270 sorsum
1299 2238 1364 2269 (sic)
1381 2233 1447 2261 Cod.
1479 2235 1594 2267 Forsan,
1614 2243 1662 2262 om.
1681 2236 1730 2264 At,
1755 2234 1824 2258 Edd.
1842 2234 1876 2259 O.
1965 2233 2010 2265 20)
2030 2232 2121 2269 Potius

1180 2272 1339 2304 reliqucmns
1367 2270 1442 2302 (sic)
1469 2270 1534 2296 Cod.
1564 2270 1654 2302 potius
1681 2269 1859 2300 relinquemus
1893 2267 1944 2292 Ed.
1970 2275 2008 2300 pr.
2036 2268 2121 2299 poetis

1179 2307 1358 2338 relinquemus
1392 2309 1463 2329 recte
1492 2304 1570 2328 Fabr.
1596 2303 1627 2328 P.

1179 2342 1225 2371 22)
1252 2341 1323 2373 Virg.
1350 2339 1415 2364 Aen.
1437 2339 1477 2365 ll.
1506 2340 1564 2364 506.

1739 2304 1789 2331 21)
1814 2303 1887 2334 &ii-g.
1914 2302 1978 2326 Aen.
2004 2302 2031 2330 l,
2061 2299 2121 2325 203.

1679 2336 1724 2367 23)
1751 2337 1821 2369 Virg.
1847 2337 1911 2361 Aen.
1931 2336 1968 2367 V,
1991 2334 2047 2360 232.
2089 2332 2122 2358 Et

1002 2378 1044 2407 11)
1076 2375 1142 2400 Ίάιη
1172 2377 1233 2408 sors
1251 2374 1372 2407 aequatis
1394 2368 1474 2398 Fabr.
1494 2372 1524 2401 P,
1558 2372 1592 2398 Et
1612 2380 1660 2397 om.
1688 2371 1739 2396 Ed.
1760 2379 1798 2405 pr.
1817 2370 1883 2396 Cod.
