2264 2830
765 116 1011 152 ORIGINUM
1037 118 1182 153 LIBER
1210 120 1300 154 Xlll.

1934 123 2010 157 429

61 214 212 255 nomine,
247 213 339 257 quod
370 214 573 248 incremento
604 223 682 244 suae
713 212 939 245 exundationis
953 210 975 229 ³⁵¹
1013 220 1133 247 terram
1166 216 1316 260 Aegypti
1344 215 1474 261 irriget:
1514 217 1559 263 γῆ
1586 217 1671 250 enim
1700 216 1849 259 Graece,
1891 219 2010 252 Latine

61 274 182 300 terram
210 266 384 310 significat.

62 318 323 352 foecunditatem
352 322 457 349 terrae
470 313 481 332 ⁵

61 371 178 402 Latine
206 369 302 401 Melo
335 369 518 402 dicebatur.

483 313 504 349 ²·

439 266 504 298 llic
541 264 632 308 apud
666 264 854 308 Aegyptios
882 266 977 298 [Nilus
999 274 1153 307 meatur,
1200 273 1339 311 propter
1366 268 1501 308 limum,
1534 280 1633 311 quem
1660 269 1780 310 trahit,
1822 269 1879 312 qui
1906 270 2012 304 eflicit

561 316 660 348 Unde
689 321 721 347 et
747 317 840 348 lNilus
869 317 976 350 dictus¹
1005 325 1062 361 est,
1093 320 1186 361 quasi
1215 321 1298 354 νέαν
1329 317 1448 366 ι’)’λ.)]ιι“3
1476 321 1619 354 trahens.

586 368 740 411 Apparet
764 374 873 400 autem
907 369 938 401 in
965 367 1111 402 Nilide²n
1138 371 1235 411 lacu,
1276 371 1318 402 de
1346 382 1414 413 quo
1443 371 1474 403 iu
1507 372 1680 406 meridiem
1707 384 1818 406 versus
1849 373 2011 417 excipitur

1675 323 1762 354 Nam
1789 326 1885 354 antea
1917 322 2011 354 Nilus

60 423 240 466 Aegypto,
286 420 342 453 ubi
376 419 549 463 Aquilonis
584 419 715 452 flatibus
750 431 959 464 repercussus
994 423 1085 465 aquis
1123 422 1412 456 retroluctantibus
1445 424 1648 465 intumescit,
1696 430 1728 457 et
1761 424 2011 458 inundationem

62 473 211 518 Aegypti
239 472 324 506 facit.

226 524 261 558 8.
314 524 451 566 Ganges
485 521 621 563 fluvius,
666 534 765 566 quem
801 521 938 566 Physon
974 535 1066 558 sacra
1100 521 1303 569 scrIptura³⁵
1337 531 1600 567 commemorat,
1644 528 1753 560 exiens
1781 527 1825 560 de
1852 527 2010 572 paradiso

61 576 173 621 pergit
200 575 242 607 ad
266 574 378 606 lndiae
405 573 569 618 regiones.

60 629 123 660 sibi
151 627 312 660 adiunctis
343 621 536 669 impletur³³
572 630 603 657 et
631 626 774 660 eflicitur
810 638 901 660 tinus.

623 574 740 607 Dictus
763 580 872 606 autem
900 575 1055 619 Idi-yson,
1079 577 1113 609 id
1143 582 1191 609 est
1210 582 1362 617 caterva,
1391 578 1468 621 quia
1484 579 1603 611 decem
1615 575 1639 594 ³⁰
1668 579 1855 612 fluminibus
1881 580 2010 624 magnis

973 628 1110 672 Ganges
1146 633 1257 661 autem
1295 626 1468 662 vocatur³³⁸
1497 643 1515 662 a
1548 642 1629 675 rege
1658 630 1819 676 Gangaro
1849 627 2007 664 lndiae³”.

61 680 180 712 Fertur
206 683 315 710 autem
342 677 410 710 Nili
438 677 541 709 modo
571 678 725 717 exaltari,
760 683 792 710 et
817 690 918 723 super
945 679 1087 712 Orientis
1114 684 1215 712 terras
1243 692 1429 725 erumpere.

221 730 256 764 9.
308 729 421 773 Tigris
449 729 565 761 ssurius
593 729 861 773 Mesopotamiae
889 730 932 762 de
959 731 1114 774 paradiso
1143 732 1291 764 exoriens

58 788 134 826 post
160 782 281 814 multos
308 781 461 814 circuitus
489 781 520 812 ln
548 792 638 813 mare
662 782 797 813 rubrum
810 778 831 797 ⁴¹
861 782 1006 814 intluens.

57 835 181 867 bestiae
207 833 320 877 Tigris
331 829 372 870 ⁴³³,
401 833 597 876 pernicitate
623 829 755 865 nimiau
781 834 951 868 currentis.

223 885 280 918 10.

55 985 213 1032 ΡΙιι-ῑιῑιι41ιί
242 988 410 1021 lIebraice
438 988 587 1020 fertilitas
614 989 856 1031 interpretatur.

55 1040 137 1072 sicut
150 1036 175 1056 ⁴⁸
197 1040 291 1072 Nilus
320 1039 564 1071 Alexandriam.
620 1039 780 1072 Salustius
793 1036 816 1055 ⁴³¹

840 1044 951 1072 autem
977 1046 1095 1073 auctor
1122 1041 1317 1074 certissimus
1335 1044 1378 1075 ita
1389 1040 1414 1059 ³⁰
1438 1044 1568 1085 asserit,
1595 1043 1727 1088 Tigrim

1304 729 1346 772 ⁴⁰,
1386 738 1418 765 et
1453 745 1597 778 pergens
1625 738 1738 767 contra
1767 734 1937 777 Assyrios,
1978 737 2010 765 et

1061 783 1208 816 Vocatus
1230 783 1297 818 hoc
1325 785 1458 817 nomine
1472 782 1496 802 ⁴²
1523 790 1664 829 propter
1685 786 1894 818 velocitatem
1911 786 2009 817 instar

334 884 526 928 Euphrates
553 885 669 917 fluvius
697 884 965 928 Mesopotamiae
994 884 1037 917 de
1065 886 1220 928 paradiso
1252 887 1401 921 exoriens
1412 884 1452 929 ⁴³,
1488 888 1733 932 copiosissimus
1760 887 1922 932 gemmis,
1955 887 2010 929 qui

56 948 118 981 per
151 936 296 969 mediam
331 936 554 979 Babyloniam
588 936 706 968 influit:
750 935 808 968 hic
843 948 861 968 a
894 936 1065 981 frugibuffi
1108 938 1161 969 vel
1197 938 1238 970 ab
1274 939 1423 973 ubertate
1460 951 1581 972 nomen
1616 939 1756 983 accepit.

911 988 1195 1033 Mesopotamiam
1230 992 1349 1023 etenim
1362 988 1386 1008 ⁴⁷
1413 993 1445 1024 in
1473 991 1672 1035 quibusdam
1704 990 1786 1024 locis
1813 991 1857 1023 ita
1884 990 2010 1035 irrigat,

1825 939 1911 971 Nam
1938 938 2010 970 Eu-

1738 1039 1761 1059 51

1791 1046 1822 1074 et
1849 1041 2009 1086 Euphra—

55 1088 143 1123 ten⁵²
171 1103 236 1123 uno
266 1091 357 1123 fonte
381 1102 514 1123 manare
537 1091 569 1122 in
598 1091 773 1129 Armenia,
809 1092 864 1134 qui
892 1103 954 1135 per
981 1092 1112 1124 diversa
1148 1099 1261 1126 euntes
1288 1095 1420 1139 longius
1449 1095 1639 1128 dividuntur
1668 1094 1782 1140 spacio
1815 1093 1926 1125 medio
1954 1105 2008 1125 re-

55 1143 135 1175 licto
147 1139 172 1159 ⁵³
198 1143 377 1175 multorum
406 1142 563 1181 millium,
600 1154 686 1185 quae
714 1148 825 1174 tamen
851 1148 957 1185 terra,
1000 1155 1086 1187 quae
1113 1145 1155 1177 ab
1183 1145 1263 1189 ipsis
1291 1148 1450 1187 ambitur,
1494 1147 1741 1192 Mesopotamia
1769 1145 1895 1178 dicitur.

1958 1144 2007 1176 Ex

56 1206 124 1237 quo
153 1195 378 1237 Hieronymus
407 1194 653 1233 animadxertit,
683 1194 776 1226 aliter
804 1194 847 1227 de
871 1195 1016 1238 paradisi
1044 1195 1234 1228 fluminibus
1261 1195 1564 1243 intelligen‹lum⁵¹.

220 1245 277 1280 11.

217 1297 274 1329 12.

332 1245 431 1278 ludus
458 1246 576 1277 fluvius
605 1246 753 1285 orientis,
781 1246 835 1288 qui
864 1247 966 1278 rubro
983 1243 1008 1263 ⁵⁵
1034 1248 1116 1278 mari
1143 1248 1314 1291 accipitur.

330 1297 509 1339 Hydaspes
521 1293 545 1312 ⁵⁰
575 1298 634 1329 fuit
664 1297 847 1329 Medorum
874 1308 931 1328 rex
959 1297 1213 1339 antiquissimus,
1256 1311 1295 1331 ex
1326 1312 1393 1343 quo
1423 1301 1525 1332 amnis
1554 1300 1688 1333 orientis
1716 1310 1835 1331 nornen
1865 1298 2005 1341 accepit,

53 1349 109 1391 qui
137 1359 223 1382 nunc
247 1348 368 1381 dicitur
396 1345 615 1391 Hydaspisffl,
643 1347 686 1379 de
713 1358 782 1390 quo
809 1348 966 1380 Lucanus
977 1345 1016 1380 ⁵¹³:

288 1398 403 1431 Pastis
436 1399 542 1431 Indus
568 1399 669 1443 aquis
695 1399 842 1431 minum
868 1411 933 1431 ηοη
960 1400 1062 1432 scutit
1086 1400 1293 1445 Hydaspen,

54 1451 117 1484 Et:

669 1514 739 1547 qua
770 1503 898 1536 RIeclns
926 1502 1120 1548 Hydaspes

284 1552 430 1585 Accedit
455 1553 611 1597 pelago,
640 1553 774 1586 Phoebi
799 1555 979 1599 surgentis
1010 1554 1056 1587 ab
1084 1555 1178 1599 igne.

54 1604 120 1644 Qui
147 1603 226 1636 dum
255 1604 294 1636 sit
320 1604 436 1636 fluvius
464 1604 595 1636 orientis
606 1600 630 1620 ⁵⁰
657 1606 849 1645 Persarum,
885 1606 1006 1639 dicitur
1033 1612 1143 1638 tamen
1171 1611 1286 1639 contra
1315 1606 1475 1638 orientem
1504 1605 1693 1639 decurrere.

981 1654 1006 1674 ¹3⁰

218 1654 276 1688 13.
328 1657 442 1689 Araris
469 1655 585 1688 fluvius
609 1656 810 1690 Germaniae
837 1658 969 1690 orientis
1008 1682 1015 1689 .

1068 1658 1120 1690 De
1147 1669 1214 1701 quo
1245 1658 1402 1702 Virgilius
1415 1654 1456 1689 ⁶¹:

280 1706 353 1739 Aut
384 1707 530 1740 Ararim
558 1708 718 1741 Parthus
745 1708 857 1749 bibet,
885 1713 946 1742 aut
979 1709 1177 1743 Germania
1208 1709 1346 1754 Tigrim
1358 1706 1391 1740 ¹³².

53 1756 164 1789 Currit
192 1757 278 1789 enim
289 1754 314 1774 ‘¹³
342 1770 405 1802 per
430 1758 602 1792 Parthiam
630 1766 663 1792 et
690 1761 868 1804 Assyriam.

52 1848 91 1853 -
115 1829 163 1871 36)
190 1830 361 1869 quindecim
384 1834 472 1862 Arev.
499 1844 536 1862 ex
560 1834 676 1865 Arriam.
698 1836 718 1864 l.
743 1836 776 1864 V.
799 1836 873 1864 Plin.
887 1835 936 1871 VI,
957 1837 1003 1867 18.

53 1873 254 1911 undeviginti.
276 1891 317 1896 —
350 1876 398 1912 37)
422 1875 594 1914 implebitur
617 1880 672 1908 (ἆυ.
694 1882 723 1910 2.
747 1889 793 1907 va.
813 1895 854 1900 —
885 1877 933 1918 38)
957 1879 1007 1906 Sic

53 1919 109 1945 Gu.
125 1919 151 1946 1.
173 1932 215 1936 —
238 1923 364 1944 vocatus
387 1918 466 1956 vulg.
489 1934 530 1940 -—-
564 1917 611 1959 39)
634 1921 681 1949 Sic
706 1921 763 1949 Gu.
788 1924 813 1952 1.
835 1923 862 1952 2.
886 1931 933 1959 pr.
959 1931 1006 1951 va.

52 1976 92 1981 —-
112 1958 198 1995 Vulg.
224 1969 243 1986 α
270 1959 370 1998 Gang.
401 1972 467 1999 rege·
496 1961 611 1991 Indiae.
641 1982 678 1985 —
712 1965 818 2002 Gange
847 1964 935 1991 Arev.
965 1979 1006 1985 ·—

51 2000 100 2042 40)
116 2001 164 2029 Sic
180 2002 415 2032 Gu.1.2.a1.va.
438 2019 480 2024 —-
501 2006 734 2044 exurgensvulg.
757 2023 800 2027 —
821 2006 870 2044 41)
887 2006 934 2034 Sic
950 2006 1006 2034 Gu.

54 2050 80 2076 1,
109 2044 159 2073 Ar.
178 2060 219 2064 —
241 2050 396 2072 mortuum
419 2046 498 2083 vulg.
525 2062 566 2068 ·—
598 2049 645 2086 42)
674 2049 722 2077 Sic
745 2050 801 2078 Gn.
828 2052 853 2078 1.
877 2065 916 2070 —
945 2049 1004 2076 Vo-

53 2092 139 2115 satus
162 2092 262 2114 autem
284 2087 340 2114 hoc
360 2089 477 2115 nomine
508 2088 564 2118 Gu.
584 2093 614 2121 2.
634 2101 681 2120 va.
702 2108 739 2113 —
775 2093 910 2120 Vocatur
939 2102 1004 2118 (ιιι-

53 2136 110 2157 tem
131 2129 188 2157 ltuc
210 2131 329 2157 nominc
354 2130 438 2158 Arev.
458 2147 499 2151 —
517 2131 652 2160 Vocatur
674 2140 776 2162 autem
801 2136 901 2172 Tigris
916 2134 1003 2171 Vulg.

53 2189 93 2193 —
112 2173 160 2206 43)
179 2171 227 2199 Sic
252 2172 308 2200 Gu.
333 2175 357 2202 1.
382 2189 423 2194 —
453 2172 588 2210 Tigridis
610 2175 690 2213 vulg.
735 2177 801 2207 Om.
824 2188 889 2206 voc.
914 2177 1003 2205 Arev.

53 2230 93 2235 —
115 2214 161 2252 44)
196 2214 244 2242 Sic
275 2215 330 2244 Gu.
357 2218 382 2245 1.
410 2232 442 2236 ——
476 2217 573 2244 nimia
594 2227 676 2254 pern.
699 2219 778 2256 vulg.
803 2236 844 2240 —
872 2219 923 2257 45)
955 2220 1004 2247 Sic

54 2257 108 2285 Gu.
134 2261 157 2287 1.
181 2258 208 2286 2.
236 2267 282 2284 va.
308 2261 357 2285 Ar.
385 2274 419 2278 —
451 2269 596 2297 exurgens
626 2260 705 2297 vulg.
735 2277 775 2282 —
798 2261 845 2302 46)
871 2263 918 2290 Sic
944 2263 1001 2292 Gu.

56 2303 83 2329 1.
98 2315 138 2321 --
161 2298 252 2329 Hehr.
276 2300 395 2338 Eupllr.
416 2301 496 2338 vulg.
520 2316 559 2322 —-
582 2302 723 2340 Epllrata
745 2303 793 2334 Ar.
816 2320 859 2326 —
888 2302 935 2344 47)
953 2306 1002 2333 Sic

55 2343 108 2369 Gu.
128 2345 154 2373 1.
175 2344 203 2372 2.
222 2352 265 2380 pr.
289 2352 334 2370 va.
357 2360 391 2363 —
413 2345 491 2370 enim
514 2343 594 2381 vulg.
620 2360 657 2366 —-
687 2344 733 2384 48)
752 2351 777 2372 et
800 2347 870 2376 add.
896 2347 952 2378 Gu.
974 2351 1002 2378 1.

55 2399 94 2404 —
118 2385 165 2418 49)
196 2384 229 2412 ln
254 2384 337 2413 lib1is
359 2386 495 2424 perditis.
523 2402 564 2407 —
599 2388 643 2423 50)
667 2388 712 2415 ita
735 2388 836 2416 addidi
860 2399 875 2417 e
898 2390 954 2417 Gu.
974 2392 1001 2420 1.

55 2441 95 2447 —
117 2423 162 2463 51)
190 2427 295 2465 Zl'igrln
317 2438 362 2456 va.
385 2444 426 2450 —
446 2429 495 2467 52)
512 2429 700 2467 Euphratem
725 2430 781 2461 Gu.
799 2434 829 2463 2.
849 2431 894 2462 ed.
913 2431 1001 2460 Goth.

1050 1836 1140 1864 Arev.
1164 1852 1205 1856 —
1229 1837 1274 1872 53)
1299 1836 1347 1864 δίο
1371 1836 1429 1864 Gu.
1452 1838 1478 1866 1.
1501 1837 1529 1865 2.
1553 1850 1593 1856 --
1616 1832 1755 1861 derelicto
1776 1831 1855 1869 vulg.
1887 1848 1926 1852 —
1956 1834 2004 1868 54)

1050 1877 1267 1916 intelligendu-9
1283 1888 1327 1916 pr.
1372 1878 1470 1906 Locus
1484 1876 1608 1905 Hieron.
1632 1880 1675 1904 est
1698 1875 1728 1902 in
1746 1874 1897 1902 Onomast.
1910 1875 2004 1902 locor.

1051 1931 1162 1949 sacror.
1194 1940 1230 1943 —
1266 1920 1313 1959 55)
1337 1932 1357 1948 α
1380 1920 1472 1948 rubro
1495 1920 1576 1946 mari
1596 1918 1694 1955 vulg.‚
1726 1916 1778 1945 sed
1797 1928 1816 1944 a
1839 1927 1886 1945 ou]
1910 1918 2003 1948 Gu.1.

1050 1966 1078 1994 2.
1101 1974 1146 2003 pr.
1169 1964 1219 1991 Ar.
1242 1979 1284 1984 —
1311 1966 1358 1999 56)
1383 1964 1547 2000 lli-slaspes
1570 1971 1616 1999 pr.
1630 1971 1676 1989 va.
1699 1975 1741 1982 —-
1763 1959 1810 1999 57)
1835 1960 1884 1988 Sic
1906 1960 1961 1989 Gu.
1977 1963 2003 1990 1.

1051 2022 1086 2026 —
1114 2005 1272 2044 Indus-pes
1295 2004 1354 2033 dic.
1376 2005 1457 2043 vulg.
1489 2023 1526 2027 —-
1559 2005 1607 2038 58)
1638 2004 1658 2031 l.
1682 2003 1742 2039 Ill,
1771 2004 1841 2034 236.
1873 2007 1901 2030 et
1925 2002 2004 2037 VIII,

1047 2051 1119 2080 227.
1143 2059 1221 2086 seq.‚
1245 2048 1295 2076 ubi
1318 2052 1376 2076 est:
1401 2048 1472 2085 Qua
1499 2045 1630 2085 rapida-5
1655 2047 1778 2084 Ganges
1801 2050 1827 2073 et
1851 2056 1914 2084 qua
1941 2046 2004 2082 N»-

1047 2102 1138 2119 Saeus
1168 2090 1332 2129 Ihdtcspes
1361 2090 1519 2118 Accedunt
1544 2090 1655 2128 pelago
1688 2093 1742 2117 etc.
1766 2093 1800 2116 ut
1825 2098 1871 2125 ap.
1898 2087 2003 2116 Isidor.

1048 2134 1104 2161 Gu.
1128 2137 1153 2164 1.
1178 2137 1205 2165 2.
1230 2145 1288 2162 om.
1313 2133 1423 2160 Lucani
1447 2142 1561 2162 versus.
1585 2149 1626 2154 -—
1658 2132 1730 2169 Qua
1757 2131 1897 2168 ,Nisam-9
1920 2130 2002 2168 Hxael.

1048 2177 1092 2204 ed.
1116 2187 1161 2215 pr.
1187 2187 1232 2205 va.
1258 2182 1287 2204 et
1318 2175 1465 2203 accedunt
1500 2175 1588 2203 iidem
1617 2174 1697 2204 libri.
1720 2190 1761 2194 —
1793 2173 1856 2202 Iam
1876 2175 2002 2211 propior

1047 2230 1139 2257 quam
1172 2221 1275 2247 Persis
1308 2229 1390 2246 eram
1419 2218 1486 2247 add.
1521 2222 1590 2257 post
1617 2219 1686 2256 igne
1716 2216 1786 2247 edit.
1817 2226 1864 2244 va.
1886 2231 1925 2237 —
1954 2216 1998 2246 59)

1047 2263 1170 2289 orientis
1193 2262 1296 2291 addidi
1320 2271 1334 2289 e
1365 2261 1421 2289 Gu.
1442 2265 1466 2292 1.
1486 2277 1528 2282 —
1557 2260 1605 2297 60)
1629 2261 1753 2288 orientis
1780 2258 1880 2286 addidi
1904 2267 1918 2284 e
1943 2256 1997 2282 GU-

1050 2307 1075 2333 1.
1100 2304 1136 2332 al.
1166 2322 1207 2326 —
1245 2307 1289 2341 61)
1322 2303 1424 2341 Eclog.
1454 2307 1487 2339 1,
1511 2305 1562 2334 63.
1586 2319 1625 2324 —-
1663 2302 1710 2341 62)
1734 2302 1790 2330 Vv.
1823 2305 1874 2328 aut
1900 2298 1996 2324 Germ.

1053 2348 1131 2385 ngr.
1156 2357 1212 2375 om.
1238 2347 1294 2377 Gu.
1319 2349 1348 2377 2.
1371 2363 1413 2368 -—
1447 2349 1492 2382 63)
1525 2347 1623 2384 Tigris
1647 2345 1713 2374 add.
1739 2343 1834 2379 vulg...
1864 2338 1914 2366 sed
1939 2348 1996 2367 0¹1¹.

1047 2390 1105 2418 Gu.
1133 2392 1158 2420 1.
1180 2393 1208 2421 2.
1235 2390 1273 2419 al.
1297 2399 1341 2428 pr.
