2264 2830
807 73 1052 107 ORIGINUM
1079 75 1224 109 LlBER
1250 77 1306 110 lx.
1493 50 1499 57 ι
1965 79 2039 113 315

623 193 903 228 CARVH.
980 193 1500 239 DccouiugiiS.

256 271 286 305 l.
342 272 399 305 vir
426 282 540 304 sexum
565 270 746 315 significat,
773 281 839 302 non
867 269 1075 314 coniugium,
1101 272 1160 304 nisi
1186 269 1391 313 adieceris¹‚
1427 272 1474 303 vir
1502 272 1585 304 eius.

254 322 287 355 2.
340 323 479 355 Maritus
506 333 584 355 vero
613 323 711 354 ctiam
749 322 816 354 sine
846 321 1032 355 adiectione
1060 325 1239 368 coniugem
1271 329 1382 366 sonat,
1421 328 1451 355 et
1479 335 1498 356 a
1522 335 1612 357 mare
1640 323 1795 364 maritus,
1828 324 1924 368 quasi
1958 336 2038 358 mas.

89 374 149 407 Est
175 374 262 407 enim
289 385 410 408 nomen
436 374 564 419 primae
587 374 778 419 positionis,
813 373 904 417 quod
927 374 1005 407 facit
1031 375 1064 407 in
1091 376 1308 409 diminutione
1336 375 1517 416 masculus,
1557 376 1589 407 in
1617 375 1820 408 derivatione
1846 377 1988 410 maritus.

254 434 287 469 3.
341 435 489 478 Sponsus
522 432 589 466 ah²
616 434 814 478 spondendo
852 438 999 468 vocatus.
1052 437 1137 468 Nam
1172 441 1247 468 ante
1280 446 1373 468 usum
1406 435 1604 467 tabellarum
1640 437 1836 469 matrimonii
1873 439 2042 472 cautiones

89 487 229 520 invicem
256 482 338 518 sibi³
364 483 599 527 emhtebaut',
626 487 658 518 in
685 487 803 529 quibus
826 486 1046 531 spondebant,
1073 499 1108 519 se
1134 488 1274 521 invicem
1298 486 1482 520 consentire
1505 487 1537 519 in
1564 487 1633 519 iura
1660 489 1871 530 matrimonii,
1898 494 1930 522 et
1953 489 2039 522 fide-

90 539 229 571 iussores
256 537 389 569 dabant.

253 588 286 621 4.
343 584 464 621 Unde⁵
491 587 669 621 admissum
698 594 764 629 est,
799 594 834 621 ut
860 600 1016 633 sponsum
1045 589 1195 623 dicamus
1221 589 1348 632 virum,
1383 589 1426 621 ab
1454 589 1672 632 spondendo,
1710 595 1741 623 et
1768 602 1922 635 sponsam
1949 591 2041 624 simi-

91 642 173 674 liter.
226 640 403 673 Caeterum
434 640 571 684 proprie
601 640 768 685 spondere
796 641 881 674 velle
909 646 964 674 est.
1017 641 1114 686 Ergo
1142 652 1280 686 sponsus
1307 652 1374 674 non
1401 641 1478 683 quia
1505 638 1707 685 1›r0mittit⁶‚
1744 643 1802 674 sed
1834 643 1911 686 quia
1937 654 2041 688 spon-

91 693 149 725 det
176 696 207 725 et
233 703 407 736 sponsores·
435 692 491 723 dat
517 705 574 724 sua
601 693 770 724 voluntate
782 689 804 724 ⁷.

255 741 290 777 5.
343 744 473 776 Arrabo
502 744 609 784 dicta,
642 745 733 787 quas-i
761 756 834 776 arra
863 744 961 777 bona.
1014 743 1118 784 Quod
1154 743 1239 776 enim
1277 744 1374 776 datur
1401 754 1464 787 pro
1489 743 1664 788 coniugio,
1700 745 1787 777 bene
1815 744 1928 787 datur,
1963 746 2041 789 quia

90 794 283 839 coniugium
310 795 435 828 bonum
459 801 517 829 est.
570 796 673 837 Quod
701 807 780 829 vero
807 807 909 829 causa
935 795 1178 836 fornicationis,
1217 800 1275 828 aut
1301 795 1471 836 adulterii,
1508 796 1632 828 malum
1661 800 1726 838 est,
1767 796 1895 830 idcirco
1922 798 2041 830 arrabo

90 857 155 878 non
181 852 239 881 est.

255 897 289 930 6.
343 898 440 931 Dicta
468 903 578 931 autern
606 910 679 931 arra
706 910 725 930 a
752 910 802 939 re,
845 910 908 942 pro
942 909 1007 941 qua
1034 897 1182 930 traditur.
1238 899 1298 931 Est
1334 894 1447 931 enimS
1474 910 1546 930 arra
1572 910 1640 931 non
1663 899 1771 932 solum
1799 900 1933 944 sponsio
1961 910 2043 933 con-

90 949 230 994 iugalis,
257 949 315 982 sed
343 951 442 982 etiam
471 962 533 994 pro
562 951 709 993 qualibet
736 951 898 994 promissa
924 961 960 983 re
985 946 1103 991 data⁰,
1132 955 1167 982 ut
1194 951 1413 994 compleatur.

260 1000 292 1035 7.
346 1002 446 1035 Proci
473 1003 662 1046 nuptiarum
689 1003 865 1046 petitores,
893 1014 912 1034 a
939 1001 1133 1046 procando,
1156 1001 1191 1034 id
1219 1007 1266 1035 est
1278 999 1300 1018 ¹⁰
1326 1001 1475 1046 petendo
1503 1001 1592 1035 dicti.

256 1060 289 1093 8.
343 1062 502 1096 Pronuba
529 1062 633 1104 dicta,
660 1073 701 1095 eo
729 1063 821 1105 quod
849 1062 1048 1095 nubentibus
1076 1067 1225 1106 praeest,
1251 1074 1408 1106 quaeque
1434 1062 1613 1095 nubentem
1641 1062 1713 1094 viro
1741 1061 1922 1106 coniungit.
1968 1061 2045 1104 Ipsa

91 1116 139 1145 est
166 1116 198 1145 et
224 1113 468 1157 paranympha.
535 1115 623 1147 Nam
658 1114 808 1158 nympha
842 1126 964 1159 sponsa
990 1114 1022 1146 in
1056 1114 1193 1158 nuptiis,
1231 1120 1263 1147 et
1289 1114 1440 1159 nympha
1467 1125 1530 1158 pro
1558 1113 1713 1146 lautionis
1726 1109 1746 1129 ¹¹
1783 1113 1917 1155 officio,
1951 1113 2045 1156 quod

91 1163 133 1195 ad
149 1160 172 1180 ¹²
198 1176 320 1197 nomen
347 1165 497 1197 nubentis
524 1166 682 1198 alluditur
697 1162 728 1198 ¹³.

257 1215 292 1248 9.
344 1216 513 1261 Coniuges
541 1217 703 1261 appellati
735 1222 876 1261 propter
906 1216 1043 1260 iugum,
1075 1215 1168 1258 quod
1203 1216 1383 1259 imponitur
1410 1215 1621 1248 matrimonio
1657 1214 1906 1258 coniungendis.
1958 1215 2044 1260 lugo

93 1266 180 1298 enim
205 1268 364 1300 nubentes
391 1269 506 1302 subiici
533 1269 660 1308 solent,
693 1274 836 1312 propter
868 1268 1014 1299 suturam
1043 1267 1277 1307 concordiam,
1316 1279 1357 1299 ne
1385 1272 1589 1310 separentur.
1651 1265 1820 1309 Coniuges
1849 1271 1960 1298 autern
1985 1279 2045 1300 ve-

92 1318 158 1350 rius
185 1319 398 1362 appellantur
425 1331 444 1351 a
473 1320 581 1363 prima
608 1319 870 1363 desponsationis
897 1318 976 1357 fide,
1005 1318 1154 1361 quamvis
1183 1318 1297 1351 adhuc
1323 1319 1407 1350 inter
1435 1314 1527 1350 eos¹⁴
1554 1318 1726 1361 ignoretur
1754 1317 1939 1362 coniugalis
1963 1329 2047 1351 con-

94 1369 238 1409 cubitus,
266 1370 348 1403 sicut
375 1371 484 1402 Maria
512 1370 637 1414 loseph
669 1371 810 1403 coniunx
826 1367 848 1387 ¹⁵
876 1376 1031 1410 vocatur,
1060 1370 1143 1402 inter
1165 1381 1249 1412 quos
1276 1381 1338 1403 nec
1366 1370 1489 1409 suerat,
1524 1380 1586 1402 nec
1613 1368 1722 1401 futura
1750 1374 1820 1401 erat
1847 1370 1952 1402 carnis
1979 1370 2047 1402 ulla

94 1421 296 1454 commixtio.

259 1472 318 1506 10.
372 1472 505 1516 Nuptae
533 1473 660 1512 dictae,
697 1472 789 1516 quod
816 1472 925 1505 vultus
959 1482 1035 1504 suos
1062 1471 1179 1504 velent.
1215 1471 1430 1504 Translatum
1458 1482 1579 1503 nomen
1607 1482 1626 1502 a
1653 1469 1814 1510 nubibus,
1849 1471 1969 1513 quibus
1995 1476 2047 1503 te-

93 1524 182 1567 gitur
209 1524 353 1556 coelum.
416 1523 518 1557 L'nde
544 1530 576 1557 et
604 1526 739 1569 nuptiae
763 1524 936 1563 dicuntur,
972 1523 1065 1566 quod
1101 1523 1147 1556 ibi
1181 1523 1326 1568 primum
1353 1522 1547 1556 nubentium
1575 1521 1685 1566 capita
1712 1521 1871 1557 velantur,
1926 1521 2047 1555 Obnu-

92 1574 174 1607 bere
201 1575 287 1608 enim
315 1575 490 1619 cooperire
518 1580 575 1610 est.

259 1626 278 1657 1
287 1625 317 1660 l.
371 1627 472 1659 Cuius
485 1624 507 1643 ¹⁶
547 1627 711 1661 contraria
722 1622 745 1642 ¹⁷

773 1627 912 1666 innuba,
953 1624 1022 1658 hoc
1050 1631 1097 1658 est
1124 1626 1279 1670 innupta,
1323 1637 1411 1669 quae
1438 1624 1553 1658 adhuc
1579 1624 1707 1657 vultum
1735 1635 1830 1656 suurn
1855 1635 1921 1656 non
1949 1624 2045 1657 velat.

259 1685 317 1720 12.
370 1685 501 1719 Uxores
527 1692 684 1727 vocatae,
714 1687 806 1730 quasi
834 1682 1031 1718 unxioresffi.
1085 1685 1194 1718 Moris
1221 1686 1307 1719 enim
1335 1691 1406 1718 erat
1433 1685 1629 1728 antiquitus,
1661 1689 1696 1716 ut
1722 1685 1884 1718 nubentes
1912 1685 2048 1728 puellae

95 1737 193 1769 simul
221 1738 369 1769 venirent
396 1738 440 1770 ad
467 1738 568 1771 limen
595 1740 719 1778 mariti,
748 1744 780 1771 et
807 1743 937 1782 postes,
967 1741 1143 1780 antequam
1156 1734 1180 1753 ¹⁹
1207 1737 1479 1782 ingrederentur,
1507 1742 1702 1769 ornarentur
1713 1732 1738 1752 ²⁰
1765 1736 1867 1768 laneis
1895 1736 1992 1775 vittis,
2017 1742 2047 1768 et

96 1787 174 1819 oleo
207 1785 438 1833 unguerent²¹.
492 1787 629 1823 Unde22
657 1801 775 1824 uxores
802 1789 929 1829 dictae,
964 1789 1056 1831 quasi
1084 1790 1252 1822 unxiores:
1296 1800 1382 1832 quae
1419 1789 1497 1822 ideo
1536 1788 1732 1821 vetabantur
1766 1788 1879 1820 limina
1906 1788 2047 1827 calcare,

95 1839 189 1881 quod
216 1837 320 1872 illic²³
346 1840 464 1873 ianuae
492 1848 523 1874 et
550 1848 667 1875 coeant
680 1839 705 1858 Ἡ
731 1847 762 1874 et
789 1845 992 1884 separentur,

264 1890 320 1923 13.
374 1891 530 1925 Matrona
558 1900 623 1935 est,
665 1906 752 1937 quae
785 1893 851 1925 iam
879 1892 1005 1936 nupsit,
1046 1896 1078 1924 et
1105 1892 1195 1925 dicta
1223 1897 1392 1932 matrona,
1420 1892 1513 1934 quasi
1541 1896 1646 1923 mater
1674 1890 1757 1931 nati,
1796 1890 1849 1923 vel
1877 1891 1955 1934 quia
1982 1891 2046 1922 iam

96 1945 202 1973 mater
228 1941 301 1974 fieri
328 1947 456 1986 potest,
492 1945 580 1978 unde
607 1950 640 1978 et
665 1945 911 1978 matrimonium
939 1943 1074 1977 dictum.
1128 1943 1349 1989 Distinguitur
1375 1949 1486 1976 autem
1514 1942 1599 1975 inter
1625 1946 1830 1982 matronam,
1869 1947 2009 1975 matrem
2023 1938 2047 1958 ²5

184 2052 212 2087 1)
236 2049 413 2079 adiuti-teris
434 2061 481 2082 va.
510 2069 547 2075 —
583 2054 611 2087 2)
637 2054 675 2082 ab
697 2064 752 2093 pro
775 2065 795 2082 α
817 2053 876 2082 Gu.
902 2055 930 2084 1.
946 2055 975 2084 2.
1000 2062 1046 2081 va.
1092 2056 1140 2091 12)
1166 2052 1250 2092 quod
1270 2059 1296 2081 et
1320 2051 1364 2081 ad
1384 2062 1463 2080 nom.
1487 2053 1544 2081 Gu.
1559 2054 1588 2083 2.
1610 2052 1648 2081 al.
1677 2068 1719 2074 —-
1750 2050 1797 2091 13)
1821 2050 1935 2080 alludit
1958 2052 2044 2080 Arev.

97 2093 127 2122 h.
150 2093 172 2122 l.
196 2099 225 2122 et
247 2099 360 2132 postea.
383 2110 426 2116 —-
455 2095 486 2132 3)
509 2096 556 2123 Sic
586 2096 641 2125 Gu.
666 2100 692 2127 1.
721 2113 763 2118 —
800 2096 888 2133 Vulg.
912 2096 973 2123 ,sthi
995 2097 1047 2123 ιἠ-
1091 2113 1131 2119 —
1155 2096 1200 2133 14)
1231 2097 1308 2123 inter
1337 2106 1385 2123 eos
1414 2094 1518 2124 adhuc
1546 2095 1604 2125 Gu.
1623 2098 1652 2128 2.
1681 2111 1722 2117 —
1753 2098 1796 2129 15)
1822 2096 1932 2122 coniux
1962 2095 2044 2123 Arev.

97 2137 201 2164 vicem,
218 2153 254 2158 —
284 2135 489 2176 4)mi1tebant
514 2148 560 2166 va.
583 2154 624 2160 —
647 2138 675 2177 5)
699 2145 724 2166 et
748 2139 816 2168 add.
843 2141 932 2167 Arev.
955 2154 994 2160 —
1017 2140 1045 2173 6)
1093 2156 1126 2160 —
1161 2137 1209 2178 16)
1237 2138 1296 2167 Czci
1318 2138 1369 2167 Ar.
1399 2154 1440 2160 -
1470 2139 1514 2175 17)
1544 2143 1587 2165 est
1619 2138 1690 2166 add.
1722 2138 1776 2166 Gu.
1792 2139 1822 2168 2.
1847 2148 1892 2166 va.
1923 2153 1964 2159 -—
2000 2133 2043 2173 13)

92 2180 288 2217 promittitur
312 2180 368 2208 Gu.
380 2183 407 2211 2.
426 2181 477 2209 Ar.
495 2196 537 2201 -
558 2180 586 2219 7)
612 2181 668 2209 Vv.
688 2192 744 2209 sua
767 2182 922 2209 voluntate
944 2180 1050 2209 addidi
1092 2192 1219 2210 unxores
1238 2180 1268 2211 h.
1292 2182 1310 2210 l.
1336 2186 1363 2209 et
1387 2185 1456 2219 post
1479 2181 1528 2209 Ar.
1555 2197 1597 2203 —
1632 2178 1677 2219 19)
1700 2186 1728 2208 et
1751 2185 1915 2218 antequam
1937 2190 1979 2217 pr.
2003 2191 2043 2198 —-·

99 2231 114 2249 e
137 2222 192 2249 Gu.
214 2225 238 2252 1.
262 2240 300 2244 -—
324 2224 351 2261 8)
375 2224 453 2250 enlm
476 2233 532 2261 pro
556 2229 658 2251 autem
682 2224 737 2251 Gu.
757 2227 783 2255 1.
819 2242 857 2247 —
886 2226 915 2260 9)
936 2235 994 2262 pro
1020 2235 1050 2251 re
1092 2223 1140 2264 20)
1164 2230 1303 2253 ornarent
1328 2225 1432 2252 Ar.—
1454 2222 1503 2264 21)
1520 2223 1569 2252 Sic
1583 2224 1715 2254 Gu.1.2.
1733 2223 1784 2252 Ar.
1799 2239 1842 2244 —-
1861 2225 2041 2257 ngeren-lllr

99 2262 174 2291 data
195 2265 287 2294 Gu.1,
300 2282 340 2286 —
363 2271 397 2293 ιιι
412 2271 467 2293 aut
490 2264 650 2301 reddatur,
675 2271 729 2294 αιιι
752 2268 859 2305 compl.
877 2267 927 2297 Ar.
947 2284 984 2289 —
1004 2268 1046 2302 10)
1092 2268 1223 2304 vulg.—-
1236 2265 1285 2306 Ξῖ)
1308 2267 1355 2295 Sic
1379 2266 1524 2297 Gn.1.—
1542 2272 1569 2294 et
1592 2265 1663 2294 inde
1681 2265 1811 2303 vulg.-—
1825 2264 1872 2300 23)
1894 2264 1966 2290 illue
1985 2261 2040 2288 Gu-

100 2315 120 2333 a
139 2306 291 2344 precando
315 2313 342 2334 et
360 2308 488 2345 petendo
512 2308 549 2336 al.
573 2319 617 2346 pr.
648 2325 688 2330 —
709 2320 729 2336 a
757 2309 913 2346 procando
944 2315 968 2336 et
992 2315 1048 2348 pet.
1096 2313 1122 2340 1.
1142 2312 1172 2340 2.
1192 2326 1234 2332 —
1257 2312 1305 2347 ⁶24)
1322 2310 1371 2337 Sic
1386 2309 1485 2340 Gu.2.
1509 2319 1554 2347 pr.
1578 2319 1623 2337 va.
1646 2308 1696 2336 Ar.
1721 2325 1758 2329 —
1783 2311 1884 2334 coeunt
1903 2304 1982 2341 vulg.
2001 2320 2038 2325 —-

102 2348 238 2379 Gu.1.2.
261 2351 297 2378 al.
322 2360 367 2379 va.
382 2368 421 2372 —
446 2351 490 2389 ll)
514 2352 562 2378 Sic
577 2353 721 2382 Gu.1.—
736 2351 902 2379 lavationis
916 2352 1048 2389 vulg.-
1092 2350 1142 2391 25)
1164 2358 1290 2380 matrem
1309 2363 1368 2383 om.
1393 2352 1448 2381 Gu.
1469 2355 1494 2383 1.
1512 2355 1541 2383 2.
1563 2368 1604 2372 —
1628 2357 1652 2378 et
1677 2356 1801 2378 matrem
1822 2357 1867 2385 pr·

1519 2413 1549 2443 R
1568 2424 1582 2443 r
1610 2414 1628 2430 *
