2264 2830
816 91 1060 126 ORthx'ml

270 188 329 220 31.
393 188 540 221 Minores
582 193 692 220 autem
741 198 806 219 non
844 186 1003 226 dicimus,

104 243 215 282 filius,
269 251 395 284 nepos,
439 251 625 284 pronepos,
669 239 839 282 abnepos,
881 238 1051 281 adnepos,

107 295 172 326 iam
201 292 341 324 dicimus
369 293 532 333 minores,
567 291 649 323 sicut
677 296 707 323 et
736 291 876 323 maiores
903 290 1061 331 dicimus,

106 357 171 388 que
200 344 414 377 vocabulum.

535 428 564 461 C
592 429 622 461 A
652 429 688 461 P.
744 429 799 461 vl.

275 497 304 529 l.
362 497 484 540 Agnati
514 497 593 530 dicti
628 508 686 537 co,
727 498 819 540 qnod
849 497 1011 531 accedant
1044 509 1105 541 pro
1141 497 1240 537 natis,
1282 497 1362 529 dnm
1399 497 1518 529 desunt
1545 497 1603 528 lilii
1620 493 1650 529 ¹¹.

880 561 941 593 per
968 549 1067 581 virilis
1095 560 1189 581 sexus
1214 560 1390 592 personas,
1426 548 1527 581 veluti
1557 549 1658 580 frater
1686 548 1805 581 eodem
1833 553 1928 592 patre
1955 554 2061 591 natus,

646 613 683 633 ex
713 614 769 642 eo,
803 602 880 633 item
910 597 1080 645 patruns⁴³

270 650 302 683 2.
358 651 501 696 Cognati
526 652 622 692 dicti,
650 654 728 696 qnia
755 658 828 684 sunt
856 658 889 685 et
916 653 979 696 ipsi
1006 652 1259 697 propinquitate
1295 652 1503 697 cognationis
1542 651 1719 685 coniuncti.

105 556 242 594 gentem
270 555 496 591 agnoscuntur
512 545 550 589 ¹²,
578 549 655 591 qnia
684 546 853 582 weniunt¹³

106 604 157 634 vel
181 600 288 634 fratris
317 600 402 632 lilius
434 612 580 644 neposve
597 598 616 617 ¹¹

1057 187 1115 219 nisi
1151 189 1301 230 quotiens
1339 188 1453 221 delicit

1103 92 1248 126 LlBER
1276 94 1332 126 lx.
1986 94 2061 128 309

1503 187 1672 232 graduum
1714 199 1836 220 nomen
1847 184 1870 204 ³¹³
1880 212 1889 229 ,

1944 195 2059 233 utputa

1108 240 1264 284 trinepos.
1335 240 1400 272 Ubi
1440 240 1490 272 isti
1527 240 1652 283 gradus·
1695 239 1897 279 defecerint,
1940 242 2059 274 merito

1103 297 1179 335 post
1207 292 1325 336 patris,
1361 291 1430 331 avi,
1464 293 1600 335 proavi,
1628 291 1741 332 abavi,
1768 291 1854 324 atavi
1869 288 1906 333 ¹⁰,
1933 292 2058 324 tritavi-

880 429 952 461 De
994 430 1228 473 agnatis
1271 433 1318 461 ct
1365 430 1636 471 cognatis.

1712 497 1779 537 Qui
1807 496 1885 529 ideo
1912 498 2002 541 prius
2029 497 2060 530 in

1773 650 1840 690 Qui
1874 650 1953 683 inde
1985 656 2061 694 post

106 709 246 749 agnatos
274 701 456 746 habentur,
484 705 562 747 quia
593 716 656 748 per
683 704 851 738 foeminini
876 716 970 737 sexus
997 716 1155 748 personas
1183 705 1333 745 veniunt,
1367 716 1430 738 nec
1460 709 1534 737 sunt
1569 703 1702 748 agnati,
1730 701 1791 735 sed
1818 701 1897 734 alias
1921 702 2061 735 naturali

104 757 174 789 iure
202 755 347 799 cognati.

269 806 302 839 3.
358 807 549 847 Proximus,
578 812 718 852 propter
739 807 985 851 proximitatem
1014 807 1180 851 sanguinis
1210 807 1410 851 appellatus,

269 856 303 891 4.
357 858 605 903 Consanguinei
637 860 763 900 vocati,
799 870 839 891 eo
870 859 963 902 quod
988 871 1025 891 ex*
1063 870 1129 891 uno
1164 860 1344 903 sangnine,
1380 859 1415 892 id
1450 863 1498 891 est
1533 855 1635 891 nno⁴⁰
1668 856 1772 901 patris
1809 855 1933 888 semine
1969 856 2028 888 sati

239 909 325 942 Nam
356 922 469 943 semen
493 911 551 943 viri
578 923 697 955 spuma.
724 916 772 943 est
798 911 964 955 sanguinis
992 911 1036 942 ad
1048 907 1071 927 ⁴⁸
1098 911 1197 943 instar
1222 923 1327 954 aquae
1348 912 1380 943 in
1405 911 1551 955 scopulis
1562 907 1586 926 ⁴⁹
1614 910 1767 948 collisae,
1795 919 1881 950 quae
1908 918 2060 951 spumam

103 914 185 942 sunt.

2038 852 2061 872 U

104 960 283 994 candidam
313 962 410 1003 facit,
439 963 490 994 vel
518 963 600 995 sicut
628 963 737 995 vinum
765 963 915 1007 nigrum,
943 959 1072 1006 quod'ffl
1099 963 1131 994 in
1159 963 1263 996 calice
1291 963 1453 1007 agitatum
1480 973 1633 1007 spumam
1662 961 1831 994 albentem
1858 959 1979 992 reddit.

270 1010 305 1045 5.
360 1014 493 1046 Fratres
519 1014 616 1057 dicti,
645 1026 685 1047 eo
713 1015 806 1057 qnod
828 1016 890 1047 sint
901 1011 924 1030 5¹
953 1026 992 1046 ex
1021 1014 1141 1047 eodem
1170 1015 1299 1056 fructu,
1328 1015 1361 1047 id
1390 1020 1438 1047 est
1465 1027 1504 1047 ex
1533 1014 1653 1047 eodem
1680 1013 1804 1045 semine
1830 1010 1906 1045 nati.

268 1064 302 1096 6.
357 1066 517 1097 Germani
540 1078 618 1098 vero
645 1066 689 1099 de
717 1066 836 1099 eadem
864 1066 1026 1111 genitrice
1050 1072 1220 1098 manantes
1233 1063 1273 1107 ³²,
1302 1078 1384 1106 non,
1414 1072 1448 1099 ut
1475 1066 1569 1099 multi
1597 1066 1729 1107 dicunt,
1757 1063 1801 1095 de
1831 1062 1953 1096 eodem
1980 1072 2060 1105 ger-

103 1114 208 1153 mine,
236 1116 292 1157 (lui
316 1121 442 1150 tantum
466 1118 583 1150 fratres
611 1118 765 1152 dicuntur
776 1115 809 1150 ⁵³³.

102 1170 280 1200 manantes.

268 1218 302 1253 7.
356 1219 486 1252 Uterini
517 1221 625 1253 vocati
637 1216 671 1261 ⁵³,
699 1220 793 1264 quod
822 1221 885 1253 sint
907 1232 946 1253 ex
962 1220 1097 1253 diversis
1121 1221 1280 1264 patribus,
1309 1226 1341 1253 et
1364 1217 1464 1253 ι1ηο55
1492 1225 1587 1253 utero
1615 1218 1705 1252 editi.

102 1275 172 1302 tum
199 1271 344 1303 mulieris
367 1276 423 1304 est.

863 1119 960 1163 Ergo
989 1118 1105 1151 fratres
1133 1130 1172 1151 ex
1200 1118 1323 1151 eodem
1348 1119 1476 1162 fructu,
1505 1117 1659 1163 germani
1688 1127 1728 1149 ex
1757 1114 1875 1148 eadem
1899 1112 2060 1158 genitrice

1758 1217 1844 1250 Nam
1858 1220 1969 1248 uterus
1985 1219 2059 1247 tan-

268 1321 303 1354 8.
358 1322 512 1362 Quatuor
540 1326 649 1354 autem
678 1321 788 1353 modis
815 1321 846 1353 in
884 1322 1001 1354 divinis
1028 1322 1197 1365 scripturis
1225 1322 1341 1355 fratres
1368 1318 1496 1363 dictim,
1533 1326 1664 1359 natura,
1693 1323 1812 1364 gente,
1846 1317 2059 1362 cognatione,

105 1372 239 1405 ass‘vctu.

294 1374 437 1411 Natura,
479 1378 515 1405 ut
542 1373 631 1405 Esau
669 1378 701 1405 ct
728 1370 884 1414 iacob-³⁷,
922 1374 1075 1406 Andreas
1109 1379 1142 1405 et
1175 1374 1307 1416 Petrus,
1342 1374 1486 1407 lacobus
1499 1369 1524 1389 ⁵⁸
1561 1379 1592 1405 et
1626 1371 1800 1404 lohannes.

1863 1370 1973 1402 Gente
1982 1394 1991 1410 ,
2025 1373 2060 1400 ut

103 1435 217 1456 omnes
245 1424 361 1456 ludaei
392 1425 508 1457 fratres
536 1425 619 1456 inter
646 1436 679 1456 se
708 1430 868 1457 vocantur
895 1425 926 1456 in
938 1421 963 1441 ⁵⁰
990 1425 1253 1457 Deuteronomio
1265 1421 1305 1457 fi⁰:
1337 1425 1378 1457 Si
1413 1429 1530 1457 autem
1569 1423 1694 1457 emeris
1727 1422 1882 1466 fratrem
1917 1416 2059 1459 tuumffl,

102 1476 161 1519 qni
183 1479 232 1508 cst
259 1475 455 1508 Hebraeus.

509 1476 554 1508 Et
574 1472 810 1519 Apostolus-⁰²:
842 1475 1041 1520 Optabam,
1071 1476 1193 1519 inquit,
1219 1471 1321 1520 ego⁶³
1341 1476 1546 1508 Anathcmu
1575 1486 1648 1508 esse
1670 1485 1693 1506 α
1724 1473 1864 1506 Chris-to
1886 1483 1956 1516 pro
1967 1470 2058 1515 sra-

102 1526 215 1560 trilms
242 1528 344 1568 meis,
373 1527 432 1571 qui
457 1531 534 1559 sunt
563 1528 711 1571 cognati
737 1527 805 1560 mei
831 1527 1024 1559 secundum
1052 1538 1213 1567 curnem,
1241 1527 1300 1571 qui
1325 1531 1402 1560 sunl
1431 1527 1630 1559 Isravlitac.

267 1578 301 1612 9.
354 1579 461 1610 Porro
489 1579 691 1622 cognatione
714 1579 830 1611 fratres
856 1585 1034 1620 vocantur,
1073 1579 1129 1621 qui
1158 1582 1231 1611 sunt
1265 1579 1309 1611 de
1336 1591 1399 1611 una
1427 1579 1570 1619 familia,
1598 1577 1631 1609 id
1660 1581 1708 1609 est
1729 1575 1855 1620 patria,
1889 1585 1970 1617 quas
1987 1573 2055 1605 La—

101 1626 195 1661 ῑίῐιίω
221 1630 433 1673 paternitates
460 1636 582 1663 vocant
595 1627 635 1671 ⁶⁵,
663 1642 739 1663 cum
768 1642 807 1663 ex
832 1642 895 1662 una
922 1630 1035 1664 radice
1061 1632 1164 1663 multa
1191 1631 1322 1674 generis
1349 1631 1446 1663 turba
1474 1629 1688 1669 diffunditur,
1717 1632 1753 1661 ut
1778 1628 1811 1659 in
1831 1625 1954 1659 Genesi
1976 1624 2057 1657 dixit

101 1681 277 1714 Abraham
306 1682 349 1714 ad
378 1681 488 1715 Loth:
516 1681 597 1714 Non
624 1682 667 1715 sit
694 1683 776 1715 rimi
804 1683 894 1715 inter
920 1693 976 1715 me
999 1686 1029 1714 et
1058 1685 1091 1715 te
1118 1686 1148 1715 el
1177 1683 1267 1714 inter
1289 1686 1454 1727 pastores
1470 1685 1547 1714 tuos
1569 1685 1600 1714 ct
1620 1683 1785 1725 pastores
1807 1674 1946 1718 meos-¹⁴⁰,
1973 1676 2055 1721 quia

99 1732 237 1776 lintres
263 1745 381 1766 sumus
392 1730 425 1765 ⁶⁷.

98 1853 204 1880 prog„
235 1843 286 1871 sed
310 1848 337 1871 et
365 1853 421 1871 om.
452 1843 509 1873 Gu.
532 1846 558 1875 1.
586 1859 627 1866 —-
663 1843 709 1883 34)
735 1846 827 1882 quasi
857 1855 913 1875 om.
948 1855 994 1873 vn.
1019 1863 1057 1867 —-

103 1889 148 1917 35)
173 1885 220 1913 Sic
243 1886 300 1914 Gu.
325 1889 352 1917 1.
368 1901 410 1907 —-
431 1885 518 1922 Vulg.
542 1888 672 1923 inferius
695 1888 791 1925 longe.
814 1903 855 1908 —
877 1891 922 1919 36)
945 1889 1059 1915 atatim]

103 1933 129 1955 et
153 1929 206 1966 qui
228 1928 284 1957 Gu.
303 1929 329 1959 1.
347 1944 381 1948 —
400 1930 504 1964 atavi,
529 1931 580 1966 quil
603 1935 628 1957 et
653 1930 709 1958 Gu.
734 1932 763 1960 2.
781 1929 815 1958 al.
830 1947 868 1950 —
893 1934 938 1965 37)
964 1941 982 1957 τι
999 1940 1056 1968 pro

103 1970 141 1997 al)
165 1972 221 2000 Gu.
248 1973 273 2001 1.
300 1970 364 2009 (qui
388 1972 443 2007 qni
466 1981 521 2008 pro
548 1973 622 2009 quia
646 1971 782 2013 exhibet)
806 1976 833 2004 2.
859 1988 895 1994 -—
931 1972 977 2010 38)
1002 1975 1058 2010 qui

104 2013 160 2041 Gu.
187 2016 211 2043 1.
233 2030 274 2034 —
304 2013 352 2042 39)
377 2012 426 2040 Sic
447 2014 501 2041 Gu-
527 2016 553 2044 1.
578 2030 620 2036 —
649 2015 735 2053 Vulg.
764 2014 924 2054 graduum
954 2015 1056 2053 dqsicit

103 2065 217 2084 nomen.
247 2071 289 2077 —-
320 2054 365 2093 40)
390 2057 476 2083 atavi
499 2055 601 2084 addidi
630 2067 645 2085 e
671 2058 728 2087 Gu.
752 2062 778 2088 1.
804 2060 832 2088 2.
854 2068 899 2096 pr.
931 2075 968 2079 ——
1006 2056 1054 2098 41)

95 2099 179 2135 filiis
203 2098 257 2126 Gu.
277 2100 304 2129 1.
326 2113 367 2118 —-
390 2098 437 2134 42)
461 2109 596 2135 cognosc,
624 2109 670 2127 va.
698 2116 739 2122 -—-
769 2100 815 2137 43)
840 2102 977 2128 eveniunt
999 2103 1055 2130 (ju.

103 2143 132 2171 2.
155 2157 196 2161 —
219 2141 263 2176 44)
285 2140 334 2168 Sic
350 2140 398 2168 Ar.
417 2157 453 2161 —
480 2140 567 2178 Vulg.
589 2153 696 2179 nepos,
728 2143 775 2170 vel
795 2154 827 2170 ex
851 2155 881 2170 eo
905 2145 975 2171 item
998 2149 1053 2172 etc.

102 2199 145 2204 —
167 2182 212 2221 45)
223 2183 308 2221 Vulg.
329 2183 395 2211 add.
416 2186 648 2222 propinquitate
671 2187 878 2223 cognationis,
902 2197 977 2224 quae
996 2197 1053 2216 om.

103 2225 158 2253 Gu.
180 2229 205 2257 1.
230 2226 280 2254 Ar.
311 2241 353 2246 —-
382 2227 428 2260 46)
454 2226 542 2265 Vulg.
569 2238 599 2254 ex
624 2238 702 2263 Ilm),
731 2228 783 2256 sed
807 2240 840 2256 ex
862 2240 918 2256 om.
944 2230 1000 2256 Gn.
1029 2232 1055 2259 1.

104 2284 144 2289 —
166 2269 213 2305 47)
239 2269 286 2296 Sic
309 2267 365 2295 Gu.
392 2270 417 2298 1.
440 2284 480 2289 -—
508 2271 575 2297 nali
596 2269 678 2307 vulg.
700 2286 743 2291 —
772 2271 819 2311 48)
842 2278 934 2309 (itque
957 2274 1056 2299 imiim-

106 2310 142 2338 al.
167 2328 205 2332 —-
236 2310 284 2349 49)
308 2310 355 2338 Sic
385 2310 442 2341 Gn.
472 2314 497 2341 1.
518 2328 559 2332 —
598 2313 629 2339 in
660 2312 800 2350 scopulos
828 2315 907 2352 vulg.
938 2331 973 2335 —
1008 2316 1055 2350 50)

107 2353 190 2391 quod
210 2363 267 2382 om.
289 2363 336 2381 va.
362 2369 398 2374 —
422 2354 470 2389 51)
493 2360 565 2382 «sunt
590 2355 640 2384 Ar.
673 2372 707 2377 ——
738 2356 784 2391 52)
811 2356 959 2385 iza-scendo
983 2368 1054 2384 ma·-

479 1734 523 1766 Et
550 1738 640 1767 certe
666 1734 761 1767 Loth
789 1746 856 1767 non
883 1739 952 1767 erat
978 1734 1081 1767 frater
1104 1733 1284 1777 Abrahae,
1312 1734 1372 1767 sed
1400 1734 1487 1767 filius
1515 1733 1624 1766 fratris
1653 1732 1720 1765 eius
1747 1732 1847 1764 Arau.

1101 1850 1209 1872 nante-c
1231 1844 1268 1873 al.
1288 1855 1332 1883 pr.
1357 1854 1402 1873 va.
1428 1861 1470 1865 —
1492 1845 1537 1880 53)
1561 1843 1610 1872 Sic
1628 1843 1684 1871 Gu.
1704 1845 1730 1873 1.
1747 1856 1789 1864 —-
1803 1844 1952 1868 vocantur
1975 1838 2052 1875 vulg.

1100 1903 1141 1908 —
1163 1886 1209 1926 5⁴)
1234 1888 1314 1925 vulg.
1339 1898 1370 1915 eo
1396 1886 1480 1922 add.‚
1505 1886 1585 1924 quod
1605 1896 1660 1914 om.
1685 1885 1742 1912 Gu.
1762 1886 1789 1914 1.
1811 1899 1852 1904 —
1875 1881 1922 1920 55)
1945 1891 1978 1909 ex
1994 1891 2053 1908 ιιηο

1101 1936 1185 1957 utero
1208 1931 1245 1958 al.
1268 1947 1310 1952 —-
1342 1928 1388 1969 56)
1412 1929 1460 1957 sic
1484 1930 1541 1957 (ἆυ.
1559 1931 1585 1960 1.
1602 1931 1630 1960 2,
1654 1926 1743 1968 (dici)
1768 1942 1810 1948 —
1834 1925 1918 1962 Vulg.
1936 1925 2054 1960 fratre-5*

1099 1972 1245 2000 dicuntur
1267 1974 1299 2000 in
1321 1972 1382 2001 div.
1406 1974 1509 2010 script.
1542 1989 1579 1992 —
1612 1969 1660 2010 57)
1681 1971 1730 1999 Sic
1754 1970 1811 1997 Gu.
1835 1970 1860 1998 1.
1880 1969 1909 1997 2.
1933 1967 1985 1995 Ar.
2011 1981 2053 1988 -—

1099 2015 1228 2044 Iacobus
1250 2016 1332 2052 vulg.
1356 2031 1398 2036 —
1417 2017 1462 2052 58)
1483 2014 1571 2043 Jacob
1596 2014 1651 2044 Gu.
1672 2016 1701 2044 2.
1724 2029 1765 2034 —
1787 2010 1835 2046 59)
1860 2009 1947 2047 Vulg.
1970 2013 2005 2036 ut
2021 2009 2053 2035 in

1099 2060 1242 2094 Denter„
1265 2058 1316 2086 sed
1340 2063 1373 2085 ut
1397 2068 1456 2086 om.
1482 2059 1538 2085 Gn.
1557 2060 1582 2087 1.
1601 2060 1629 2088 2.
1655 2072 1692 2077 —
1724 2053 1772 2094 60)
1795 2063 1859 2092 cap.
1885 2055 1933 2089 15,
1956 2054 2050 2082 12.—

1099 2101 1146 2140 61)
1169 2107 1258 2129 tuum
1281 2111 1339 2130 om.
1355 2100 1406 2129 Ar.
1422 2116 1464 2121 -
1486 2100 1532 2139 62)
1549 2098 1586 2127 ad
1610 2100 1693 2128 Rom.
1716 2101 1752 2134 3,
1776 2099 1804 2127 9.
1830 2113 1864 2117 —
1891 2093 1941 2133 63)
1955 2094 2052 2131 Optn-

1098 2143 1167 2171 Imm
1191 2155 1262 2182 ego,
1286 2145 1387 2181 inquit
1409 2153 1457 2171 va.
1482 2158 1523 2163 —
1545 2142 1591 2178 64)
1616 2143 1728 2170 Latine
1744 2140 1780 2168 al.
1800 2155 1840 2161 —
1862 2138 1907 2172 65)
1926 2137 1975 2164 Sic
1994 2136 2048 2162 Gu-

1103 2188 1128 2216 1.
1142 2202 1183 2207 —
1206 2189 1445 2224 ialezpawtantzir
1466 2185 1547 2223 vulg.
1571 2201 1614 2207 —
1643 2186 1690 2219 66)
1715 2185 1793 2211 inter
1810 2186 1949 2220 pastores
1972 2186 2049 2204 meus

1100 2234 1125 2255 ft
1142 2235 1282 2267 pastores
1306 2235 1374 2256 [iios
1396 2229 1435 2256 al.
1457 2244 1494 2250 ·—
1524 2228 1651 2256 alterum
1682 2228 1760 2254 inter
1782 2235 1840 2254 om.
1864 2233 1909 2251 va·
1951 2220 2045 2246 LOCUS

1101 2275 1143 2299 est
1166 2272 1270 2302 Genes.
1298 2274 1353 2307 13,
1383 2273 1410 2302 8.
1433 2287 1475 2292 -
1506 2269 1553 2309 67)
1578 2271 1627 2298 Sic
1656 2270 1711 2297 Gu.
1736 2272 1762 2300 1.
1787 2268 1825 2296 al.
1855 2274 1900 2303 pr·
1924 2262 2046 2298 (omne-⁹

1100 2314 1218 2353 relinet)
1242 2325 1290 2344 va.
1315 2330 1352 2336 -
1381 2314 1469 2352 Vulg.
1493 2323 1592 2341 omnes
1605 2313 1726 2350 fratre-9
1749 2321 1803 2338 1108
1821 2313 1933 2336 sumu-5·
