2264 2830
687 96 924 133 INSTIT.
965 97 1147 133 GRAM.
1187 97 1386 134 LIBER
1425 98 1451 133 1.

95 188 205 225 tonitru,
221 199 322 225 cornu,
343 198 416 225 ossu,
439 188 556 228 ὕστεονς
579 194 662 225 etos,
687 189 757 220 ossis
779 195 806 220 ut
823 189 893 220 insi-a
913 190 1057 231 apparebit

94 231 167 263 inter
181 231 378 272 monosyllaba.
422 230 494 262 Pecu
515 238 542 263 et
557 233 656 273 pecus¹
675 231 799 273 pecoris,
816 233 882 264 sicut
897 234 968 275 apud
995 233 1056 264 Sal-

95 273 332 306 lustium²dvrniti
347 277 465 314 pecoris;
490 280 516 305 et
533 275 604 315 apud
624 275 786 315 Virgilium:

181 318 222 346 Et
244 329 322 347 sucus
339 321 428 357 pecori
446 322 469 346 et
488 319 531 347 lac
542 319 701 348 subducitur
723 322 802 356 agnis
815 318 846 353 ³;

95 364 126 391 et
142 357 225 390 alibi:

183 402 340 442 Pecorisque
359 405 495 441 magistro.

99 468 260 476 ..........
286 452 311 476 ιιι
330 444 440 476 Cicero.
485 446 552 476 Sunt
577 446 710 487 quaedam
731 446 847 488 pluralia
865 452 965 476 tantum
980 455 1055 475 mon·

96 493 192 528 optota
208 487 368 523 communia,
397 488 424 518 in
449 488 569 518 numeris
591 490 700 529 lposita,
718 490 788 519 velut
802 495 875 530 quot,
892 489 978 527 1014,]
1007 488 1055 518 ali-

97 536 172 570 quot,
190 536 334 571 quotqu0t;
349 530 419 560 haee
435 530 481 561 alii
499 542 615 571 posuere
636 533 706 562 inter
721 532 864 562 adverbia.
888 532 954 560 Sunt
970 541 1054 571 ‹piae-

97 572 170 608 dam,
188 583 258 613 quae
272 572 449 614 singulariter
464 584 518 603 non
541 574 589 603 in5
610 574 734 604 omnibus
756 575 864 604 casibus
878 573 989 609 cadunt,
1008 583 1054 602 ve-

97 624 158 645 rum
180 614 315 655 pluralem
333 639 428 646 ......
446 616 585 652 mittunt⁶‚
617 617 699 648 veluti
723 616 877 657 [frondem‚
905 615 1057 656 φυλλάδα,

97 662 127 687 et
145 656 254 696 fronde]
271 656 343 698 apud
358 657 524 697 Virgilium:

184 700 287 729 Fronde
307 711 385 739 snper
407 702 490 730 viridi
497 701 520 730 ⁷.

96 741 222 783 Frugem
237 748 263 772 et
285 742 365 781 fruge
385 744 505 783 potcstS,
538 744 606 774 vicis
623 744 723 782 [vicem
743 750 770 775 et
785 743 868 783 vice]
892 744 960 773 Sunt
974 752 1057 784 quae-

96 783 162 814 dam
176 796 246 824 quae
269 785 481 816 declinationem
500 796 553 816 non
569 787 709 817 admittunt
720 789 747 821 υ,
773 787 800 816 in
815 786 973 827 quibusdam
989 785 1056 814 casi-

96 825 185 857 bus¹⁰
202 828 315 866 [tantum
332 828 511 858 inveniuntur.
534 829 568 859 Et
584 830 706 860 (licuntur
725 829 853 863 ἅπτωτα,
866 834 891 858 nt
911 827 979 858 dicis
994 838 1057 856 cau·

98 879 146 905 sa,
176 868 223 900 hic
244 876 343 899 tantum
370 871 507 910 genitivus
532 878 589 902 est:
633 882 726 901 verum
744 871 842 911 plurali
858 881 972 900 numero
991 868 1058 899 ‹lufi-

97 911 193 951 ciunt]
239 913 377 952 Septimus
392 924 470 943 casus
486 919 527 943 est
542 919 649 955 sponte,
673 919 700 943 et
717 914 783 944 huic
799 913 959 952 declinaltio
975 912 1057 948 nulla,

96 1003 142 1030 Ita
165 1003 331 1030 scribendum
356 1013 371 1030 e
398 1004 464 1031 Cod.
492 1002 578 1038 ὄρὁς
606 1005 731 1032 exhibent
754 1005 824 1031 Edd.
854 1013 897 1040 pr.
923 1005 1002 1032 Fabr.
1030 1005 1061 1029 P.

100 1040 129 1070 1)
157 1038 241 1064 Pecus
265 1039 339 1065 deest
362 1039 388 1064 in
402 1040 454 1064 Ed.
467 1039 574 1065 Putsch.
687 1043 715 1073 2)
738 1040 845 1066 Sallust.
859 1040 890 1065 B.
904 1040 960 1073 Ing.
980 1049 1002 1065 c.
1017 1040 1060 1065 TS.

97 1072 151 1098 Pro
176 1082 220 1098 vv'.
250 1074 342 1099 domiti
365 1075 467 1107 pecoris
493 1075 545 1099 Ed.
571 1083 611 1108 pr.
637 1074 700 1100 nihil
727 1075 776 1100 nisi
802 1077 835 1100 cle
858 1075 979 1105 exhibet,
1015 1074 1061 1098 ad—

97 1108 188 1133 iuncta
200 1107 305 1138 lacuna;
331 1109 382 1135 Ed.
396 1110 478 1134 Fabr.
494 1109 525 1133 dc
543 1118 656 1142 pccuroe
681 1110 706 1134 in
721 1110 776 1135 cod.
796 1109 859 1143 quid
873 1110 962 1140 suerit,
976 1109 1061 1133 incer-

98 1145 171 1174 tum,
202 1151 258 1167 cum
282 1142 362 1168 Nieb.
389 1151 434 1168 vv.
459 1143 552 1168 domiti
579 1145 692 1178 prem-is.
732 1145 768 1170 Et
807 1144 880 1169 uncis
913 1144 1061 1175 incluserit,

98 1184 168 1209 quae
192 1177 289 1202 extrita
313 1177 395 1203 fuisse
408 1178 539 1205 videntur.
622 1180 652 1209 3)
672 1181 760 1204 sucus
772 1187 823 1204 una
847 1188 864 1204 ‹-
888 1178 976 1203 littera
994 1178 1061 1205 Cod.

99 1210 178 1244 Virg.
192 1212 353 1245 Ec1.11‘t‚6.
391 1212 460 1238 Tum
484 1222 532 1246 pro
551 1222 596 1239 vv.
620 1214 776 1246 pecorisque
797 1213 925 1246 magistri
949 1213 974 1238 in
995 1212 1062 1238 Cod.

100 1245 166 1271 nihil
190 1250 230 1272 est
254 1247 304 1272 nisi
326 1247 442 1280 pecoris,
468 1248 567 1281 reliqua
592 1248 699 1274 detrita.
736 1249 765 1273 ln
780 1248 831 1273 Ed.
845 1257 885 1281 pr.
902 1247 1011 1280 legitur:
1036 1251 1061 1272 ct

99 1280 175 1306 alibi.
209 1282 313 1314 pecoris
337 1291 417 1314 quam
445 1283 522 1307 laetis
541 1283 684 1307 abundans
705 1283 824 1314 (lacuna)
840 1287 867 1307 ut
885 1283 981 1313 (icero,
995 1290 1063 1315 quae

100 1315 208 1341 totidem
234 1316 329 1340 litteris
354 1316 423 1349 apud
448 1317 529 1343 Fabr.
553 1316 693 1349 leguntur⁷
729 1318 829 1350 pariter
852 1317 1000 1349 significata
1023 1316 1062 1342 la-

100 1358 177 1375 cuna.
221 1350 275 1375 Sed
300 1350 329 1376 P.
354 1350 437 1375 locum
459 1352 497 1376 sic
517 1351 703 1384 interpolavit:
738 1352 774 1376 Et
804 1351 880 1376 alibi.-
905 1352 1063 1383 pecorisque

101 1384 238 1417 magistri.
283 1384 328 1416 Et,
358 1385 476 1417 Pecort's,
498 1394 579 1417 quum
604 1387 681 1410 lactis
704 1387 855 1411 abundans.
898 1387 955 1410 Iloc
976 1388 1062 1419 Algu,

99 1415 140 1443 τὸ
168 1418 281 1450 κρύος
303 1423 328 1444 ct
352 1420 441 1452 Algor
467 1421 586 1453 algoris,
621 1425 650 1445 ut
679 1421 778 1447 (hero.
826 1421 880 1445 Ista
902 1430 980 1446 vero:
1016 1421 1062 1454 Et,

103 1452 207 1478 Pecoris
232 1462 313 1485 quam
324 1469 358 1472 —
370 1455 475 1487 algoris
488 1460 514 1479 et
533 1455 687 1480 intermedia
705 1456 862 1489 Interpolata
878 1464 950 1488 esse,
967 1464 981 1480 e
995 1455 1064 1481 Cod.

100 1488 230 1513 indicavit
253 1489 333 1514 Nieb.
367 1488 423 1514 Nos
447 1489 563 1514 lacunam
586 1489 799 1522 significavimus.
823 1490 896 1515 Alter
915 1490 988 1515 locus
1001 1490 1062 1515 Vir-

100 1522 159 1556 gilii
179 1527 220 1548 est
246 1522 415 1556 Eclog.111‚
441 1526 500 1550 101.
524 1525 568 1550 ubi
592 1525 738 1559 magistro,
772 1525 842 1558 quod
870 1525 1063 1558 rescripsimus.

100 1558 218 1584 Affertur
240 1557 309 1582 inter
334 1557 470 1583 Ciceronis
488 1560 648 1591 Fragmenta
668 1560 769 1585 incerta
794 1568 826 1585 ex
854 1559 978 1585 hocloco
1006 1560 1063 1584 1100

100 1592 187 1625 Algu,
213 1596 238 1617 et
258 1593 347 1624 Algor
368 1593 482 1626 algoris.
502 1594 563 1624 (Cf.
581 1593 664 1619 Orell.
678 1596 783 1628 Fragm.
801 1594 837 1619 in.
855 1596 896 1620 16.
910 1604 971 1628 pag.
987 1595 1063 1627 583.)

100 1626 172 1660 quod
196 1625 272 1660 plane
291 1627 378 1652 fictum
402 1632 451 1655 est.
565 1628 593 1661 4)
619 1629 692 1654 Haec
713 1638 780 1663 quae
801 1629 874 1654 uncis
902 1629 1062 1662 inclusimus,

100 1660 130 1687 in
143 1661 210 1688 eod.
235 1661 332 1686 extrita
355 1666 430 1693 sunt3
461 1662 487 1687 in
514 1662 567 1688 Ed.
594 1672 634 1698 pr.
658 1664 730 1689 locus
753 1664 791 1689 sic
813 1663 924 1696 legitur:
947 1673 1062 1689 commu-

101 1695 150 1722 nia
162 1696 294 1729 (sequitur
306 1696 410 1729 lacuna)
425 1697 543 1730 aliqu0t‚·
557 1702 635 1732 atque
648 1698 685 1724 ita
699 1698 774 1723 etiam
784 1698 866 1723 Fabr.
880 1698 929 1724 nisi
937 1699 1007 1732 quod
1017 1707 1061 1726 vv.

101 1734 178 1764 quot,
198 1735 238 1756 tot
259 1730 367 1756 lacunae
389 1731 448 1757 loco
472 1733 639 1767 interposuit.
676 1733 728 1761 Vv.
748 1734 775 1758 in
788 1733 905 1758 numeris
927 1734 953 1759 iu
971 1733 1063 1759 codice

102 1765 173 1790 ctare
199 1765 284 1790 adhuc
307 1765 374 1799 legi,
410 1775 442 1791 ex
465 1766 545 1794 Nieb.
581 1768 750 1793 adnotatione
785 1773 868 1801 patet.
974 1769 1004 1799 5)
1031 1769 1062 1792 In

102 1808 194 1833 praep.
219 1799 306 1824 omisit
330 1800 359 1824 P.
453 1802 481 1829 6)
509 1802 648 1828 Pluratcm
661 1811 802 1827 numvrum
821 1802 969 1828 admittunt
991 1803 1062 1828 Edd.

122 1842 144 1859 r.
157 1834 240 1859 Fabr.
268 1834 406 1859 Pluralcm
420 1835 623 1862 declinationem
635 1838 782 1862 admittunt
794 1838 825 1863 P.
839 1838 931 1862 Codex
943 1837 1061 1863 lacunam

102 1843 191 1904 iiabet,
215 1876 290 1901 quarn
308 1869 522 1902 significavimus.
559 1872 649 1897 Paullo
674 1876 733 1906 post
748 1881 792 1897 vv.
812 1873 949 1905 frondem,
974 1873 1059 1904 φυλ-

102 1901 195 1928 λάδα
218 1907 242 1928 et
272 1904 373 1936 fronde
395 1904 423 1929 in
436 1904 505 1930 Edd.
522 1915 562 1939 pr.
583 1907 664 1932 Fabr.
691 1907 767 1940 plane
787 1907 890 1939 desunt,
916 1915 948 1931 ne
968 1906 1061 1932 lacuna

103 1937 207 1970 quidem
232 1937 388 1970 significata.
413 1938 490 1964 Nieb.
515 1940 588 1966 uncis
612 1942 731 1975 inclusit,
750 1942 818 1966 unde
842 1941 1009 1974 conficimus,
1033 1941 1061 1966 in

102 1971 170 1997 Cod.
193 1972 291 1997 extrita
314 1981 382 1998 esse.
417 1973 506 1999 Habet
527 1975 559 2001 P.
680 1978 709 2005 7)
744 1976 817 2009 Virg.
846 1976 940 2008 Eclog.
962 1976 993 2007 1,
1017 1976 1060 2001 81.

102 2005 132 2038 8)
158 2006 279 2039 Frugem
304 2011 328 2033 ct
342 2010 431 2040 fruge
452 2012 549 2041 potest.
584 2010 624 2036 Ita
647 2011 673 2036 in
692 2010 757 2037 Cod.
779 2020 846 2043 esse,
867 2020 900 2036 ex
919 2010 1061 2035 Niebuhrii

102 2040 187 2074 signis
209 2046 335 2075 apparet,
358 2042 403 2075 qni
428 2043 571 2075 proximum
594 2054 619 2071 v.
643 2046 706 2071 vicis
725 2046 827 2079 punctis
851 2044 994 2079 suppositis
1011 2053 1058 2069 no-

102 2075 180 2107 tavit,
205 2076 274 2109 quod
299 2076 401 2109 signnm
425 2086 482 2102 esse
504 2078 591 2111 credo,
614 2080 667 2113 legi
691 2080 816 2114 potuisse,
839 2081 885 2105 sed
910 2088 961 2104 non
976 2079 1061 2110 clare;

103 2110 205 2143 reliqua
228 2115 341 2146 autem:-
364 2111 442 2136 vicem
463 2116 487 2136 ct
512 2113 566 2137 vice
584 2113 650 2139 idem
676 2115 748 2140 uncis
772 2115 892 2147 inclusit,
919 2114 988 2147 quod
1013 2122 1060 2139 nos

104 2152 208 2177 quoque
221 2144 339 2170 fecimus.
376 2146 430 2171 Sed
444 2145 515 2171 Edd.
529 2155 569 2179 pr.
582 2148 661 2174 Fabr.
676 2149 757 2174 locum
778 2149 816 2174 sic
834 2150 960 2174 reddunt:
987 2148 1059 2172 Fru-

105 2186 168 2211 gem
186 2181 211 2203 ct
230 2180 320 2212 fruge
344 2184 489 2213 potestates
513 2181 640 2212 (lacunae
663 2184 782 2216 signum)
817 2186 887 2209 Sunt
916 2184 1058 2215 quaedam.

104 2212 246 2246 Dedimus,
282 2222 348 2246 quae
373 2215 453 2240 habet
487 2215 517 2240 P·
623 2219 651 2247 9)
686 2219 723 2243 Et
742 2219 901 2253 interposuit
937 2218 962 2242 li.
986 2218 1003 2242 l.
1028 2218 1059 2242 P.

106 2248 154 2280 10)
174 2247 239 2286 Post
261 2256 287 2272 V.
313 2249 418 2274 casibus
441 2249 549 2274 lacunae
573 2250 673 2284 signum
697 2253 723 2278 in
746 2253 799 2280 Ed.
825 2262 864 2287 pr.
889 2261 965 2286 quam
989 2252 1060 2277 lacu-

108 2290 166 2307 nam
190 2290 230 2306 sm
246 2281 362 2315 explevit
384 2284 472 2309 Fabr.:
495 2293 585 2309 verum
597 2287 702 2318 plurali
724 2295 834 2312 numero
858 2288 994 2320 deficiunt.
1030 2286 1062 2310 In

106 2315 139 2342 P.
159 2315 198 2341 sic
223 2325 373 2356 eupressum
398 2323 454 2343 est:
488 2319 592 2344 casibus
617 2324 723 2345 tantum
745 2322 929 2348 inueniuntur.
971 2324 997 2346 et
1023 2321 1061 2345 di-

106 2354 209 2376 cuntur
231 2348 392 2385 α’πτωτα,
417 2356 446 2378 ut
466 2354 531 2378 (licis
548 2363 640 2387 causa,
665 2356 706 2380 liic
724 2360 830 2382 tantum
853 2356 990 2390 genitivus
1009 2360 1063 2381 est.-

108 2393 200 2411 verum
230 2386 336 2419 plurali
364 2395 474 2413 numero
498 2388 636 2421 deficiunt.
671 2391 805 2424 Septimus
828 2397 879 2418 cet.
917 2392 992 2422 Quae
1015 2399 1063 2417 nos

1995 102 2042 136 19

1092 196 1204 232 praeter
1219 190 1366 221 ablativum
1393 191 1455 231 opis
1481 195 1508 221 et
1531 190 1610 230 vicis]
1629 190 1689 220 et¹¹
1718 196 1838 229 caetera,
1870 198 1896 223 ut
1912 203 2003 234 opem,
2020 202 2046 226 ut

1091 235 1124 264 sit
1141 233 1270 264 auxilium
1287 240 1313 264 et
1338 234 1442 264 vicem:
1467 235 1533 273 {ope
1549 240 1576 264 et
1591 233 1669 263 vice:
1686 244 1747 263 nam
1764 233 1833 265 haec
1855 238 2048 268 nominativum

1091 288 1146 307 non
1168 276 1292 315 habent}
1323 278 1389 307 Sunt
1417 276 1566 317 quaedam,
1592 287 1662 317 quae
1685 277 1862 317 singulariter
1884 291 1941 309 cum
1963 280 2047 311 decli-

1090 326 1196 355 nantur,
1231 320 1258 349 in
1283 318 1444 360 plnlralibus
1462 325 1561 349 mutant
1584 330 1699 361 genera,
1723 318 1806 350 (eluti
1832 323 1974 359 anomia,
2003 323 2049 353 hic

1090 362 1166 392 locus
1178 362 1227 400 ¹²,l
1245 361 1388 401 pluraliter
1404 362 1475 392 hace
1494 361 1568 396 loca,
1588 368 1614 391 et
1631 361 1657 391 lii
1674 362 1736 398 loci,
1754 362 1799 393 liic
1815 365 1961 404 pomarius,
1978 365 2047 406 pllu-

1092 404 1189 434 raliter
1206 403 1276 433 haec
1292 405 1424 444 pomaria,
1449 404 1502 434 lioc
1518 404 1633 437 frenum,
1651 403 1720 434 llaec
1737 404 1815 435 frena
1831 406 1897 437 ethi
1915 407 1985 438 freni
2000 408 2048 447 ¹³‚]

1091 446 1137 476 hic
1153 447 1237 481 iocus,
1252 445 1322 475 haec
1339 447 1400 476 ioca
1415 453 1442 476 et
1465 446 1491 476 lii
1508 447 1571 482 ioci,
1601 446 1645 476 liic
1662 458 1758 487 porrus
1775 455 1800 478 et
1819 448 1848 478 hi
1867 450 1954 490 porri.
1994 450 2048 481 Nu-

1091 488 1159 519 meri
1173 499 1226 517 non
1242 488 1414 519 declinantur
1437 495 1549 529 praeter
1565 500 1642 519 unum
1659 496 1685 519 ct
1702 489 1766 527 {duo
1786 496 1811 520 et
1829 497 1894 522 trost.
1921 493 1965 522 Ex
1987 503 2050 532 qua-

1089 537 1150 561 tuor
1165 540 1250 571 usque
1266 531 1300 559 ad
1316 538 1420 562 centum
1440 531 1648 561 indeclinabiles
1664 538 1737 562 sunt:
1756 543 1773 562 a
1788 534 1939 564 centesimo
1954 535 2050 565 iterum

1089 573 1258 604 declinantur
1270 573 1320 611 Μ]

1255 615 1268 655 ΙΙ
1290 615 1433 646 Elementa
1447 615 1594 646 litterarum
1607 616 1801 647 indeclinabila
1817 623 1884 648 sunt.

1156 658 1185 689 3.
1232 656 1397 698 Inprimis¹⁵
1421 665 1579 699 monoptota
1603 658 1826 700 lispocorismata
1861 661 1927 698 {non
1950 661 2052 702 recipi-

1093 706 1152 730 unt:
1190 710 1242 730 nee
1267 711 1336 739 qnae
1358 707 1452 731 neutra
1473 701 1650 741 singulariter
1670 709 1727 732 sunt
1741 702 1778 741 ¹⁶]
1795 702 1939 733 elementa.
1985 703 2053 734 ltem

1093 742 1240 777 fluminum,
1256 743 1440 783 montiumque
1460 744 1589 781 momina,
1607 751 1632 773 et
1650 744 1763 775 urbium.
1793 745 1859 775 ltem
1875 745 1989 786 propria
2006 746 2052 777 de-

1092 795 1170 814 orum
1185 785 1344 824 nomina¹⁷j
1363 785 1563 826 hominumque.
1598 786 1662 815 ltem
1685 787 1744 816 dies
1770 787 1830 817 sesti
1855 795 1882 818 et
1902 788 2053 819 litterarum

1094 827 1253 866 el[ementa.
1280 827 1345 857 ltem
1362 828 1523 866 numm-iffi]
1558 828 1786 869 ll‘vpocorismata
1809 840 1919 870 semper
1941 831 2053 869 generi-

1093 869 1143 900 bus
1165 869 1220 899 suis
1236 870 1320 908 undle
1346 871 1469 901 oriuntur
1491 876 1649 905 consonant,
1672 882 1759 910 pauca
1783 871 1937 902 dissonant:
1953 867 1957 871 ί
1971 873 2054 904 veluti

1095 913 1201 953 unguiS‚
1218 912 1372 953 unguiculo,
1395 912 1465 943 haec
1480 923 1548 943 rana
1559 913 1607 952 ¹⁹‚]
1629 912 1675 942 hic
1689 914 1860 949 ranunculus,
1885 913 1931 944 hic
1947 917 2053 957 unguis,

1096 1005 1168 1030 uncis
1194 1003 1359 1038 inclusimus,
1395 1005 1555 1039 interpolata
1584 1014 1642 1030 esse
1665 1005 1691 1030 in
1720 1013 1800 1038 marg.
1826 1005 1954 1032 indicavit
1975 1006 2055 1034 Nieb.

1098 1042 1142 1071 11)
1178 1043 1223 1065 Et
1247 1044 1353 1065 caetera
1378 1040 1445 1065 cod.
1470 1040 1522 1066 Ed.
1550 1048 1590 1072 pr.
1611 1042 1648 1065 m
1674 1044 1742 1064 cael.
1772 1041 1852 1065 Fabr.
1877 1041 1909 1068 P.
1948 1041 2056 1067 Omnem

1096 1074 1180 1099 locum
1202 1074 1240 1099 sic
1259 1074 1368 1100 exhibet
1391 1074 1442 1100 Ed.
1466 1084 1507 1108 pr.
1530 1075 1568 1100 El
1591 1075 1654 1100 huic
1677 1075 1819 1099 declinatio
1836 1077 1925 1109 nulla,
1948 1081 2057 1109 practer

1097 1110 1244 1135 ablativum
1269 1114 1293 1134 et
1321 1113 1437 1135 caetera.
1466 1113 1496 1134 ut
1522 1118 1610 1142 opem,
1633 1113 1663 1134 ul
1687 1110 1719 1135 sit
1744 1110 1893 1144 auxilium,
1919 1115 1943 1136 ct
1969 1112 2059 1144 vicem,

1096 1152 1160 1168 nam
1183 1144 1248 1170 llaec
1272 1145 1465 1169 nominativum
1484 1152 1540 1169 non
1563 1145 1671 1169 liabent.
1709 1146 1778 1169 Sunt
1806 1150 1868 1170 cett.
1905 1146 1982 1175 Quae
2005 1147 2059 1172 Fa·

1097 1179 1170 1204 brius
1192 1179 1231 1205 sic
1256 1179 1373 1205 correxit
1393 1180 1419 1204 in
1446 1182 1512 1205 nott.
1527 1187 1597 1211 mss.⁷
1626 1187 1702 1212 quam
1727 1179 1931 1205 emendationem
1956 1180 1983 1205 in
2004 1181 2060 1206 edi-

1095 1213 1194 1239 tionem
1219 1214 1337 1247 recepit:
1373 1214 1436 1239 huic
1460 1214 1602 1239 declinatio
1630 1214 1725 1245 nulla,
1758 1218 1869 1247 praeter
1900 1215 2057 1241 ablativum.

1100 1248 1164 1280 Opis
1187 1253 1211 1274 ct
1235 1249 1313 1281 vicis,
1347 1252 1379 1274 ut
1399 1252 1521 1280 caetera,
1555 1256 1628 1282 opem
1650 1253 1680 1273 ut
1705 1249 1738 1274 sit
1763 1249 1898 1274 auxilium
1921 1253 1945 1274 ct
1969 1249 2058 1284 vicem,

1097 1291 1146 1316 ope
1166 1287 1191 1308 ct
1216 1284 1284 1308 vice.-
1307 1292 1371 1308 nam
1397 1284 1462 1308 haec
1484 1292 1555 1310 nom.
1591 1291 1619 1308 n.
1645 1282 1752 1307 halma.
1790 1286 1860 1309 Sum
1887 1289 1949 1309 cett.
1986 1284 2059 1311 Haec

1097 1317 1183 1342 omnia
1206 1318 1315 1343 retinuit
1340 1319 1388 1348 P.;
1421 1324 1499 1350 atque
1526 1318 1633 1351 insuper
1657 1318 1759 1342 addidit
1782 1319 1843 1343 item
1865 1319 2057 1351 accusativum,

1096 1356 1158 1377 ante
1181 1361 1228 1380 vv.
1253 1357 1284 1378 ut
1304 1361 1394 1386 opcrn;
1431 1360 1498 1385 quae
1523 1352 1598 1385 plane
1623 1352 1715 1377 absunt
1740 1361 1755 1377 a
1779 1353 1846 1378 cod.
1872 1358 1898 1379 et
1922 1353 1991 1380 Edd.
2017 1362 2057 1387 pr.

1096 1387 1180 1412 Fabr.
1211 1396 1294 1421 quare
1320 1387 1472 1413 delevimus.
1508 1387 1620 1420 Reliqua
1644 1387 1717 1411 uncis
1751 1387 1900 1413 inclusimus
1918 1388 2059 1414 secundum

1096 1421 1188 1453 Nieb.,
1209 1431 1260 1447 non
1281 1422 1350 1456 quod
1373 1431 1426 1448 non
1449 1421 1598 1455 legerentur
1623 1421 1648 1446 in
1673 1422 1740 1453 cod.,
1764 1422 1809 1447 sed
1823 1428 1850 1448 ut
1866 1422 1986 1456 suppleta
1999 1431 2058 1449 esse

1098 1456 1317 1490 intelligerentur.
1424 1457 1468 1488 12)
1494 1457 1523 1480 In
1546 1456 1703 1489 pluralibus
1727 1461 1833 1482 mutant
1855 1466 1967 1489 gencra-
1993 1457 2060 1483 Plu<

1099 1492 1194 1516 raliter
1230 1492 1282 1517 Ed.
1306 1500 1347 1524 pr.
1383 1491 1433 1516 His
1455 1491 1613 1524 interposuit
1638 1491 1716 1516 Fabr.
1747 1500 1792 1517 vv.
1818 1492 1860 1516 liic
1885 1493 1967 1518 lucus.
2005 1491 2059 1519 Vv.

1097 1526 1182 1551 vetuti
1206 1528 1332 1552 anomala
1353 1526 1443 1551 addita
1466 1526 1492 1550 in
1504 1525 1534 1551 P.
1555 1526 1646 1556 ‘Quae
1669 1525 1695 1550 in
1719 1526 1808 1551 codice
1832 1528 1951 1559 obscura,
1977 1526 2057 1554 Nieb.

1098 1565 1241 1593 praeeunte
1261 1561 1334 1586 uncis
1358 1561 1521 1586 inclusimus.
1628 1561 1672 1591 13)
1704 1561 1854 1586 Pluruliter
1877 1562 1942 1586 haec
1965 1569 2060 1594 pamas

1097 1595 1150 1622 ria.
1177 1596 1226 1621 Ιιοσ
1244 1598 1386 1629 fraenum.
1411 1596 1452 1620 liic
1477 1595 1550 1621 incus
1569 1595 1635 1620 liacc
1656 1595 1723 1621 ioca.
1751 1600 1775 1621 ct
1799 1596 1826 1620 lii
1841 1596 1899 1623 ioci.
1925 1597 1974 1621 hoc
1994 1604 2060 1629 pm·-

1096 1639 1159 1655 rum
1182 1635 1207 1656 el
1232 1631 1259 1656 hi
1284 1631 1367 1664 porri.
1406 1631 1452 1655 Sic
1474 1630 1527 1655 Ed.
1554 1638 1593 1664 pr.
1631 1629 1806 1663 Reliquimus‚
1837 1631 1950 1663 quaein
1974 1631 2058 1657 Fabr.

1096 1669 1123 1690 et
1147 1665 1178 1691 P.
1204 1665 1333 1699 leguntur,
1360 1665 1467 1690 inclusis
1491 1665 1540 1697 his,
1560 1674 1628 1698 quae
1647 1665 1725 1690 Nieb.
1751 1665 1823 1689 uncis
1848 1665 1964 1690 inclusit.
1989 1665 2056 1691 Tum

1097 1700 1140 1724 liic
1162 1709 1262 1733 porrus
1287 1700 1353 1725 Cod.
1377 1700 1425 1725 hoc
1443 1708 1554 1733 porrum
1580 1699 1649 1724 Edd.
1666 1707 1705 1733 pr.
1719 1700 1800 1724 Fabr.
1814 1700 1846 1724 P.
1954 1699 1998 1730 14)
2012 1700 2058 1725 Ex

1098 1739 1217 1767 quatuor
1242 1742 1327 1768 usque
1352 1735 1388 1759 at!
1415 1739 1520 1760 centum
1556 1743 1573 1758 a
1603 1734 1757 1759 centesimo.-
1775 1747 1807 1752 —
1834 1734 1977 1759 Elementa
1996 1739 2058 1761 cett.

1097 1769 1144 1794 Sic
1167 1769 1220 1795 Ed.
1245 1779 1285 1804 pr.
1310 1777 1377 1803 quae
1400 1770 1513 1795 fortasse
1542 1773 1604 1794 tunc
1625 1769 1781 1801 legebantur
1805 1768 1831 1793 in
1858 1769 1922 1794 cod.
1959 1769 2007 1794 Ex
2032 1777 2057 1802 q.

1095 1812 1182 1836 usque
1206 1804 1241 1829 ad
1266 1814 1288 1830 c.
1313 1813 1330 1829 α
1351 1805 1490 1829 centesimo
1516 1804 1699 1830 declinantur,
1735 1804 1878 1828 Elementa
1908 1808 1970 1830 cett.
2004 1804 2057 1830 Ed.

1096 1839 1176 1864 Fabr.
1212 1838 1374 1872 Reliquimus
1398 1838 1533 1864 lectionem
1549 1837 1683 1870 Putschii‚
1707 1838 1754 1863 sed
1783 1838 1888 1863 inclusis
1908 1839 1959 1871 iis,
1990 1847 2057 1872 quae

1095 1872 1174 1898 hodie
1197 1873 1224 1898 in
1251 1873 1317 1899 Cod.
1341 1873 1438 1899 extrita
1460 1877 1529 1898 sunt.
1620 1872 1664 1904 15)
1689 1872 1829 1906 Inscriptio
1852 1872 1914 1897 huic
1937 1881 2055 1905 segmen-

1095 1912 1122 1933 to
1146 1908 1291 1941 praemissa
1313 1908 1339 1932 in
1353 1907 1405 1933 Ed.
1432 1917 1473 1941 pr.
1500 1912 1557 1932 est:
1586 1906 1704 1932 Nomina
1717 1907 1954 1940 llypocorysmata.
1972 1908 2054 1934 Fabr.

1095 1947 1122 1967 et
1141 1942 1171 1969 P.
1199 1942 1316 1968 Nomina
1330 1951 1400 1975 quae
1411 1941 1634 1976 Hypocorismala
1650 1950 1703 1966 non
1717 1942 1859 1975 recipiunt,
1884 1951 1950 1976 quae
1968 1942 2055 1967 omnia

1094 1976 1249 2009 ignorantur
1272 1986 1287 2002 a
1312 1977 1378 2002 Cod.
1485 1978 1529 2007 16)
1555 1976 1631 2006 Quae
1657 1976 1729 2002 uncis
1752 1977 1914 2009 inclusimus⁷
1938 1981 1999 2002 sunt
2022 1985 2053 2002 ea

1095 2011 1200 2044 quidem
1224 2011 1251 2036 in
1275 2011 1345 2036 Edd.
1372 2011 1417 2037 sed
1439 2011 1465 2036 in
1489 2011 1555 2036 Cod.
1580 2010 1686 2036 extrita.
1793 2013 1838 2043 17)
1864 2011 2054 2043 Manliumque

1094 2046 1202 2070 nomina
1221 2050 1245 2071 ct
1269 2047 1376 2071 urbium
1398 2046 1516 2079 (lacuna)
1541 2046 1605 2071 Item
1629 2045 1817 2078 hominumque
1840 2046 1893 2071 Ed.
1920 2056 1962 2080 pr.
1998 2046 2052 2071 Ea-

1095 2080 1152 2105 dem
1176 2080 1281 2105 exhibet
1306 2081 1387 2105 Fabr.
1423 2081 1474 2105 nisi
1494 2081 1562 2114 quod
1598 2081 1707 2105 deorum
1733 2081 1921 2113 hominumque
1956 2080 2052 2106 omissa

1094 2114 1197 2140 lacuna.
1234 2115 1405 2148 Reliquimus‚
1430 2124 1496 2148 quae
1519 2115 1591 2140 dedit
1613 2115 1644 2141 P.
1661 2116 1707 2140 sed
1732 2115 1839 2140 inclusis
1857 2116 1906 2148 his,
1933 2123 1999 2147 quae
2023 2113 2050 2138 in

1095 2149 1162 2174 Cod.
1186 2149 1238 2182 legi
1268 2158 1319 2174 non
1341 2154 1460 2183 possunt.
1572 2150 1619 2182 18)
1650 2150 1801 2176 Elementa.
1838 2150 1902 2175 Item
1937 2147 2051 2173 numeri.

1096 2183 1141 2208 Sic
1164 2184 1217 2210 Ed.
1243 2192 1282 2217 pr.
1305 2184 1337 2211 P.
1376 2183 1459 2214 Quam
1481 2184 1618 2210 lectionem
1638 2184 1755 2217 explevit
1778 2185 1858 2209 Fabr.
1898 2183 2050 2208 Elementa.

1096 2218 1161 2243 Item
1185 2219 1298 2243 numeri.
1338 2218 1538 2244 DIeminerimus
1555 2220 1628 2252 quod
1650 2219 1861 2252 hypocorismata
1872 2226 1925 2241 non
1950 2224 2051 2249 semper

1096 2258 1159 2278 cett.
1194 2253 1251 2278 Nos
1264 2261 1320 2278 cum
1339 2253 1418 2279 Nieb.
1442 2254 1515 2279 uncis
1534 2254 1695 2287 inclusimus,
1716 2262 1783 2286 quae
1797 2251 1901 2276 nuncin
1920 2250 1985 2275 Cod.
1998 2250 2050 2284 legi

1096 2295 1148 2312 non
1169 2292 1288 2320 possunt.
1395 2289 1439 2321 19)
1461 2288 1537 2313 Unde
1561 2289 1688 2313 oriuntur
1701 2285 1898 2312 consonantlzic
1911 2293 2052 2310 ranuncu-

1096 2322 1140 2347 lus
1157 2322 1211 2347 Ed.
1229 2331 1270 2356 pr.
1287 2322 1362 2348 Unde
1374 2323 1502 2349 oriuntur
1515 2326 1672 2348 consonant.
1692 2323 1757 2346 haec
1768 2327 1837 2344 rana
1855 2319 1897 2343 hic
1910 2328 2051 2345 ranuncu-

1098 2357 1142 2381 lus
1165 2357 1248 2382 Fabr.
1282 2357 1422 2389 Dedimus,
1447 2367 1516 2392 quae
1539 2358 1626 2392 posuit
1643 2356 1673 2382 P.
1703 2354 1749 2380 sed
1778 2352 1902 2387 inclusis,
1926 2362 1995 2389 quae
2017 2362 2051 2380 ex

1096 2391 1246 2418 coniectura
1269 2392 1389 2427 suppleta
1412 2399 1482 2426 sunt,
1507 2401 1574 2426 quae
1591 2392 1618 2416 in
1638 2388 1704 2415 Cod.
1725 2388 1831 2414 extrita.

1609 2426 1674 2461 02

2063 622 2127 661 [24]
