2203 2829
202 96 278 131 290
895 96 1074 133 ISIDORI
1099 96 1280 132 HISPAL.
1307 97 1451 135 EPISC.

369 187 429 224 75.
485 189 716 234 Myrmidones
744 190 877 223 suerunt
911 189 1073 225 Achillis¹
1108 190 1229 227 socii²:
1261 191 1416 237 Dolopes
1449 193 1578 237 Pyrrhi.

202 247 344 288 propter
372 241 543 283 astutiam,
571 241 662 284 quasi
688 238 890 289 μύρμηκες,
927 243 962 275 id
993 249 1039 276 est
1067 244 1236 279 formicae.

200 290 444 339 Myrmidone⁶
466 294 552 325 duce
575 291 663 325 lovis
690 298 723 325 et
750 292 1026 338 Eurymedusae⁷
1048 296 1128 329 filio.

365 344 425 379 76.
479 341 648 388 cecropifl
681 344 936 379 Atheniensium
971 346 1044 392 regi
1078 347 1234 381 successit
1259 342 1449 390 cranaus⁹‚
1485 348 1574 381 cuius
1587 344 1610 364 ¹⁰
1643 348 1714 381 filia
1739 348 1851 382 Atthis
1885 357 2006 384 nomen
2035 358 2067 385 et
2094 364 2147 386 re-

199 398 293 442 gioni
322 402 354 429 et
380 395 471 440 genti
499 395 602 430 dedit.
656 397 701 429 Et
728 406 767 430 ex
791 408 829 430 ea
857 399 958 431 Attici
986 399 1229 444 cognominati,
1257 399 1313 442 qui
1340 403 1413 430 sunt
1439 399 1667 433 Athenienses.

365 446 423 480 77.
478 447 537 478 lon
565 448 613 479 vir
640 448 732 482 fortis
757 460 795 481 ex
823 459 883 482 suo
912 452 1046 484 nomine
1073 452 1209 484 eosdem
1237 451 1454 484 Athenienses
1482 451 1611 485 vocavit
1638 452 1744 484 Iones.

365 497 424 530 78.
479 497 687 533 Macedones
722 513 740 533 a
776 502 910 534 nomine
946 500 1191 535 Emathionis¹¹
1226 503 1314 547 regis
1348 508 1444 535 antea
1474 502 1626 536 Emathii
1639 500 1662 520 ¹²
1696 503 1876 547 nuncupati
1904 508 1994 537 sunt:
2029 511 2147 549 postea

197 549 403 583 Macedones
431 546 556 582 dictim.

361 600 420 634 79.
475 600 637 646 Epirotae
665 613 683 634 a
710 603 843 647 Pyrrho
871 604 1014 638 Achillis
1028 602 1049 622 ¹⁴
1082 605 1152 637 lilio
1179 606 1270 650 prius
1299 601 1541 648 Pyrrhi‹lae¹⁵‚
1569 610 1688 650 postea
1716 616 1794 639 vero
1823 602 1875 638 a¹⁶
1902 606 2034 650 Pyrrho
2065 619 2147 653 rege

196 651 240 684 ad
262 652 392 685 Italiam
415 653 549 686 transire
575 662 878 699 praesumpserunt.

1632 193 1720 227 Dicti
1755 191 1888 228 autem³
1918 195 2149 240 Myrmidones

1290 243 1529 278 Eratosthenes
1565 250 1674 279 autem
1711 243 1816 279 dicit⁴
1849 247 2103 292 Myrmidonas⁵
2130 264 2149 285 a

359 712 417 745 80.
473 714 582 746 Dorus
605 715 750 759 Neptuni
778 722 810 749 et
832 716 963 760 Ellopis
991 717 1076 749 filius
1095 717 1174 755 suit,
1203 715 1292 748 unde
1319 715 1402 748 Dori
1429 721 1461 749 et
1478 716 1641 760 originem
1671 722 1701 749 et
1726 727 1846 750 nomen
1874 717 2010 751 ducunt.
2062 719 2147 751 Sunt

196 767 307 795 autem
335 775 412 808 pars
425 761 449 781 ¹²
477 765 640 799 Graeciae
666 767 795 811 gentis,
828 779 867 800 ex
894 767 1012 812 quibus
1049 769 1145 801 etiam
1174 768 1411 812 cognominata
1443 772 1491 800 est
1516 768 1611 800 tertia
1641 768 1757 813 lingua
1785 768 2017 809 Graecorum,
2060 782 2146 813 quae

195 814 320 848 Dorica
347 817 547 860 appellatur.

360 875 419 909 81.
474 877 748 911 Lacedaemones
776 890 794 911 a
822 879 1078 912 Lacedaemone
1106 878 1259 911 Semelae
1271 874 1295 894 ¹⁶
1322 877 1392 910 filio
1418 877 1507 911 dicti.
1563 878 1609 910 Hi
1637 877 1694 911 diu
1721 884 1967 922 perseverantes
1994 879 2026 912 in
2054 880 2145 913 bello

195 930 311 959 contra
338 926 541 969 Messenios,
569 929 681 970 veriti,
709 941 749 962 ne
778 929 988 963 diuturnitate
1016 931 1131 975 praelii
1158 941 1251 974 spem
1280 930 1383 974 prolis
1412 930 1600 962 amitterent
1613 926 1652 969 ¹⁹,
1680 936 1943 974 praeceperunt,
1977 937 2013 964 ut
2039 932 2145 976 virgi-

194 988 252 1010 nes
278 989 393 1011 eorum
422 991 498 1013 cum
527 980 697 1013 iuvenibus
725 981 818 1014 domi
845 982 967 1015 relictis
995 983 1273 1024 concumberent,
1306 981 1419 1024 sicque
1451 992 1490 1013 ex
1519 981 1711 1025 promiscuo
1738 978 1940 1026 virginum²⁰
1966 983 2145 1017 concubitu

194 1027 327 1062 iuvenes
354 1030 398 1063 de
425 1030 554 1064 incertis
581 1033 772 1076 parentibus
800 1034 866 1066 nati
901 1045 940 1066 ex
973 1030 1085 1066 ηοῑει21
1115 1033 1251 1065 materni
1279 1033 1417 1076 pudoris
1445 1032 1600 1076 Spartani
1614 1029 1638 1049 ²²
1666 1033 1775 1066 vocati
1801 1039 1882 1066 sunt.
1942 1034 2029 1066 Nam
2056 1034 2146 1078 ipsos

195 1091 264 1112 esse
291 1080 492 1124 Spartanos,
522 1094 605 1126 quos
633 1089 665 1116 et
694 1084 982 1117 Lacedaemonios
994 1083 1018 1101 ²³
1045 1085 1220 1119 affirmant.
1275 1085 1457 1128 Spartanos
1492 1094 1572 1116 vero
1602 1090 1743 1128 propter
1765 1085 1957 1129 repentinos
1987 1085 2145 1119 adversus

194 1129 361 1164 Cadmum
389 1133 481 1176 quasi
509 1133 553 1166 de
576 1138 663 1167 terra
689 1140 879 1168 contractus
907 1141 940 1168 et
967 1147 1006 1168 ex
1035 1136 1123 1168 omni
1155 1140 1249 1180 parte
1277 1135 1449 1169 conflictus
1474 1136 1520 1168 ita
1542 1141 1678 1169 vocatos
1694 1133 1727 1168 ²⁴.

359 1191 420 1227 82.
475 1193 628 1226 Thraces
656 1205 695 1226 ex
719 1195 789 1227 filio
817 1195 956 1239 laphet,
983 1196 1039 1237 qui
1066 1200 1202 1228 vocatus
1230 1199 1278 1227 est
1303 1195 1427 1228 Thiras
1455 1200 1488 1227 et
1516 1195 1578 1228 orti
1606 1201 1639 1229 et
1659 1195 1886 1240 cognominati
1899 1191 1940 1235 ²⁵,
1980 1200 2014 1228 ut
2042 1208 2143 1242 supe-

192 1238 294 1274 rius²⁰
321 1241 445 1276 dictum
474 1249 537 1285 est,
565 1244 800 1288 perhibentur,
829 1247 905 1279 licet
932 1247 1071 1290 gentiles
1099 1258 1155 1278 eos
1183 1257 1222 1278 ex
1249 1247 1396 1278 moribus
1420 1247 1465 1278 ita
1491 1247 1598 1280 dictos
1622 1247 1803 1280 existiment
1816 1243 1857 1287 ²⁷,
1885 1246 1977 1289 quod
1996 1247 2058 1280 sint
2077 1254 2144 1282 tru-

193 1289 292 1326 ces²⁸.
359 1295 546 1328 Saevissimi
578 1296 664 1328 enim
701 1297 849 1330 omnium
883 1299 1032 1342 gentium
1062 1298 1212 1337 fuerunt,
1252 1297 1341 1330 unde
1374 1303 1406 1330 et
1433 1298 1537 1330 multa
1571 1298 1614 1330 de
1644 1298 1689 1330 eis
1716 1297 1868 1330 fabulosa
1903 1304 2143 1333 memorantur:

193 1343 285 1387 quod
315 1347 465 1390 captivos
494 1347 556 1379 diis
583 1348 647 1381 suis
674 1348 824 1390 litarent,
853 1355 886 1382 et
913 1349 1096 1382 humanum
1124 1350 1319 1394 sanguinem
1347 1348 1379 1381 in
1407 1349 1532 1382 ossibus
1556 1350 1704 1394 capitum
1733 1354 1851 1393 potare
1877 1349 1962 1381 soliti
1991 1356 2097 1383 essent
2109 1348 2142 1382 ²⁹.

193 1395 246 1428 De
273 1396 390 1439 quibus
418 1399 575 1442 Virgilius
587 1396 628 1432 ³⁰:

420 1457 500 1489 Heu
524 1457 625 1502 suge
658 1459 820 1492 crudeles
850 1464 984 1501 terras,
1018 1460 1118 1506 suge
1146 1462 1241 1493 littus
1268 1470 1428 1493 avarum.

197 1514 289 1557 quasi
317 1515 500 1549 crudelium
537 1522 569 1549 et
597 1529 771 1550 avarorum
785 1516 818 1551 ³¹.

359 1565 419 1601 83.

195 1668 356 1711 appellati
382 1676 466 1705 sunt.

282 1775 310 1816 1)
331 1778 465 1807 Achillis
487 1791 543 1809 om.
572 1782 628 1810 Gu.
648 1784 678 1813 2.
709 1797 750 1803 -—-—
777 1780 808 1822 9)
832 1782 964 1820 Dolopes
987 1784 1062 1810 socii
1089 1785 1145 1811 Gu.

197 1819 226 1848 2.
261 1833 303 1838 —
337 1821 368 1857 3)
391 1828 462 1849 sunt
485 1823 551 1851 add.
576 1825 631 1852 Gu.
651 1827 680 1855 2.
714 1840 752 1845 —-
782 1827 812 1860 4)
836 1824 933 1852 dbclos
964 1825 1030 1853 add.
1055 1826 1145 1862 vulg„

198 1859 280 1898 quod
302 1871 357 1889 om.
382 1865 438 1891 Gu.
464 1868 489 1895 1.
512 1881 552 1886 —
582 1867 611 1906 5)
639 1867 686 1894 Sic
710 1868 768 1897 Gu.
794 1870 819 1897 1.
841 1883 882 1888 —-
903 1867 988 1905 Vulg.
1016 1869 1145 1905 Μινωί-

198 1901 298 1931 dones.
320 1919 360 1926 —
392 1908 418 1941 6)
443 1907 638 1944 Mizrmidono
663 1910 719 1938 Gu,
740 1912 766 1940 1.
791 1925 830 1932 —
853 1909 881 1948 7)
905 1912 1067 1937 eorimosm
1089 1911 1145 1939 Gu.

199 1947 227 1976 2.
250 1960 286 1966 —
316 1947 501 1983 Eummosae
530 1960 590 1981 var.
614 1952 680 1980 lect.
703 1963 749 1991 ap.
772 1952 860 1980 Goth.
883 1968 923 1974 -
953 1954 982 1990 S)
1010 1953 1147 1991 Cecropis

233 2008 241 2015 .
263 2008 270 2016 .
294 1989 375 2026 regi-s
398 1990 452 2017 Gu.
468 1993 496 2021 2.
521 2008 561 2013 —
586 1991 614 2032 9)
638 1995 685 2022 Sic
707 1996 756 2023 Ar.
772 2011 813 2016 —
832 1995 957 2022 Gratius
980 1997 1033 2023 (iu.
1054 1999 1081 2026 1.
1097 2006 1144 2024 va.

199 2028 237 2058 al.
262 2039 308 2068 ap.
334 2030 423 2061 Goth.
441 2048 482 2054 —-
502 2035 652 2072 Agunia-s·
673 2037 752 2074 vulg.
769 2055 806 2060 —
830 2039 975 2075 Ogranus
994 2039 1053 2066 Gu⁴
1067 2040 1147 2068 2.-

201 2075 243 2106 10)
268 2074 319 2099 cui
342 2073 399 2103 Gu.
425 2077 450 2105 1.
482 2092 524 2097 —
558 2081 598 2114 11)
625 2079 673 2106 Sic
697 2080 744 2108 Ar.
766 2095 806 2102 --
828 2081 982 2109 Mat-ionis
1002 2080 1084 2116 vulg.
1109 2095 1144 2101 ——

199 2115 245 2152 12)
268 2114 316 2143 Sic
333 2117 383 2145 Ar.
402 2131 439 2137 --
461 2120 553 2145 emuli
575 2120 628 2147 Gu.
647 2124 675 2152 2⁴
694 2138 732 2143 -—-
755 2124 845 2149 matti
864 2123 921 2152 Gu,
940 2126 966 2154 1.
983 2138 1021 2144 ———
1040 2124 1147 2150 Emaci

199 2156 281 2194 vulg.
301 2171 342 2179 —·
366 2158 520 2187 Arnasant
543 2162 588 2188 vel
611 2165 765 2191 Amarani
785 2165 821 2194 al,
845 2175 892 2203 ap.
916 2164 1005 2193 Goth.
1031 2180 1071 2186 —
1105 2168 1146 2197 13)

201 2198 373 2236 Sequuntur
398 2202 487 2240 vulgo
510 2202 594 2231 haec:
620 2214 639 2230 ιι
662 2206 824 2233 ,Macedone
850 2218 916 2245 rege
945 2208 1147 2235 Deucalion&

201 2246 333 2269 materno
354 2250 474 2282 nepote,
498 2254 574 2283 quae
593 2256 647 2274 om.
673 2247 729 2277 Gu.
751 2253 776 2279 1.
797 2252 824 2279 2,
843 2249 880 2277 al.
903 2265 945 2271 —
969 2251 1147 2285 14)A‹·l1z'llt'

202 2283 257 2311 Gu.
274 2285 303 2314 2.
327 2300 368 2306 —-
393 2287 437 2324 15)
456 2287 504 2315 Sic
522 2288 625 2316 Ar.—
641 2289 748 2316 Piride
770 2289 850 2317 dicto
874 2292 952 2329 vulg.
965 2315 972 2327 ,
995 2292 1045 2320 sed
1064 2293 1145 2320 dicto

202 2335 258 2353 om.
283 2327 337 2356 Gu.
358 2330 383 2359 1.
399 2330 426 2358 2.
450 2340 495 2368 pr.
521 2339 566 2358 va.
590 2331 641 2359 Ar.
662 2347 704 2352 —
729 2334 771 2369 16)
793 2344 806 2360 e
829 2333 886 2362 Gu.
904 2336 932 2364 2.
951 2350 993 2355 —-
1018 2338 1059 2371 17)
1073 2346 1146 2374 par-

203 2373 245 2396 tes
268 2369 324 2399 Gu.
344 2371 371 2400 1.
396 2386 436 2392 -
475 2370 520 2411 18)
539 2374 648 2401 Semele
668 2384 705 2401 ac
728 2374 809 2402 lovis
831 2376 867 2403 al.
884 2392 924 2396 —
949 2378 995 2414 19)
1020 2379 1067 2405 Sic
1091 2378 1145 2406 Gu.

472 1569 630 1601 lstrorum
665 1581 747 1614 gens
774 1571 939 1614 originem
966 1583 986 1603 a
1013 1570 1152 1604 Colchis
1163 1568 1187 1588 ³²
1215 1570 1331 1611 ducit,
1374 1569 1431 1612 qui
1458 1569 1544 1601 missi
1571 1569 1615 1601 ad
1643 1570 1855 1613 Argonautas
1882 1571 2141 1614 persequendos,

195 1620 230 1648 ut
247 1623 385 1660 aponto
413 1617 656 1661 recesserunt³³‚
683 1622 882 1655 intraverunt
908 1623 1026 1656 Istrum
1054 1623 1202 1663 fluvium,
1230 1634 1249 1654 a
1271 1621 1436 1656 vocabulo
1461 1620 1582 1661 amnis,
1605 1630 1673 1664 quo
1701 1616 1757 1652 a³⁴

1784 1621 1866 1653 mari
1893 1627 2095 1655 recesserunt
2105 1619 2141 1663 ³⁵,

1193 1785 1264 1813 1.2.
1288 1792 1333 1810 va.
1357 1791 1419 1810 var.
1441 1781 1508 1809 lect.
1532 1790 1578 1818 ap.
1603 1779 1691 1807 Goth.
1716 1780 1766 1809 Ar.
1787 1795 1829 1801 -·
1848 1780 1946 1817 prolis
1968 1792 2046 1819 spem
2066 1794 2139 1821 per-

1190 1824 1289 1852 derent
1310 1825 1389 1861 vulg.
1403 1839 1445 1845 —
1467 1823 1514 1860 ΞΟ)
1532 1822 1617 1859 Vulg.
1635 1822 1703 1851 add.
1719 1828 1745 1849 et
1767 1824 1963 1860 maritorum,
1987 1835 2062 1862 quae
2080 1836 2139 1856 om.

1191 1868 1248 1896 Gu.
1272 1871 1295 1898 1.
1313 1869 1341 1898 2.
1362 1867 1399 1895 al.
1423 1881 1465 1888 -—
1492 1865 1540 1903 ⁶21)
1566 1865 1614 1892 Sic
1632 1865 1688 1893 Gu.
1712 1868 1738 1895 1.
1754 1880 1796 1886 —
1820 1865 1905 1903 Vulg.
1928 1868 1996 1894 nati
2017 1873 2088 1895 ,ςιιιιι
2112 1874 2138 1896 ει

1189 1921 1222 1938 ex
1245 1914 1299 1938 cet.
1327 1926 1364 1932 -—
1391 1909 1458 1937 nati
1479 1913 1551 1935 sant
1574 1918 1607 1935 ex
1630 1908 1687 1936 Gu.
1709 1911 1738 1939 2.
1762 1923 1803 1929 —-
1833 1911 1877 1941 22)
1904 1909 2064 1937 Parthenii
2087 1912 2136 1939 Ar.

1190 1968 1232 1975 —-
1253 1952 1299 1990 23)
1322 1950 1580 1980 Lacedaemonios
1599 1960 1654 1989 pro
1678 1948 1920 1978 Lacedaemones
1944 1951 1997 1980 Gu.
2017 1955 2042 1984 1.
2059 1955 2132 1984 2.—

1190 1996 1349 2033 assir-mant
1373 1993 1475 2022 addidi
1498 2003 1513 2021 e
1538 1993 1594 2020 Gu.
1616 1996 1641 2023 l.
1667 2010 1704 2015 ·—
1734 1993 1782 2028 24)
1806 1990 1861 2021 Vv.
1885 1994 2053 2031 Spartanos
2069 2005 2135 2022 vero

1185 2043 1308 2076 propter
1338 2038 1503 2075 repentinos
1527 2035 1697 2074 (adventus
1725 2034 1792 2064 add.
1822 2045 1867 2074 pr.
1890 2036 1958 2071 va.)
1988 2035 2137 2065 adr-ersus

1194 2079 1343 2109 Cadmum
1379 2079 1540 2118 (chamum,
1569 2078 1625 2106 Gu.
1654 2081 1679 2109 1.
1698 2078 1747 2116 2.)
1780 2078 1871 2116 quasi
1893 2076 1928 2106 de
1950 2083 2030 2106 terra
2062 2090 2136 2107 cun-

1191 2129 1308 2151 tractus
1346 2126 1532 2153 (contractos
1561 2121 1619 2150 Gu.
1652 2123 1676 2151 1.
1705 2122 1733 2150 2.
1762 2130 1807 2158 pr.
1840 2122 1903 2156 va.)
1937 2126 1962 2148 et
1991 2132 2025 2148 ex
2054 2124 2135 2150 omni

1186 2170 1275 2204 parte
1297 2166 1454 2204 confla-ms
1476 2162 1645 2202 (conflictos
1662 2163 1697 2191 al.
1714 2178 1755 2183 —
1771 2162 1935 2200 conflue-tos
1950 2174 1995 2202 pr.
2012 2181 2050 2185 —
2067 2174 2134 2192 con—

1180 2209 1294 2247 ιῘὶιιίιοε
1329 2205 1394 2247 va.)
1429 2208 1474 2234 aa
1504 2212 1627 2234 vocatos
1654 2205 1753 2234 addidi
1783 2214 1798 2232 e
1829 2205 1887 2232 Gu.
1912 2208 1936 2237 1.
1960 2209 1988 2238 2.
2016 2217 2061 2244 pr.
2086 2216 2133 2235 va.

1190 2252 1238 2279 Ar.
1264 2267 1302 2272 -—
1332 2253 1376 2287 ²75)
1399 2251 1606 2287 cognominati
1631 2254 1700 2276 ,ςιιιιι
1730 2247 1856 2274 Thraces
1879 2247 1917 2276 al.
1941 2248 2070 2277 omissis:
2101 2255 2134 2277 ut

1188 2294 1328 2331 superias
1350 2315 1356 2321 .
1380 2313 1386 2320 .
1412 2315 1417 2321 .
1439 2298 1548 2322 truces.
1573 2307 1610 2313 -
1634 2290 1681 2328 26)
1697 2289 1770 2318 Vide
1795 2288 1822 2329 ξ.
1837 2291 1888 2321 31.
1906 2306 1946 2310 -
1967 2289 2013 2331 27)
2032 2292 2133 2319 existi-

1188 2341 1272 2363 mant
1295 2336 1351 2363 Gu.
1374 2337 1402 2365 2.
1431 2351 1473 2356 —
1508 2335 1556 2369 28)
1578 2339 1604 2361 et
1627 2331 1712 2372 quod
1735 2333 1797 2360 sint
1819 2338 1917 2360 truces
1940 2342 1985 2360 va.
2015 2349 2055 2356 --
2085 2332 2131 2371 29)

1189 2379 1236 2407 Sic
1261 2378 1317 2407 Gu.
1339 2381 1365 2410 1.
1386 2379 1414 2408 2.
1423 2399 1431 2414 ‚
1455 2376 1513 2405 nisi
1541 2375 1622 2414 quod
1645 2381 1770 2414 portare
1792 2384 1858 2403 cum
1888 2375 1967 2413 vulg.
1990 2375 2131 2405 exhibent
