2264 2830
773 115 1018 150 ORIGINUM
1047 118 1191 152 LIBER
1219 120 1340 154 xvlll.

81 209 238 255 terni0²²‚
265 211 378 256 quinio
392 207 428 252 ²⁵,
456 210 554 244 senio.

1951 124 2021 159 581

625 210 745 243 Postea
773 211 957 254 appellatio
992 212 1197 255 singulorum
1236 219 1360 246 mutata
1393 220 1455 257 eu,
1497 220 1528 247 et
1556 215 1707 248 unionem
1737 227 1870 256 canem,
1913 219 2027 251 trinio—

82 278 157 299 nem
171 262 196 281 ²⁶
222 275 366 309 suppum
378 289 387 307 ,
415 262 664 306 quaternionem
678 258 702 278 ²⁷
738 262 875 306 planum
905 264 1068 297 vocabant
1081 262 1114 296 ²⁵⁴.

565 364 594 398 C
615 365 645 397 A
668 365 706 397 P.
760 364 841 397 Lxx
857 365 880 397 1.
963 366 1024 398 De

1075 367 1199 399 iaetu
1251 372 1546 402 tesserarum,

247 444 354 476 lactus
381 448 573 475 tesserarum
602 442 645 474 ita
670 454 688 473 a
715 442 828 485 peritis
856 442 1056 476 aleatoribus
1080 444 1311 488 componitur,
1353 450 1388 476 ut
1416 445 1550 487 alferat,
1592 445 1684 488 quod
1713 446 1871 487 voluerit,
1914 453 2030 491 utputa

81 496 268 536 senionem,
296 494 352 537 qui
378 494 424 527 eis
450 495 483 526 in
511 494 598 527 iactu
610 489 635 510 ²⁴³
662 493 787 526 bonum
815 493 913 526 ass'ert
929 492 963 527 ²¹⁰.

82 549 168 581 enim
195 547 368 592 significat.

553 621 582 654 C
610 622 639 654 A
666 621 704 655 P.
757 621 893 653 van.

246 698 377 732 Calculi
406 698 525 742 partim
539 695 564 714 ³²
591 697 708 730 ordine
736 702 925 738 moventur,
953 699 1073 743 partim
1102 710 1198 743 vage.

269 753 314 784 At
342 761 421 783 vero
449 750 505 793 qui
530 750 655 782 moveri
683 750 817 782 omnino
841 761 906 781 non
935 756 1088 793 possunt,
1122 750 1238 782 incitos
1265 750 1387 784 dicunt.

78 750 217 795 pellant.

1024 495 1137 528 Vitant
1163 501 1272 528 autem
1301 507 1435 537 canem,
1478 497 1555 540 quia

1566 493 1587 513 ‘³¹
1618 498 1795 531 damnosus
1823 505 1888 539 est,
1930 511 2029 532 unum

974 622 1039 655 De
1091 623 1376 655 calculorum
1430 627 1556 656 mola.

1267 698 1349 730 Ideo
1378 699 1460 731 alios
1486 700 1687 741 ordinarios,
1725 701 1806 732 alios
1834 711 1938 745 vagos
1966 712 2028 744 ap-

1441 750 1542 784 Unde
1570 758 1602 784 et
1637 757 1772 797 egentes
1800 752 1951 785 homines
1978 753 2028 784 in-

80 801 133 835 citi
162 808 340 842 vocantur,
367 802 486 845 quibus
513 813 588 846 spes
617 802 700 834 ultra
727 800 937 846 procedendi
964 802 1055 834 nulla
1084 797 1227 834 restat³³.

517 903 546 937 C
573 905 603 937 A
630 903 669 938 P.
721 902 876 935 valn.

950 903 1013 937 De
1065 903 1393 937 interdictione
1446 906 1589 939 aleae.

246 982 300 1015 Ab
324 980 390 1014 hac
418 986 487 1014 arte
513 981 603 1013 fraus
630 985 663 1013 et
689 980 901 1014 mendacium
931 985 963 1013 et
977 977 1001 997 ³⁴
1037 981 1218 1025 periurium
1246 993 1414 1025 nunquam
1441 983 1550 1022 abest,
1592 987 1762 1027 postremo
1787 987 1818 1014 et
1846 981 1962 1015 odium
1999 986 2031 1013 et

79 1037 201 1069 damna
228 1045 355 1074 rerum,
383 1033 472 1066 unde
499 1038 531 1065 et
556 1031 738 1074 aliquando
766 1038 907 1077 propter
934 1032 1020 1066 haec
1046 1034 1173 1067 scelera
1206 1034 1382 1067 interdicta
1408 1035 1540 1080 legibus
1553 1032 1576 1052 ³³
1606 1035 1676 1068 fuit.

695 1135 723 1168 C
750 1135 782 1168 A
809 1136 847 1170 P.
900 1135 1022 1168 LXIX.

244 1212 276 1244 l.
316 1211 390 1245 Pila
417 1210 556 1256 proprie
580 1210 712 1253 dicitur,
744 1211 837 1255 quod
865 1213 904 1244 sit
926 1211 1003 1255 pilis
1027 1211 1136 1255 plena.

1111 1136 1197 1170 De
1255 1137 1419 1182 pila.

1190 1212 1287 1246 Haec
1315 1208 1444 1245 antea³⁶
1472 1216 1504 1244 et
1526 1210 1669 1256 sphaera
1692 1223 1710 1243 a
1729 1209 1868 1243 ferendo
1897 1210 1946 1242 vel
1977 1210 2027 1242 fe·

76 1265 194 1299 riendo
223 1259 357 1304 dicta³⁷‚
394 1263 437 1295 de
464 1273 605 1306 quarum
632 1273 757 1308 genere
785 1259 854 1295 ct³⁸
879 1262 1032 1307 pondere
1059 1263 1234 1296 Dorcatius
1262 1264 1308 1297 sic
1334 1260 1485 1296 tradit³⁹z

305 1327 418 1364 Neam
444 1335 480 1363 lu
502 1341 618 1374 parce
642 1331 737 1375 pilos
762 1330 893 1363 vivacis
904 1327 926 1347 ⁴¹
956 1331 1108 1364 condere
1135 1332 1239 1372 cervi,

311 1382 424 1416 Uncia
454 1383 564 1414 donec
587 1379 691 1415 ενὶι*2
717 1382 900 1427 geminam
911 1379 934 1397 ⁴³¹
969 1393 1077 1427 super
1103 1383 1233 1416 addita
1262 1381 1395 1415 libram
1409 1378 1443 1414 ⁴¹.

243 1449 275 1483 2.
328 1451 418 1483 Inter
439 1450 568 1494 species
593 1451 738 1495 pilarum
767 1456 857 1490 sunt,

76 1509 141 1535 tres
168 1501 300 1534 luditur.

75 1554 194 1587 iustum
219 1553 369 1597 spacium
396 1554 500 1598 pilam
536 1553 690 1598 excipere
716 1551 906 1597 lususque5⁰
933 1554 1013 1586 inire
1040 1551 1327 1589 consueveruntffl.

76 1606 145 1639 duo
173 1605 322 1639 cominus
349 1616 389 1637 ex
415 1605 570 1649 proximo
597 1617 636 1639 ac
663 1616 751 1650 pene
779 1606 960 1639 coniunctis
988 1605 1106 1638 cubitis
1133 1606 1248 1650 palam
1280 1606 1411 1639 feriunt.

904 1451 1085 1495 trigonaria
1113 1457 1145 1483 et
1172 1451 1319 1483 arenaria
1335 1447 1368 1482 ⁴5.
1436 1449 1468 1482 T
1472 1449 1636 1493 rigonaria
1664 1454 1713 1481 est
1726 1445 1768 1488 ⁴⁵,
1810 1459 1877 1490 qua
1903 1444 2021 1479 intel-⁴⁷

353 1502 532 1542 Arenaria,
562 1513 628 1545 qua
640 1498 665 1518 *Β
688 1503 720 1534 in
747 1514 871 1547 grege,
900 1503 980 1534 (lum
1005 1513 1045 1535 ex
1070 1502 1195 1536 circulo
1223 1503 1397 1535 astantium
1424 1496 1748 1545 spectantiumque*13
1776 1499 1911 1539 emissa,
1941 1499 2026 1531 ultra

1381 1552 1570 1586 Cubitalem
1598 1553 1705 1584 lusum
1730 1551 1922 1595 appellant,
1950 1561 2024 1583 curn

1465 1604 1584 1637 Suram
1613 1603 1766 1637 dicuntur
1779 1599 1804 1619 ⁵²
1832 1602 1930 1640 dare.
1968 1602 2024 1644 qui

76 1657 179 1701 pilam
207 1667 303 1691 crure
329 1656 462 1701 prolato
490 1656 676 1690 feriendam
703 1657 926 1691 collusoribus
954 1657 1127 1702 praebent.

76 1952 103 1974 et
125 1944 199 1972 llaec
221 1945 324 1971 omnia
356 1942 453 1982 digna
473 1951 545 1972 sunt
566 1947 726 1974 memoriae
754 1944 968 1976 commendari.
984 1962 1025 1967 ·—

76 1992 183 2016 vocant
215 1986 254 2015 al.
278 1996 324 2015 va.
357 2002 398 2008 —
440 1987 487 2023 29)
511 1987 559 2015 Sic
581 1988 636 2016 Gu.
664 1992 688 2019 1.
715 1991 744 2019 2.
776 1989 813 2017 al.
843 1999 888 2027 pr.
919 1998 967 2016 va.
992 2005 1025 2009 —

75 2034 161 2058 iactu
184 2029 232 2057 Ar.
254 2044 293 2050 —
317 2034 388 2056 actu
411 2029 491 2065 vulg.
516 2046 557 2051 —
579 2031 612 2057 in
635 2036 705 2059 acm
727 2032 758 2059 Z.
781 2048 822 2052 —
844 2029 891 2072 0‘0)
916 2031 1026 2070 aff'erat

76 2074 133 2101 Gu.
153 2076 181 2104 2.
204 2087 245 2093 —
274 2070 345 2098 boni
366 2081 422 2109 pro
446 2071 557 2099 bonum
587 2073 644 2100 Gu.
672 2076 698 2104 l.
722 2077 749 2105 2.
774 2073 809 2102 al.
832 2089 873 2094 —
904 2073 953 2113 31)
971 2074 1026 2112 qui

75 2115 126 2144 Ar.
151 2131 187 2136 —
210 2112 257 2152 32)
271 2119 392 2151 partem
414 2114 445 2142 Z.
469 2131 506 2135 —
530 2116 577 2154 33)
601 2114 713 2152 quibus
736 2117 821 2143 ultra
840 2115 1026 2153 procedendi

74 2157 163 2187 nulla
185 2143 277 2184 resqiat
302 2156 446 2191 facultas
469 2156 501 2185 Z.
534 2172 570 2177 —
602 2158 647 2190 34)
672 2163 698 2184 et
721 2168 777 2196 pro
806 2164 898 2196 atque
922 2159 978 2187 Gu.
996 2162 1024 2190 1.

74 2218 115 2222 -
137 2200 186 2236 35)
203 2204 229 2225 et
253 2199 380 2227 arbitrio
403 2197 542 2226 iudicum
565 2199 596 2229 Z.
621 2199 688 2227 add.
719 2216 761 2222 —
790 2199 838 2240 36)
859 2207 949 2229 antea
971 2200 1023 2230 ad-

75 2242 137 2271 didi
155 2251 170 2270 e
193 2242 251 2270 Gu.
274 2245 300 2272 1.
323 2258 364 2263 —
392 2246 492 2269 autem
527 2252 583 2280 pro
613 2240 671 2269 hoc
701 2241 820 2271 exhibet
851 2243 907 2272 Gn.
926 2247 956 2275 2.
984 2260 1019 2265 —·

74 2288 121 2321 37)
144 2296 163 2313 a
185 2285 248 2321 ser.
272 2282 355 2311 dicta
385 2284 433 2311 vel
450 2285 514 2320 fer.
537 2295 583 2313 va.
616 2300 651 2304 -
683 2286 730 2319 38)
760 2286 809 2313 vel
829 2295 874 2314 va.
905 2302 942 2307 —
972 2286 1021 2321 39)

76 2328 124 2356 Sic
145 2328 178 2358 Z.
201 2326 258 2356 Gu.
281 2329 307 2358 l.
331 2329 358 2357 2.
382 2326 427 2355 ed.
450 2325 540 2355 Goth.
560 2342 602 2348 —
634 2324 767 2354 tradidit
796 2327 875 2365 vulg.
905 2344 947 2351 —
973 2328 1022 2364 40)

1070 1946 1140 1973 Heu
1164 1954 1210 1973 va.
1231 1960 1272 1966 —
1295 1944 1343 1982 41)
1365 1944 1414 1972 Sic
1446 1943 1503 1971 Gu.
1524 1946 1552 1974 1.
1578 1943 1626 1971 Ar.
1651 1958 1687 1964 —
1718 1943 1818 1970 vivaci
1842 1950 1886 1971 va.
1907 1956 1942 1961 ——-
1972 1943 2023 1968 ui-

1069 1998 1155 2016 races
1178 1986 1258 2024 vulg.
1287 2002 1327 2008 —
1360 1984 1410 2025 42)
1436 1987 1526 2024 erigit
1547 1995 1594 2013 va.
1621 2001 1657 2006 —
1694 1983 1742 2023 43)
1762 1985 1887 2022 gemina
1911 1993 1955 2011 va.
1983 1999 2020 2004 -—

1068 2030 1115 2068 44)
1134 2029 1230 2056 librae
1251 2038 1297 2057 va.
1321 2029 1371 2057 Ar.
1394 2043 1436 2048 —
1458 2029 1506 2065 45)
1532 2034 1659 2056 arenata
1682 2028 1739 2055 Gu.
1755 2030 1784 2059 2.
1808 2028 1858 2055 Ar.
1883 2036 1927 2064 pr.
1953 2025 1981 2054 h.
2004 2026 2021 2053 l.

1069 2077 1098 2101 et
1120 2072 1206 2099 infra.
1232 2088 1270 2092 —
1302 2071 1347 2108 46)
1372 2076 1442 2098 sunt
1465 2081 1521 2099 om.
1545 2081 1592 2099 va.
1623 2087 1655 2092 —-
1693 2069 1739 2108 47)
1763 2080 1841 2108 quae
1864 2070 1897 2096 in
1920 2069 1950 2096 Z.
1976 2078 2020 2095 va.

1070 2133 1107 2138 --
1133 2116 1209 2152 quia
1232 2114 1265 2140 in
1288 2113 1345 2142 Gu.
1363 2116 1391 2145 2.
1424 2129 1460 2134 -
1493 2111 1541 2152 48)
1563 2124 1639 2152 quae
1668 2123 1713 2141 va.
1739 2130 1777 2135 -
1811 2122 1904 2150 quam
1925 2111 1958 2139 Z.
1982 2126 2019 2131 -

1066 2155 1115 2196 49)
1134 2167 1211 2195 exsp.
1235 2156 1265 2184 Z.
1289 2165 1336 2183 va.
1361 2171 1401 2177 —
1425 2166 1490 2194 asp.
1514 2156 1570 2185 Gu.
1588 2159 1614 2187 1.
1633 2172 1666 2176 —
1691 2154 1735 2183 ad
1754 2154 2018 2193 epectaculunzque

1066 2199 1122 2227 Gu.
1143 2202 1172 2230 2.
1199 2216 1236 2220 -
1263 2200 1307 2231 50)
1333 2198 1382 2225 Sic
1402 2198 1459 2227 Gu.
1488 2201 1516 2230 1.
1540 2215 1582 2220 —
1605 2198 1748 2237 lusos-que
1772 2198 1827 2226 Gu.
1850 2199 1878 2227 2.
1902 2210 1942 2216 —-
1964 2193 2017 2219 lll-

1065 2252 1156 2279 eoque
1178 2241 1209 2270 Z.
1231 2257 1274 2262 —
1296 2240 1458 2279 lusumque
1479 2241 1558 2279 vulg.
1581 2257 1622 2262 —
1643 2239 1692 2279 51)
1710 2243 1889 2268 consuerunt
1912 2236 1965 2263 GU·
1987 2236 2015 2263 2.

1065 2294 1111 2312 va.
1133 2299 1175 2306 —·
1204 2283 1251 2322 52)
1274 2282 1418 2311 dicuntur
1440 2306 1446 2311 .
1471 2305 1476 2311 .
1505 2284 1649 2322 praebent
1671 2284 1700 2312 Z.
1730 2283 1786 2310 Gu.
1808 2284 1830 2310 1.
1854 2281 1882 2308 2.
1903 2293 1939 2297 —-
1965 2274 2014 2302 ‹1'1-

1066 2328 1146 2354 citur
1169 2347 1177 2355 .
1204 2347 1212 2355 .
1230 2325 1353 2364 praebet
1374 2326 1455 2363 vulg.
