2264 2830
807 113 1054 149 ORIGINUM
1086 114 1231 147 LIBER
1255 114 1327 148 vn.

260 210 322 246 21,

374 210 516 255 Spiritus
554 213 683 242 sanctus
716 209 847 253 Digitus
874 209 937 241 Dei
967 220 1037 241 esse
1074 208 1106 240 in
1130 205 1253 241 libris-”¹¹

1968 115 2042 152 223

1282 209 1446 253 evangelii
1473 208 1676 253 apertissime
1702 208 1900 243 declaratur.
1955 212 2042 247 Cum

95 263 182 297 enim
214 274 295 295 unus
323 262 525 306 evangelista
536 257 560 277 ³⁵
588 261 737 293 dixisset:
777 261 821 293 In
854 261 970 305 digito
1000 260 1069 294 Dei
1097 261 1195 293 ciicio
1219 261 1425 293 daemonia:
1462 261 1544 293 alius
1571 265 1680 293 autern
1692 257 1716 277 ³⁰
1743 260 1812 295 hoc
1837 261 1926 295 idem
1938 259 1962 279 ²⁷
1989 264 2043 297 di-

94 315 159 348 xit:
184 314 227 348 111
254 314 379 359 spiritu
408 314 478 346 Dea·
505 312 603 345 e2'1'w'0
629 313 828 348 daemonia.

884 312 985 345 Unde
1013 318 1046 344 et
1072 312 1180 356 digito
1208 313 1271 345 Dei
1294 313 1417 356 scripta
1444 318 1492 344 est
1518 310 1623 355 lex-³⁸,
1648 313 1725 345 data
1751 313 1805 345 die
1832 314 2043 361 quinquage-

97 367 181 400 simo
193 363 218 382 ³⁰
240 367 282 399 ab
311 365 477 399 occisione
504 364 611 408 Agrii,
640 368 673 396 et
700 364 754 397 die
782 364 1062 408 quinquagesimo
1091 376 1109 395 a
1137 364 1290 407 passione
1319 361 1486 396 Domini⁴⁰
1512 364 1598 396 venit
1627 365 1769 408 Spiritus
1792 371 1931 398 sanctus.

263 417 321 449 22.

97 470 226 503 ficetur.

97 521 195 566 gulis
217 524 322 565 prout
349 519 432 555 vult.

376 416 458 449 ldeo
485 421 596 448 autem
624 415 747 460 digitus
775 416 838 448 Dei
867 416 1005 456 dicitur,
1045 419 1079 447 ut
1107 416 1175 448 eius
1204 416 1393 459 operatoria
1414 416 1514 447 virtus
1542 427 1617 449 cum
1642 417 1740 448 l'atre
1768 421 1800 449 et
1827 417 1914 450 Filio
1942 418 2044 463 signi—

280 467 380 502 Unde
412 473 444 500 et
472 467 593 499 Paulus
627 468 689 500 ait:
730 463 862 500 Haec-⁴¹
891 467 1009 500 omnia
1034 470 1204 511 operatur
1232 478 1318 499 unus
1345 471 1451 511 alque
1481 467 1574 500 idem
1600 468 1754 512 Spiritus
1788 468 1948 502 dividens
1974 471 2045 503 sin-

485 515 613 553 Sicut⁴²
639 524 750 552 autem
783 531 844 563 per
870 520 1083 563 Baptismum
1111 519 1145 551 in
1173 518 1307 551 Christo
1336 519 1496 551 morimur
1530 524 1563 551 et
1589 520 1806 559 renascimur,
1847 521 1891 553 ita
1918 522 2045 566 Spiritu

99 573 268 618 signamur
279 568 320 610 ⁴³¹,
354 568 446 614 quiM
473 576 522 603 est
552 571 675 614 digitus
704 571 766 604 Dei
794 576 826 603 et
853 567 1057 615 spirituale*
1083 570 1300 615 signaculum.

263 623 404 667 Spiritus
440 627 568 656 sanctus
601 622 727 657 idcirco
765 623 796 655 in
833 623 1011 656 columbae
1047 624 1160 666 specie
1194 623 1320 654 venisse
1347 621 1517 663 scribitur,
1561 625 1597 653 ut
1623 625 1739 654 natura
1767 622 1835 655 eius
1862 635 1924 668 per
1950 634 2045 657 avem

99 674 315 718 simplicitatis
345 680 378 707 et
410 674 617 707 innocentiae
650 671 883 709 declaretur‘m.

99 725 240 760 lambac
251 722 284 757 Π.

263 776 322 809 23.

943 674 1044 707 Unde
1072 678 1104 707 et
1132 674 1312 706 Dominus:
1346 673 1487 713 Estote,
1523 673 1645 716 inquit,
1671 673 1846 718 simplic-cs
1872 676 1958 708 sieut
1987 688 2044 708 co-

337 726 435 759 Haec
461 731 571 759 autem
582 723 606 742 ⁴⁸
634 727 701 759 avis
727 726 949 769 corporaliter
976 722 1094 759 felle⁴⁵³
1123 731 1231 765 caret,
1266 725 1394 757 habens
1427 730 1553 757 tantum
1582 725 1804 758 innocentiam
1828 732 1861 758 et
1887 737 2046 761 amorem.

376 778 517 821 Spiritus
537 783 666 810 sanctus
692 777 769 810 inde
796 778 929 810 nomine
958 778 1042 822 ignis
1069 778 1278 821 appellatur,
1325 789 1388 820 pro
1425 773 1501 809 (τοῦθ
1528 777 1620 820 quod
1649 777 1681 808 in
1710 777 1941 820 apostolorum
1965 779 2047 812 acti·

99 828 161 862 bus
172 824 195 845 ⁵¹
222 840 284 873 per
310 829 504 862 divisionem
532 830 721 874 linguarum
748 834 784 862 ut
807 829 891 873 ignis
918 829 1091 873 apparuit,
1119 829 1175 872 qui
1203 835 1235 861 et
1257 829 1375 861 insedit
1402 840 1502 872 super
1525 840 1795 871 unumquemque
1824 840 1949 862 eorum.

99 936 153 964 tur
179 879 332 965 fideliAEu-in
356 933 532 965 eruditioni
542 929 567 949 ‘³²
593 933 808 978 populorum.

378 882 562 925 Propterea
588 886 696 914 autern
725 880 927 914 diversarum
955 881 1144 926 linguarum
1172 881 1314 925 gratiam
1346 880 1507 925 apostolis
1536 880 1646 921 dedit,
1674 885 1712 912 ut
1737 879 1848 913 idonei
1876 881 2049 915 efficeren-

268 982 327 1018 25.
380 984 485 1025 Quod
516 995 597 1017 vero
632 996 731 1029 supra
758 984 906 1029 singulos
941 984 1065 1016 sedisse
1106 990 1327 1024 memoratur,
1369 983 1404 1016 id
1431 994 1551 1016 causae
1585 987 1648 1024 est,
1689 987 1724 1015 ut
1752 982 1960 1028 intelligatur
1991 993 2051 1028 per

102 1035 215 1078 plures
242 1046 306 1067 non
335 1035 432 1068 fuisse
456 1036 594 1078 divisus,
621 1037 680 1069 sed
709 1037 864 1069 mansisse
891 1036 923 1068 in
951 1036 1090 1080 singulis
1116 1042 1224 1074 totus,
1253 1037 1336 1069 sicut
1363 1047 1440 1067 vere
1455 1032 1480 1051 ⁵³

267 1086 327 1121 26.

1508 1035 1640 1079 ignibus
1652 1031 1677 1051 ⁵⁴

1704 1045 1776 1067 mos
1804 1040 1859 1068 est.

381 1088 480 1120 Hanc
507 1087 593 1119 enim
622 1088 725 1121 habet
751 1088 836 1132 ignis
863 1085 1050 1120 naturam³⁵
1078 1098 1250 1127 accensus,
1288 1093 1323 1120 ut
1350 1087 1463 1130 quanti
1489 1088 1532 1119 ad
1562 1098 1637 1119 eum
1652 1081 1695 1126 ⁵⁸,
1723 1087 1837 1130 quanti
1861 1086 1904 1119 ad
1929 1086 2051 1120 crinem

102 1139 263 1182 purpurei
287 1139 474 1182 splendoris
495 1140 693 1183 aspexerint,
721 1140 816 1172 tantis
837 1139 942 1172 visum
968 1151 1046 1172 suae
1073 1139 1157 1173 lucis
1185 1139 1363 1183 impertiat,
1391 1139 1486 1171 tantis
1510 1139 1725 1171 ministerium
1752 1139 1799 1171 sui
1826 1139 1969 1172 muneris
1993 1137 2052 1170 tri·

102 1189 201 1227 buat,
231 1194 263 1223 et
290 1190 361 1234 ipse
388 1190 600 1223 nihilominus
610 1188 634 1208 ⁵³
663 1191 695 1223 in
722 1187 818 1224 suaf’H

844 1191 1033 1234 integritate
1060 1197 1264 1234 permaneat.

269 1241 327 1276 27.
382 1242 525 1286 Spiritus
559 1247 688 1276 sanctus
721 1242 854 1275 nomine
888 1253 994 1284 aquae
1029 1242 1219 1286 appellatur
1252 1242 1283 1272 in
1316 1241 1523 1284 Evangelio,
1560 1240 1706 1272 Domino
1738 1240 1902 1273 clamante
1935 1245 1968 1273 et
2001 1239 2053 1272 di-

106 1297 201 1325 cente
213 1288 255 1326 ⁵⁹:
277 1293 317 1326 Si
344 1295 420 1337 quis
446 1294 533 1333 sitit,
568 1294 684 1326 veniat
713 1294 764 1326 ad
791 1304 845 1326 me
872 1297 903 1325 ct
931 1292 1036 1325 hibat.

106 1343 153 1376 de
178 1348 299 1377 ventre
333 1345 414 1377 eius.

1095 1292 1166 1338 ῼιιὶ
1193 1293 1303 1324 eredit
1327 1293 1360 1324 in
1384 1303 1458 1331 mc,
1484 1290 1643 1336 flumina
1670 1302 1785 1335 aquae
1811 1292 1914 1324 vivae
1935 1290 2053 1336 fluent

470 1345 685 1388 Evangelista
713 1350 823 1376 autem
858 1345 1027 1388 exposuit,
1064 1344 1151 1376 unde
1187 1343 1321 1376 diceret.

1381 1343 1522 1375 Secutus
1557 1342 1641 1374 enim
1671 1343 1736 1375 ait:
1787 1343 1866 1376 Hoc
1901 1338 2056 1376 umerum

107 1395 248 1428 «licebat
277 1395 323 1427 (Ie
349 1396 491 1440 spiritu,
519 1407 620 1439 quem
649 1395 832 1440 accepturi
859 1399 959 1428 erant
987 1395 1170 1427 credentes·
1196 1395 1230 1427 in
1259 1405 1345 1426 eum.

273 1446 332 1479 28.
386 1447 455 1479 Sed
481 1447 570 1479 aliud
600 1452 647 1479 est
673 1458 760 1490 aqua
787 1447 992 1487 sacramenti,
1014 1446 1106 1478 aliud
1134 1457 1231 1488 aqua,
1260 1457 1346 1488 quae
1373 1444 1538 1489 significat
1565 1444 1717 1488 spiritum
1743 1444 1816 1478 Dei.
1849 1445 1947 1487 Aqua
1970 1444 2056 1477 enim

108 1498 303 1532 sacramenti
331 1499 466 1530 visibilis
491 1503 552 1531 est:
580 1510 667 1541 aqua
693 1499 838 1541 Spiritus
850 1494 873 1514 ⁶¹
900 1498 1067 1530 invisibilis
1096 1503 1152 1530 est.

107 1550 141 1581 in
169 1550 286 1582 anima.

1207 1497 1274 1529 Ista
1301 1497 1407 1529 abluit
1432 1506 1572 1539 corpus,
1599 1500 1631 1526 et
1657 1495 1834 1539 significat,
1861 1495 1954 1539 quod
1970 1491 1995 1512 ⁶²
2020 1496 2058 1528 fit

340 1550 405 1582 Per
431 1549 526 1582 illum
554 1556 663 1582 autem
691 1550 854 1593 Spiritum
881 1554 1027 1582 sanctum
1055 1549 1127 1593 ipsa
1155 1548 1263 1580 anima
1290 1548 1469 1581 mundatur
1496 1552 1527 1578 et
1551 1546 1728 1590 saginatur.

273 1599 331 1633 29.
385 1601 527 1644 Spiritus
560 1606 689 1635 sanctus
724 1601 803 1634 ideo
828 1601 940 1634 unctio
968 1601 1104 1642 dicitur,
1142 1600 1267 1632 Ioanne
1301 1605 1442 1632 testante
1477 1595 1686 1642 apostolom,
1722 1598 1802 1641 quia
1835 1597 1920 1631 sicut
1946 1597 2057 1630 oleum

108 1651 250 1684 naturali
276 1652 429 1696 pondere
457 1653 664 1697 superfertur
691 1653 781 1685 omni
808 1652 947 1696 liquori,
984 1653 1030 1685 ita
1064 1653 1096 1685 in
1123 1652 1289 1696 principio
1323 1651 1597 1695 superferebatur
1623 1650 1768 1694 Spiritus
1795 1654 1923 1683 sanctus
1958 1650 2056 1692 aquis.

111 1703 213 1737 Unde
241 1709 275 1736 et
301 1704 465 1737 Dominus
493 1705 570 1738 oleo
599 1704 824 1750 exultationis,
853 1704 922 1737 hoc
950 1710 997 1737 est
1023 1705 1149 1748 Spiritu
1176 1709 1290 1737 sancto
1318 1704 1442 1748 legitur
1469 1698 1602 1735 fuisseM

109 1820 150 1826 —
172 1804 221 1841 36)
236 1809 338 1831 autem
361 1803 462 1833 addidi
486 1814 500 1832 e
523 1806 579 1833 Gu.
600 1807 626 1835 1.
652 1823 688 1827 -—-
712 1806 760 1843 37)
783 1804 945 1832 identidem
969 1804 1005 1833 al.
1020 1821 1060 1826 —

110 1846 198 1883 Vulg.
223 1847 358 1885 sequitur
375 1848 437 1883 ιἰα,
462 1847 544 1885 quod
561 1858 616 1875 om.
641 1848 697 1875 Gu.
716 1851 741 1878 1.
760 1851 786 1878 2.
819 1848 914 1875 Locus
931 1852 973 1875 est
990 1848 1060 1875 Luc.

112 1890 224 1925 11,20.
247 1905 289 1911 --
318 1888 364 1927 38)
383 1890 432 1918 Sic
455 1890 511 1918 Gu.
532 1893 556 1920 1.
571 1906 611 1912 -
629 1889 716 1927 Vulg.
739 1891 784 1918 lex
806 1896 856 1920 est,
905 1890 1002 1918 Locus
1019 1894 1062 1918 est

110 1931 208 1962 Exod.
230 1933 282 1967 31,
303 1934 351 1962 18.
372 1948 415 1952 —
442 1934 490 1968 39)
502 1934 602 1970 primo
627 1943 682 1971 pro
705 1931 763 1961 hoc
785 1934 815 1960 Z.
840 1937 868 1961 et
890 1933 931 1960 sic
946 1937 1060 1970 postea.

111 1973 170 2002 Sed
195 1978 239 2002 est
261 1984 401 2002 numerus
420 1975 450 2003 L.
481 1975 577 2003 Locus
601 1980 645 2003 est
657 1976 722 2004 Act.
743 1978 845 2014 Apost.
860 1978 888 2011 2,
904 1977 931 2005 2.
950 1991 992 1995 —
1013 1976 1061 2010 4ο)

111 2018 211 2045 nostri
234 2016 301 2047 Ima
328 2017 443 2045 Clzn'stz
464 2017 532 2046 add.
549 2019 579 2046 Z.
601 2027 646 2046 va.
661 2034 703 2038 —
727 2018 784 2047 Vv.
811 2030 830 2045 α
849 2019 994 2055 passione
1008 2016 1062 2044 do-

112 2060 190 2087 mini
212 2069 270 2090 om,
292 2059 347 2087 Gu.
369 2062 394 2090 1.
413 2078 451 2082 —
475 2059 522 2087 die
545 2062 714 2098 qut‘nqnag.
737 2063 816 2088 venit
839 2062 967 2098 optritae*
987 2070 1062 2087 san-

113 2108 181 2129 ctus
203 2112 223 2130 α
249 2103 394 2140 passione
421 2101 538 2130 domini
563 2104 658 2130 nostri
681 2104 744 2131 ιέειι
766 2103 873 2131 eluisti
895 2105 951 2131 (ἆυ,
969 2106 997 2134 2.
1021 2119 1063 2124 —

113 2144 162 2181 41)
189 2150 291 2172 autem
321 2144 387 2172 add,
409 2146 441 2173 Z.
464 2155 511 2173 va.
546 2145 640 2173 Locus
663 2151 706 2174 est
729 2156 744 2174 e
768 2149 779 2176 1
807 2145 844 2174 ad
862 2146 928 2174 Cor.
948 2147 995 2180 12,
1017 2149 1062 2175 11.

114 2202 155 2208 —-
178 2188 225 2224 42)
246 2187 294 2215 Sic
317 2188 374 2216 Gu.
393 2191 420 2218 1.
435 2197 480 2215 va.
500 2188 550 2217 Ar.
570 2206 607 2209 —-
630 2189 679 2215 ὁίὀ
702 2188 780 2225 vulg.
806 2205 848 2210 —
877 2192 922 2221 43)
945 2188 1061 2225 signfi-

115 2239 223 2257 camur
239 2240 283 2268 pr.
305 2246 346 2251 —
374 2231 421 2267 44)
446 2229 530 2268 quod
549 2231 578 2260 Z,
601 2240 646 2268 pr.
667 2240 713 2258 va.
731 2248 767 2252 —
799 2233 844 2264 45)
860 2231 1002 2268 spiritale
1017 2240 1063 2258 va.

114 2287 157 2293 —
179 2270 228 2311 46)
251 2271 458 2300 declararetur
475 2273 506 2300 Z.
525 2289 561 2294 —
599 2272 646 2309 47)
662 2271 826 2309 prudentes
848 2275 929 2301 sicut
951 2284 1063 2311 serpen-

115 2319 158 2341 tes
181 2320 207 2342 et
229 2316 381 2352 simplices
403 2320 456 2345 etc.
483 2316 518 2343 al.
545 2325 559 2343 e
583 2313 686 2342 Mauh.
711 2317 759 2350 10,
789 2318 837 2347 16.
870 2333 906 2337 -—-
943 2314 992 2355 48)
1015 2316 1063 2343 Sic

117 2356 174 2385 Gn.
190 2360 216 2388 1.
235 2373 273 2378 —
290 2359 368 2385 enim
393 2358 470 2396 vulg.
494 2373 536 2379 —-
557 2361 601 2390 49)
618 2357 704 2394 Vulg.
725 2359 789 2395 ipso
810 2358 899 2394 selle,
923 2358 975 2387 sed
996 2360 1062 2396 ipso

1625 1707 1751 1736 unctuS.

1106 1815 1163 1833 om.
1187 1804 1245 1833 Gu.
1265 1807 1290 1834 1.
1315 1819 1355 1824 —
1379 1807 1423 1836 50)
1444 1803 1491 1831 Sic
1510 1803 1566 1831 Gu.
1589 1805 1613 1832 1.
1636 1805 1664 1833 2.
1683 1817 1719 1823 -—
1746 1800 1832 1838 Vulg.
1852 1805 1975 1838 propler
1996 1800 2058 1829 lwc.

1105 1864 1145 1870 —
1161 1848 1212 1877 Ar.
1232 1852 1356 1885 propter
1379 1845 1468 1884 qnod.
1493 1861 1534 1866 --
1564 1843 1610 1883 51)
1634 1845 1682 1871 Sic
1698 1845 1726 1871 Z.
1745 1844 1801 1871 Gu.
1825 1846 1850 1874 1.
1867 1846 1896 1874 2.
1910 1859 1951 1864 -
1972 1843 2059 1879 Vulg.

1105 1892 1137 1918 in
1160 1890 1249 1918 actib.
1272 1895 1369 1927 apo-st.
1392 1905 1432 1909 —
1463 1889 1510 1923 52)
1527 1887 1575 1915 Sic
1596 1888 1645 1914 Ar.
1671 1905 1707 1908 —
1730 1885 1899 1914 eruditione
1923 1885 2004 1921 vulg.
2019 1900 2060 1906 -

1104 1934 1152 1969 53)
1166 1934 1236 1969 fere
1256 1933 1285 1960 Z.
1308 1947 1350 1952 —
1373 1932 1418 1966 54)
1444 1932 1526 1966 {gnis
1544 1930 1579 1957 al.
1603 1946 1643 1950 —
1666 1928 1711 1964 55)
1727 1929 1775 1956 Sic
1798 1929 1853 1958 Gu.
1871 1931 1896 1958 1.
1912 1944 1953 1949 —
1971 1927 2055 1964 Vulg.

1105 1982 1252 2003 naturam
1275 1974 1363 2001 habet
1386 1975 1476 2011 ignes:
1495 1989 1535 1994 --
1559 1973 1589 2001 Z.
1614 1972 1669 1999 Gu.
1691 1975 1720 2003 2.
1742 1971 1831 1998 hahet
1849 1976 1912 1999 nat.
1930 1972 1993 2009 ign.
2016 1985 2057 1992 -

1106 2021 1152 2055 56)
1172 2018 1281 2056 quanli
1304 2016 1347 2044 ad
1368 2026 1436 2043 eum
1460 2026 1517 2043 om.
1535 2015 1567 2044 Z.
1591 2030 1631 2036 —·
1656 2018 1699 2048 57)
1721 2016 1769 2042 Sic
1792 2014 1824 2044 Z.
1847 2015 1901 2042 Gn.
1921 2017 1946 2044 1.
1963 2016 1990 2044 2.
2010 2013 2058 2041 Ar.

2034 2062 2044 2077 2

1106 2111 1146 2116 —
1163 2094 1249 2131 Vulg.
1270 2093 1407 2122 nihilvm.
1426 2093 1499 2129 ipse.
1525 2108 1559 2111 —
1587 2096 1621 2118 ut
1644 2091 1780 2121 nihilom.
1803 2101 1851 2119 va.
1872 2106 1914 2112 —
1936 2088 1982 2127 58)
2003 2099 2059 2116 suu

1108 2136 1178 2175 (sic)
1199 2137 1254 2164 Gu.
1274 2140 1302 2167 2.
1326 2152 1366 2156 —
1396 2138 1442 2170 59)
1465 2133 1528 2162 Ioh.
1552 2136 1580 2169 7,
1597 2136 1644 2165 38.
1668 2136 1717 2165 39.
1740 2149 1781 2154 —-—
1804 2132 1849 2172 60)
1865 2135 1942 2161 enlm
1964 2133 2058 2160 Gu.1.

1108 2183 1135 2210 2,
1161 2197 1194 2201 —
1229 2182 1276 2214 61)
1295 2178 1378 2215 Vulg.
1397 2177 1466 2205 add.
1490 2178 1607 2208 sancti,
1634 2176 1715 2214 quod
1740 2187 1795 2205 om.
1819 2178 1875 2203 (ἆυ.
1894 2179 1920 2207 1.
1944 2190 1981 2195 —
2012 2170 2056 2210 62)

1108 2232 1184 2260 quae
1198 2222 1241 2260 fit
1266 2222 1322 2250 Gu.
1342 2225 1368 2252 1,
1392 2236 1428 2241 -
1456 2218 1540 2258 quod
1568 2225 1609 2246 cst
1634 2221 1666 2246 in
1690 2220 1795 2246 amssma
1826 2219 1881 2246 Gu.
1901 2220 1931 2248 2.
1952 2231 1988 2237 -
2010 2215 2056 2241 De

1107 2264 1210 2292 eadem
1234 2265 1305 2292 trin.
1329 2263 1358 2291 h.
1374 2263 1393 2291 l.
1409 2263 1477 2291 add.
1494 2264 1547 2290 Gu.
1562 2264 1589 2292 2.
1614 2272 1661 2290 va.
1676 2278 1717 2283 —
1735 2260 1782 2301 63)
1801 2262 1850 2289 Sic
1863 2261 1918 2288 Gu.
1935 2256 2055 2303 12131'·

1106 2323 1148 2328 -
1163 2307 1299 2345 apostolo
1323 2311 1387 2334 test.
1414 2305 1494 2343 vulg.
1517 2322 1555 2325 —
1579 2310 1740 2332 attestante
1755 2314 1801 2333 va.
1820 2319 1860 2325 --
1892 2302 2056 2336 54)Ju1s.9e

1106 2349 1217 2388 legitur
1242 2350 1272 2377 Z.

1562 2398 1657 2431 Fr*
