2264 2830
769 99 1015 134 ORIGINUM
1048 100 1194 136 LIBER
1216 103 1341 137 XVIII.

257 197 314 232 10.

89 249 182 293 quod
209 249 395 283 audierunt.

89 302 136 333 tio
164 305 281 346 tegunt
296 297 330 334 ²⁷.

632 374 660 407 C
685 375 715 407 A
744 375 780 407 Ρ.
835 374 924 406 xvl.

1010 374 1084 407 De

1961 101 2035 137 571

369 196 445 230 I)u0
473 201 546 230 sunt
573 200 681 228 autem
694 191 718 210 ²⁵
745 206 870 239 genera
898 195 1047 235 testium,
1085 201 1140 228 aut
1167 197 1331 239 dicendo,
1366 195 1457 239 quod
1470 191 1495 211 ²⁸
1531 193 1700 235 viderunt,
1735 199 1790 227 aut
1817 196 2037 240 proferendo,

450 249 588 281 Duobus
615 253 725 280 autem
754 245 862 279 modis
890 252 987 279 testes
1015 247 1231 291 delinquunt,
1258 261 1335 283 cum
1364 254 1419 280 aut
1446 246 1527 279 salsa
1554 251 1730 290 promunt,
1756 252 1812 280 aut
1839 259 1916 281 vera
1938 250 2038 282 zilen—

1135 376 1501 421 spectaculis.

258 453 289 486 1.
343 452 563 497 Spectacula,
598 456 633 484 ut
660 451 796 495 opinor,
830 451 1031 495 generaliter
1057 452 1266 484 nominantur
1292 452 1495 495 voluptates,
1531 462 1617 493 quae
1644 461 1709 482 non
1736 461 1796 494 per
1825 448 2037 495 semetipsam

91 505 276 547 inquinant,
305 504 363 537 sed
392 515 453 548 per
478 515 534 546 ea,
575 515 661 546 quae
689 504 758 535 illic
771 500 795 519 ²⁹
822 508 990 547 geruntur.

91 556 181 589 blica
201 556 243 588 ibi
269 556 467 599 praebeatur
485 555 645 599 inspectio
661 552 694 589 ³¹⁰,

93 658 179 691 duce
207 658 408 701 Tyrrheno,
436 660 492 701 qui
520 659 611 690 fratri
639 655 733 691 suo³¹

93 721 145 742 ros
172 709 250 741 ritus
277 711 540 753 superstitionum
569 722 699 742 suarum
727 710 918 753 spectacula
946 720 1080 751 quoqne

92 761 267 794 accersitos
280 758 304 777 ³¹³
331 762 474 794 artifices
502 763 641 794 mutuati
668 767 758 802 sunt,
793 767 824 793 et
850 760 927 792 inde
955 757 1061 792 ludi¹⁰

91 818 245 853 vocatos,
281 813 372 855 quod
385 810 409 829 ⁴²
437 814 569 845 iuvenes
596 824 657 857 per
684 813 753 844 dies
781 813 880 845 festos
911 811 1061 843 solebant
1088 812 1158 844 ludi
1186 813 1383 845 exultatione
1412 812 1579 855 populum
1607 810 1774 844 delectare
1785 807 1818 843 ⁴³.

1060 504 1156 537 Dicta
1184 509 1293 536 autem
1319 503 1510 547 spectacula
1538 513 1596 543 eo,
1637 502 1728 545 quod
1757 502 1944 535 hominibus
1969 514 2035 547 pu—

749 555 844 587 Haec
869 559 900 586 vt
924 554 1052 586 ludicra
1072 561 1276 598 nuncupata,
1305 554 1396 598 quod
1426 554 1456 586 in
1484 554 1570 585 ludis
1592 558 1758 597 gerantur,
1787 560 1841 586 aut
1868 555 1900 586 iu
1923 555 2036 587 scenis.

258 607 290 640 2.
342 607 515 639 Ludorum
544 607 641 651 origo
669 603 749 639 εἰςζιι
778 606 934 638 traditur:
962 606 1088 649 Lydios

761 664 903 691 cesserat
929 668 1069 701 regnum
1098 659 1309 690 contentione
1325 654 1359 688 3⁷¹.

1099 603 1123 622 :1²
1530 602 1555 621 :153

1581 605 1612 637 in
1634 605 1790 637 Hetruria
1814 605 2035 638 consederunt

1415 653 1553 701 Igitur³⁴⁵
1580 657 1612 688 in
1633 657 1790 689 Hetruria
1816 657 1900 690 inter
1922 662 2035 691 caete-

1142 709 1311 753 religionis
1339 709 1470 740 nomine
1498 708 1673 740 intulerunt
1686 705 1719 740 ³⁸.
1783 708 1863 741 Inde
1890 709 2035 741 Romani

1090 761 1198 793 vocati
1234 767 1315 794 sunt.
1380 761 1484 792 Varro
1513 764 1621 791 antem
1651 759 1730 791 dicit
1758 759 1854 792 ludos
1882 771 1900 792 a
1927 761 1997 792 luso
2011 756 2034 776 ⁴¹

1877 811 1978 844 Unde
2005 816 2037 844 et

1151 618 1189 638 ex
1212 607 1290 638 Asia
1319 610 1519 638 transvectos

1091 706 1115 724 537

92 875 166 896 eum
196 865 300 896 lusum
328 866 481 897 iuvenum
510 870 542 896 et
569 864 686 897 diebus
713 864 800 896 festis
828 868 860 895 et
886 863 1018 907 templis
1045 868 1077 895 et
1102 864 1317 908 religionibus
1344 859 1543 907 reputantn.

259 924 293 958 3.
347 924 438 956 Mhi!
467 921 550 956 est⁴⁵
573 924 637 956 iam
666 923 709 956 ‹le
736 934 834 956 causa
861 923 1031 963 vocabuli,
1079 923 1158 956 dum
1196 924 1241 956 rei
1270 935 1367 957 causa
1397 919 1607 955 idololatria⁴

93 975 215 1008 miscue
244 975 313 1008 ludi
341 976 509 1008 Liberalia
534 975 754 1015 vocabantur,
789 975 834 1007 ob
862 974 1024 1007 honorem
1056 974 1169 1007 Liberi
1199 977 1308 1020 patris.

93 1026 241 1066 macula,
284 1038 325 1059 ne
351 1028 474 1059 bouum
503 1027 671 1066 aestimes,
714 1027 806 1069 quod
838 1026 963 1058 initium
992 1038 1010 1058 a
1035 1027 1123 1058 malo
1152 1028 1293 1072 accepit.

93 1079 261 1115 circensis.
291 1084 345 1111 aut
371 1079 606 1123 gla‹liat0rius·‚
637 1083 693 1111 aut
720 1079 878 1112 scenicus.

584 1163 613 1197 C
640 1165 668 1198 A
696 1165 733 1197 P.
788 1164 895 1197 XVII.

93 1333 246 1367 exercitia
273 1335 444 1378 gymnasia
472 1335 632 1368 dicantur.

976 1164 1048 1196 De

258 1231 288 1264 l.
345 1231 527 1274 Gymnicus
554 1232 650 1265 ludus
679 1238 725 1265 est
752 1233 936 1266 velocitatis
964 1243 1004 1264 ac
1031 1232 1146 1264 virium
1174 1232 1294 1276 gloria.

94 1286 287 1315 exercentur
313 1282 460 1315 athletae
484 1289 516 1316 et
549 1295 719 1316 cursorum
750 1284 905 1317 velocitas
933 1284 1184 1327 comprobatur.

1609 918 1621 939 ‘⁵
1655 921 1703 955 sit.
1769 920 1871 954 Unde
1897 926 1930 954 et
1956 932 2037 965 pro-

1362 975 1419 1009 Ob
1446 974 1515 1008 hoc
1542 972 1758 1017 despicienda
1772 969 1796 989 ‘¹⁷
1829 977 1876 1005 est
1903 972 2037 1017 originis

1355 1027 1470 1060 Ludus
1504 1031 1613 1059 autem
1649 1021 1859 1070 gymnicus⁴⁸
1886 1028 1948 1065 est,
1982 1028 2037 1057 aut

1102 1164 1226 1196 ludo
1278 1164 1535 1207 gymnico,

1347 1231 1447 1264 Cuius
1475 1231 1568 1264 locus
1590 1229 1798 1274 gymnasium
1821 1228 1952 1268 dicitur,
1981 1228 2036 1260 ubi

1253 1283 1341 1315 Hinc
1368 1282 1507 1319 accidit,
1545 1286 1581 1313 ut
1607 1280 1753 1313 omnium
1781 1290 1890 1324 prope
1917 1280 2037 1312 artium

259 1393 292 1425 2.
346 1394 453 1426 Antea
466 1391 489 1411 ⁴⁰
517 1395 603 1427 enim
631 1394 663 1426 in
693 1390 809 1427 Iocis-⁵⁰
835 1399 997 1428 certantes
1025 1394 1123 1427 cincti
1152 1399 1260 1431 erant.
1287 1405 1328 1426 ne
1355 1393 1576 1431 nudarentur,
1620 1396 1696 1435 post
1724 1391 1871 1423 relaxato
1900 1389 2036 1435 cingulo

95 1450 231 1488 repente
260 1450 442 1489 prostratus
471 1451 503 1478 et
514 1443 538 1462 ⁵¹
564 1447 766 1478 exanimatus
789 1451 837 1477 est
863 1446 998 1488 quidam
1028 1457 1148 1478 cursor.

1204 1446 1316 1486 Quare
1344 1456 1383 1477 ex
1407 1444 1530 1477 consilii
1549 1444 1684 1476 decreto
1701 1447 1778 1474 tnnc
1798 1441 1926 1475 archon
1948 1441 2037 1485 Hip-

95 1495 310 1539 pomencsssl,
338 1502 373 1528 ut
399 1497 478 1528 nudi
506 1497 665 1542 deinceps
692 1508 806 1529 omues
834 1497 1106 1537 exercitarentur,
1134 1497 1291 1540 permisit.
1344 1497 1395 1528 Ex
1423 1496 1483 1529 illo
1511 1494 1722 1539 gymnasium
1743 1493 1869 1525 dietum
1881 1489 1917 1534 ⁵³,
1946 1492 2038 1536 quod

94 1548 226 1580 iuvenes
251 1547 330 1580 nudi
358 1553 549 1582 exercentur
564 1546 589 1565 ⁵*

429 1633 458 1667 C
484 1634 516 1666 A
542 1634 579 1668 P.
633 1634 757 1667 XVIII.
835 1633 873 1666 D
891 1645 910 1666 e

960 1633 1262 1679 generibus

615 1550 647 1581 in
675 1559 816 1592 camp0‚
845 1549 900 1581 ubi
927 1549 999 1581 sola
1027 1553 1151 1580 tautum
1180 1544 1403 1581 verecunda55
1427 1547 1620 1591 operiuntur
1631 1542 1665 1576 ⁵⁶.

1314 1633 1704 1678 gymnicorum.

260 1701 394 1734 Genera
420 1702 654 1746 gymnicorum
682 1704 826 1745 quinque
836 1698 870 1743 5⁷,
897 1701 930 1734 id
959 1707 1006 1734 est
1016 1699 1042 1719 ⁵5
1067 1702 1176 1743 saltus,
1204 1713 1326 1741 cursus„
1353 1702 1473 1742 iactus,
1500 1701 1600 1733 virtus
1628 1704 1725 1742 atque
1752 1696 1896 1730 luctatio.
1937 1695 2039 1728 [nde

95 1752 203 1784 ferunt
228 1753 395 1795 quendam
422 1765 536 1798 regem
563 1758 613 1786 tot
640 1753 726 1786 fihos
752 1753 979 1787 adolescentes
1005 1753 1186 1787 habentem
1214 1753 1354 1786 totidem
1391 1753 1568 1798 generibus
1600 1752 1644 1784 de
1672 1761 1777 1794 regno
1805 1748 1930 1780 iussisse
1957 1758 2039 1781 con-

95 1802 240 1835 tendere.

98 1911 155 1940 Gn.
175 1913 200 1941 1.
219 1912 248 1941 2.
271 1921 319 1949 pr.
336 1921 383 1940 va.
406 1912 458 1942 Ar.
483 1927 524 1933 —-·
545 1915 591 1947 32)
619 1913 667 1941 Sic
684 1913 740 1941 Gn.
760 1917 786 1944 1.
804 1916 832 1944 2.
856 1914 893 1941 al.
919 1931 956 1935 —
981 1916 1047 1951 Ly-

97 1953 143 1981 dit
161 1953 241 1990 vulg.
274 1968 316 1974 --
343 1953 391 1992 33)
415 1954 463 1982 Sic
486 1954 541 1982 Gu.
570 1957 595 1985 1.
625 1958 653 1986 2.
683 1972 726 1978 —
754 1961 944 1983 transeunte-5
967 1957 1046 1995 vulg.

95 2012 137 2017 —
159 1997 360 2023 transvenas-se
386 1997 416 2024 Z.
443 2013 484 2018 —
513 2002 690 2026 transvenae
712 1999 761 2027 Ar.
791 2015 833 2020 -—
869 2005 1047 2027 tranmenas

97 2038 133 2066 al.
144 2056 181 2060 -
192 2040 240 2073 34)
250 2039 303 2076 qui
315 2049 384 2066 cum
402 2039 501 2075 fratri
514 2049 568 2066 suo
585 2047 710 2069 cesserat
723 2051 821 2069 va.——
837 2044 881 2077 35)
893 2042 941 2070 Sic
950 2042 980 2069 Z.
991 2043 1047 2071 Gu.

100 2084 125 2110 1.
152 2083 180 2112 2.
204 2081 241 2109 al.
265 2097 307 2102 —
337 2087 463 2109 cesserat
493 2083 578 2119 regni
606 2085 788 2112 contentione
814 2085 863 2112 Ar.
891 2101 927 2106 ·-
960 2085 1045 2123 Vulg.

97 2129 279 2150 successerat
301 2125 334 2151 in
356 2134 457 2162 regno.
486 2142 523 2146 -
558 2127 739 2161 consessione
762 2127 818 2154 Gu.
843 2131 870 2158 1.
900 2143 942 2148 --
971 2138 1045 2155 con-

97 2167 229 2193 sensione
252 2166 307 2194 Gu.
323 2169 350 2197 2.
373 2182 415 2188 -—
437 2163 484 2205 36)
507 2166 556 2194 Sic
575 2167 604 2196 Z.
631 2168 722 2198 Gu.1.
742 2171 771 2199 2.
795 2179 840 2207 pr.
863 2179 908 2199 va.
933 2170 984 2198 Ar.
1005 2187 1041 2192 —

96 2219 166 2247 ergo
197 2209 277 2245 vulg.
300 2224 342 2229 —
370 2211 416 2245 37)
440 2220 574 2247 quaeque
597 2210 627 2237 Z.
656 2225 697 2232 —
729 2212 774 2247 38)
798 2212 844 2239 Sic
875 2213 931 2241 Gu.
956 2215 982 2244 1.
1003 2230 1043 2235 —

97 2252 294 2279 instituerunt
315 2251 395 2288 vulg.
420 2267 462 2273 —
487 2254 532 2285 39)
556 2254 716 2279 arcessitos
738 2253 792 2281 Gu.
808 2257 837 2285 2.
860 2264 906 2292 pr.
931 2272 969 2276 -—
994 2256 1043 2291 40)

99 2304 117 2321 α
139 2292 250 2331 Ιΰαίἰῖς
278 2293 346 2322 add.
377 2294 474 2331 vulg.‚
507 2294 588 2332 quod
620 2305 676 2323 om.
707 2294 761 2323 Gu.
785 2297 812 2325 1.
844 2312 878 2317 —
911 2296 1044 2325 ludiales

100 2346 153 2373 pro
181 2335 239 2365 hoc
269 2335 388 2365 exhibet
419 2346 464 2365 va.
493 2337 548 2366 Gu.
571 2340 598 2369 2.
635 2354 672 2358 ——
720 2337 767 2373 41)
790 2337 861 2366 lusa
892 2338 978 2368 Arev.
1003 2358 1040 2361 —-

1090 1916 1138 1950 42)
1162 1920 1194 1942 ut
1219 1916 1341 1942 iuvenes
1363 1923 1408 1951 pr.
1434 1928 1475 1933 —-
1510 1912 1556 1947 43)
1579 1911 1629 1939 Sic
1650 1911 1705 1938 Gn.
1727 1912 1753 1940 1.
1772 1911 1800 1939 2,
1828 1923 1864 1928 -
1890 1905 1946 1936 del.
1966 1918 2038 1945 pop.

1089 1957 1172 1995 vulg.
1202 1972 1242 1978 -
1276 1957 1324 1992 44)
1347 1960 1467 1992 reputat
1491 1953 1578 1983 Arev.
1607 1968 1649 1975 —
1684 1950 1730 1989 45)
1754 1956 1796 1978 eat
1819 1949 1920 1978 addidi
1943 1959 1957 1978 e
1980 1950 2037 1980 Gu.

1091 2002 1117 2029 1.
1142 2002 1168 2030 2.
1202 2015 1243 2020 -—
1273 1998 1321 2037 46)
1346 1998 1495 2024 idolatria
1521 1996 1577 2024 Gu.
1604 1998 1631 2026 2.
1663 2005 1707 2033 pr.
1732 2003 1780 2023 va.
1804 2009 1845 2013 —
1867 1992 1913 2031 47)
1932 2003 2038 2031 respu—

1090 2041 1167 2068 enda
1190 2051 1235 2068 va.
1266 2056 1302 2060 —
1343 2042 1390 2077 48)
1414 2045 1467 2067 aut
1495 2049 1596 2077 gimn.
1628 2038 1731 2068 Gu.2.
1762 2052 1804 2058 —
1833 2034 1879 2073 49)
1908 2041 1978 2063 ante
2007 2035 2036 2063 Z.

1088 2100 1129 2105 —
1152 2085 1196 2119 50)
1227 2084 1303 2110 iocis
1334 2083 1383 2110 Ar.
1413 2098 1454 2104 -
1493 2080 1539 2120 51)
1563 2087 1589 2109 et
1622 2091 1678 2109 om.
1709 2080 1766 2107 Gu.
1794 2082 1819 2109 1.
1843 2087 1888 2106 va.
1918 2093 1959 2099 -
1990 2078 2036 2112 52)

1096 2127 1257 2164 IPonensi-s·
1282 2127 1337 2152 (ju.
1360 2128 1384 2155 1.
1400 2127 1428 2155 2.
1450 2140 1491 2146 —
1514 2124 1683 2162 meziensis
1706 2133 1751 2151 va.
1774 2138 1815 2143 -
1844 2122 1889 2154 53)
1903 2125 1945 2147 est
1969 2119 2035 2147 add·

1087 2169 1166 2205 vulg.
1190 2184 1223 2188 ——-
1253 2168 1318 2196 Om.
1348 2168 1379 2195 Z.
1410 2168 1466 2196 Gu.
1495 2169 1520 2196 1.
1546 2176 1593 2195 va.
1626 2166 1673 2194 Ar.
1703 2182 1739 2186 —
1770 2166 1818 2200 54)
1841 2164 2034 2190 exercitaren-

1086 2217 1137 2238 tur
1166 2221 1211 2238 va.
1248 2227 1289 2232 —-
1325 2212 1369 2246 55)
1402 2211 1450 2238 Sic
1486 2209 1542 2237 Gu.
1568 2213 1594 2240 1.
1622 2209 1659 2237 al.
1690 2219 1737 2236 va.
1761 2224 1802 2228 --
1846 2203 1971 2231 verenda
2001 2202 2031 2230 Z-

1087 2255 1138 2282 Ar.
1164 2271 1201 2275 ——
1222 2251 1369 2290 pudenda
1400 2253 1477 2289 vulg.
1508 2268 1547 2273 --
1580 2250 1625 2289 56)
1657 2252 1833 2290 operiantur
1861 2247 1892 2274 Z.
1916 2259 1956 2265 —-
1985 2242 2030 2280 57)

1086 2301 1154 2323 sunl
1179 2298 1311 2334 quinque
1332 2296 1362 2323 Z.
1386 2311 1424 2316 —
1457 2293 1506 2334 58)
1529 2294 1564 2322 ιἰΙ
1584 2300 1625 2322 est
1652 2294 1754 2323 addidi
1779 2302 1792 2319 e
1815 2290 1845 2317 Z.
1872 2288 1926 2314 Gu,
1954 2288 1978 2316 1.
2002 2287 2030 2316 2·

1085 2339 1120 2366 al.
1145 2347 1192 2366 va.

1460 2381 1593 2413 Cccc
1614 2382 1632 2403 *
