2264 2830
760 56 1020 118 'OanlNUM
1054 85 1199 120 LIBER
1224 87 1298 122 Vll.
1935 92 2008 127 251

61 181 182 224 quibus
210 180 242 212 in
275 180 402 224 templo
430 179 492 212 Dei
519 178 647 222 mystici
683 177 877 211 sacramenti
905 176 1095 222 mysteria³⁰

1123 181 1351 225 explebantur.
1406 181 1452 214 Hi
1487 181 1617 215 Graece
1653 180 1858 227 diacones³⁷‚
1892 185 2009 221 Latine

63 233 199 266 ministri
221 232 388 271 dicuntur,
419 231 495 274 quia
517 232 597 263 sicut
617 230 648 261 in
670 229 844 262 sacerdote
866 232 1082 270 consecratio,
1104 232 1147 264 ita
1171 234 1202 265 in
1227 233 1370 266 diacono
1392 234 1559 265 ministerii
1579 234 1779 278 dispensatio
1803 235 2008 272 habentur&

230 282 288 315 23.
342 282 603 326 Hypodiacones
614 278 638 298 ³⁹
663 282 806 321 Graece,
834 291 917 324 quos
939 292 998 314 nos
1019 282 1241 317 subdiaconos
1265 285 1414 325 dicimus,
1439 286 1494 328 qui
1516 285 1593 318 ideo
1616 286 1662 319 sic
1683 288 1906 330 appellantur,
1934 290 2011 331 quia

64 335 236 368 subiacent
263 333 450 378 praeceptis
477 338 508 365 et
534 333 655 365 officiis
683 333 876 374 levitarum,
903 333 959 376 qui
987 334 1018 366 in
1033 332 1058 351 ⁴⁰
1084 335 1192 368 lsssdra
1220 336 1384 368 Natlianei
1413 337 1643 380 appellantur,
1677 338 1712 370 id
1740 345 1786 371 est
1814 340 1845 371 in
1873 339 2011 372 humili-

64 392 132 419 tate
161 386 305 419 Domino
333 386 516 418 servientes.

65 437 301 483 perponendas
331 437 487 469 altaribus
515 436 679 470 deserunt.

571 384 768 417 Oblationes
796 385 881 417 enim
908 384 940 417 in
968 386 1096 430 templo
1124 387 1186 419 Dei
1215 399 1233 419 a
1261 388 1417 420 fidelibus
1445 389 1506 432 ipsi
1533 389 1729 434 suscipiunt,
1767 394 1799 423 et
1826 391 1932 424 levitis
1956 402 2011 424 su-

733 437 779 469 Hi
807 436 897 480 apud
920 436 1093 470 Hebraeos
1120 436 1335 472 Nathinneiu
1360 446 1527 472 vocantur.

232 488 289 521 2⁴.
340 489 499 521 Lectores
527 500 545 520 a
570 488 737 532 legendo,
765 493 797 520 et
808 485 833 504 ⁴²
859 489 1048 532 psalmistae
1076 501 1094 521 a
1123 492 1257 533 psalmis
1285 491 1443 524 canendis
1471 492 1586 524 vocati.
1628 493 1678 524 llli
1706 494 1792 525 enim
1816 494 2013 536 praedicant

66 540 212 586 populis,
239 539 317 584 quid
345 544 540 583 sequantur,
568 540 619 572 isti
645 545 784 580 canunt,
810 544 847 571 ut
873 541 1016 573 excitent
1042 541 1084 572 ad
1113 542 1377 575 coniunctionem
1406 543 1532 574 animo>¹
1560 543 1773 583 audientium,
1801 542 1910 577 licet'³
1937 546 2012 589 qui-

67 594 146 625 dam
173 593 313 625 lectores
340 591 383 624 ita
411 591 601 623 miseranter
628 591 864 636 pronuncient,
892 597 928 623 ut
954 593 1117 635 quosdam
1146 593 1188 625 ad
1217 595 1341 626 luctum
1369 594 1705 637 lamentationemque
1732 597 1944 640 compellant.

232 642 292 678 25,

347 643 453 676 lidem
482 644 579 675 etiam
608 650 640 675 ct
667 644 939 687 pronunciatores
950 641 975 661 Η

1002 650 1171 685 vocantur,
1199 646 1291 687 quod
1320 656 1422 690 porro
1452 643 1693 682 annuncient&
1737 648 1845 680 'santa
1873 649 1960 680 enim
1980 652 2012 681 et

66 699 134 728 tarn
162 694 251 728 clara
279 692 372 726 (Ὓίῑω
398 706 461 727 vox
490 692 657 735 eorumfl,
693 700 729 727 ut
755 695 904 738 quamvis
933 696 1034 740 longe
1055 697 1240 740 positorum
1264 709 1358 730 aures
1384 698 1599 742 adimpleant.

232 746 290 778 26.
344 746 469 779 Cantor
496 752 605 779 autem
633 751 783 787 vocatus,
812 747 889 789 quia
916 758 1035 780 vocem
1059 746 1287 782 m0‹lu1etur⁴‘⁵
1313 749 1344 780 in
1373 755 1481 785 cantu,
1518 750 1624 781 Huius
1651 749 1719 781 duo
1746 761 1870 794 genera
1894 750 2012 783 dicun-

67 802 120 829 tur
146 797 178 829 in
205 803 275 830 arte
299 799 441 838 musica,
471 799 555 831 sicut
582 810 619 830 ea
648 799 740 831 docti
767 797 919 830 homines
947 799 1065 831 Latine
1093 800 1205 833 dicere
1232 806 1428 844 potuerunt,
1456 806 1655 846 praecentor
1683 806 1716 834 et
1742 807 1927 836 succentor.

232 849 290 882 27.

346 850 547 883 Praecentor
573 846 752 890 scilicetffl,
780 850 837 892 qui
863 861 982 883 vocem
1011 853 1191 895 praemittit
1217 852 1249 884 in
1278 857 1384 885 cantu.

168 899 355 934 Succentor
381 907 491 934 autem
502 899 545 943 ⁵⁰,
573 903 629 944 qui
655 902 892 944 subsequenter
905 899 928 918 ⁵¹
957 903 1109 935 canendo
1137 904 1328 948 respondet.

233 952 291 986 28.
344 953 535 986 Concentor
560 958 670 986 autem
698 953 837 995 dicitur,
879 951 968 997 qui⁵²
996 961 1171 988 consonat:
1211 956 1266 999 qui
1277 952 1301 972 ⁵³
1328 960 1438 988 autem
1466 966 1532 987 non
1561 959 1739 996 consonat,
1773 966 1835 988 nec
1861 954 2014 995 concinit,

68 1012 129 1034 nec
156 1009 336 1037 concentor
346 1001 370 1021 ⁵¹
398 1006 468 1037 erit.

231 1056 291 1090 29.
346 1056 510 1100 Acolythi
535 1057 685 1097 Graece,
712 1056 830 1089 Latine
855 1057 1046 1090 ceroferarii
1074 1058 1246 1101 dicuntur,
1284 1070 1303 1090 a
1330 1057 1549 1102 deportandis
1576 1058 1699 1098 cereis,
1733 1056 1869 1100 quando
1897 1057 2016 1100 legen-

68 1103 149 1139 dum
177 1112 225 1140 est
252 1104 527 1153 Evangeliu1n55,
557 1113 612 1140 aut
639 1109 839 1142 sacrificium
868 1109 1092 1142 offerendum.

232 1158 291 1191 30.

68 1209 160 1249 bras,
185 1210 265 1243 dum
295 1223 335 1243 eo
364 1218 516 1256 tempore
539 1212 588 1243 sol
616 1208 758 1244 rutilet⁵³

346 1161 445 1193 'l'unc
473 1160 558 1193 enim
586 1160 813 1193 accenduntur
840 1161 1013 1193 luminaria
1040 1162 1082 1194 ab
1110 1161 1154 1194 eis
1183 1166 1213 1193 et
1240 1160 1476 1205 deportantur,
1503 1170 1568 1191 non
1594 1159 1636 1191 ad
1665 1159 1864 1204 effugandas
1875 1155 1899 1175 ⁵⁰
1923 1163 2015 1190 tene-

761 1235 770 1251 ,
798 1212 854 1244 sed
884 1212 926 1243 ad
955 1213 1085 1256 signum
1115 1213 1258 1244 laetitiae
1286 1211 1598 1251 demonstrandum,
1626 1216 1661 1243 ut
1687 1212 1747 1243 sub
1776 1216 1858 1254 typo
1887 1208 2016 1242 luminis

69 1263 253 1305 corporalis
274 1263 330 1296 illa
353 1263 408 1295 lux
432 1263 634 1301 ostendatur,
662 1262 706 1295 de
733 1274 798 1304 qua
819 1263 850 1294 in
873 1263 1062 1308 Evangelio
1085 1264 1224 1308 legitur:
1251 1262 1344 1295 Erat
1366 1263 1427 1295 Ins·
1454 1273 1551 1304 vera,
1576 1273 1666 1306 quae
1687 1263 1860 1295 illuminat
1882 1272 2017 1294 onmem

69 1312 241 1346 hominem
267 1315 457 1348 venientem
486 1315 520 1346 ἱιι
541 1314 633 1346 hunc
659 1313 828 1345 mnndum
838 1310 872 1345 ⁵⁸.

237 1364 294 1397 31.

350 1362 576 1399 Exorcistaeffl
604 1376 643 1397 ex
678 1365 812 1397 Graeco
839 1365 871 1396 in
899 1365 1053 1398 Latinum
1082 1365 1270 1397 adiurantes
1281 1361 1320 1405 ⁰⁰,
1364 1364 1430 1395 sive
1458 1363 1666 1407 increpantes
1693 1369 1864 1397 vocantur,

1917 1363 2017 1395 Invo-

70 1418 145 1447 cant
173 1416 258 1448 enini
287 1428 387 1461 super
414 1417 673 1450 cathecumenos
684 1412 724 1455 ⁰¹,
753 1416 805 1448 vel
834 1428 934 1460 super
961 1428 1034 1458 eos,
1069 1417 1125 1459 qui
1149 1416 1273 1448 habent
1299 1415 1448 1459 spiritum
1475 1415 1702 1456 immundum,
1737 1426 1858 1448 nomen
1885 1413 2019 1446 Domini

72 1467 145 1499 lesu
172 1466 348 1509 Chris-ciffi,
377 1469 564 1501 adiurantes
591 1479 654 1511 per
682 1479 775 1508 eum,
804 1473 839 1499 ut
862 1467 1054 1511 egrediatur
1081 1469 1123 1499 ab
1152 1467 1205 1499 eis.

237 1519 294 1551 32.

70 1631 146 1653 eum
172 1621 361 1655 immundus
384 1623 417 1654 in
445 1622 535 1655 omni
561 1634 606 1656 re.

234 1673 293 1707 33.

349 1519 481 1552 Ostiarii
507 1519 607 1551 iidem
633 1524 665 1550 et
689 1515 884 1559 ianitoresffl,
913 1519 968 1561 qui
980 1515 1003 1535 ¹⁵⁴
1030 1519 1063 1550 in
1091 1518 1200 1551 Esdra
1227 1513 1414 1550 custo‹les⁰⁵
1437 1516 1554 1559 templi
1577 1515 1730 1548 dicuntur
1757 1526 1927 1548 servorum
1956 1515 2019 1548 Sa-

69 1568 212 1601 lomonis
234 1571 302 1612 lilii,
329 1571 385 1614 qui
411 1571 443 1603 in
470 1571 573 1603 veteri
600 1574 794 1602 testamento
823 1570 918 1603 electi
951 1575 1024 1602 sunt
1051 1570 1094 1602 ad
1123 1569 1307 1603 custodiam
1335 1568 1473 1612 templi,
1508 1573 1543 1600 ut
1570 1578 1635 1599 non
1662 1567 1893 1613 ingrederetur
1904 1564 1928 1583 ⁰¹⁵
1952 1567 1984 1599 in

660 1621 749 1655 Dicti
770 1626 879 1654 autem
909 1622 1048 1663 ostiarii,
1075 1621 1167 1665 quod
1196 1620 1341 1665 praesint
1368 1620 1456 1652 ostiis
1483 1616 1647 1663 templiffl.

347 1673 414 1718 Ipsi
441 1674 526 1706 enim
549 1678 696 1706 tenentes
723 1673 851 1706 clavem
876 1674 986 1706 omnia
1013 1675 1098 1706 intus
1126 1678 1284 1716 extraque
1311 1671 1510 1713 custodiunt,
1533 1676 1633 1714 atque
1659 1670 1743 1702 inter
1768 1670 1875 1702 bonos
1897 1673 1928 1701 et
1948 1680 2019 1701 ma-

1997 1562 2019 1582 ῦῗ

70 1722 121 1755 los
148 1722 344 1758 habentes‘¹ss
371 1726 529 1760 iudicium
557 1725 676 1758 fideles
705 1725 886 1769 recipiunt,
914 1730 1074 1770 respuunt
1101 1725 1264 1758 infideles.

73 1815 230 1843 Natlzanei
249 1826 312 1845 var.
329 1817 395 1845 lect.
412 1827 457 1856 ap.
479 1817 569 1848 Goth.
596 1834 632 1839 —
658 1815 705 1856 42)
729 1822 755 1845 ct
778 1827 834 1845 οιη,
859 1817 913 1845 Gu.
928 1819 956 1848 2,
976 1818 1025 1846 Ar.

72 1874 113 1878 —-
139 1858 184 1891 43)
208 1859 377 1896 Vulg.lieet
396 1865 437 1893 et,
463 1861 513 1888 sed
528 1866 554 1888 et
578 1870 633 1890 om.
651 1860 707 1888 Gn.
729 1862 756 1891 1.
780 1876 821 1880 —
849 1860 893 1889 44)
920 1866 946 1887 et
970 1860 1024 1888 ad-

73 1899 135 1927 didi
155 1910 169 1928 e
186 1911 232 1929 va.
257 1901 337 1930 Idem
354 1903 430 1930 enim
449 1903 615 1940 significare
630 1903 760 1939 videtur,
785 1903 864 1940 quod
880 1902 909 1930 in
923 1903 978 1930 Gu.
998 1906 1024 1934 1.

73 1946 115 1970 est
131 1942 215 1980 quod
226 1950 373 1982 pronum.
396 1946 489 1984 Saepe
512 1946 588 1974 enim
606 1956 652 1973 va.
669 1956 735 1973 cum
753 1947 807 1972 (ἆυ.
822 1948 849 1976 1.
867 1946 1024 1976 consentit.

74 2001 110 2006 -—
137 1987 181 2020 45)
204 1989 394 2015 annunciant
411 1988 448 2016 al.
465 2005 498 2009 -—
524 1988 571 2027 46)
595 1994 657 2016 erat
673 1988 708 2016 al.
723 1994 764 2015 est
782 1998 828 2015 va.
848 2005 886 2009 --
911 1989 959 2025 47)
974 1988 1023 2016 Sic

72 2027 131 2056 Gu.
152 2031 176 2058 1.
191 2032 218 2060 2.
236 2030 284 2057 Ar.
311 2048 348 2052 —
376 2030 459 2067 Vulg.
479 2041 536 2059 eor.
555 2042 621 2058 vox.
643 2047 682 2052 —
715 2030 762 2069 48)
787 2031 835 2058 Sic
852 2032 908 2058 Gu.
928 2034 953 2061 1.
982 2047 1024 2052 —

72 2069 159 2109 Vulg.
177 2071 364 2101 modulatur.
385 2089 427 2093 —
456 2074 503 2110 49)
525 2074 640 2101 scillcet
655 2073 759 2102 addidi
777 2084 792 2101 e
811 2074 867 2102 Gu.
889 2077 913 2104 ί,
932 2075 960 2103 2.
979 2083 1023 2112 pr.

73 2123 122 2142 va.
137 2130 171 2134 —
193 2116 240 2154 50)
265 2121 364 2143 (tutem
383 2125 439 2143 om.
455 2124 501 2145 va,
519 2132 560 2137 —-
581 2116 627 2153 51)
648 2115 853 2155 subsequendo
872 2116 928 2144 Gu.
948 2119 1024 2146 1.—

73 2156 119 2193 52)
145 2158 219 2194 quia
238 2158 294 2187 Gu.
311 2159 342 2188 2.
362 2168 408 2187 va.
425 2157 476 2186 Ar.
495 2174 530 2178 —-
551 2161 595 2193 53)
612 2160 685 2196 quia
700 2170 746 2188 va.
768 2174 809 2181 ·—
831 2159 879 2194 54)
904 2159 951 2187 Sic
968 2159 1024 2187 Gu.

76 2200 102 2229 1.
119 2201 147 2229 2.
168 2209 215 2227 va.
233 2199 282 2229 Ar.
304 2206 409 2228 cantor
428 2199 525 2237 vulg„
551 2210 624 2238 quae
643 2201 711 2230 add.
727 2212 779 2229 nec
795 2208 952 2229 succentor
975 2201 1025 2239 (al.

74 2249 120 2279 pr.
134 2253 186 2269 nec
209 2242 396 2281 concentor),
420 2252 494 2280 quae
521 2253 578 2272 on).
602 2243 656 2273 Gu.
677 2248 702 2275 1.
719 2247 748 2276 2.
767 2245 816 2272 Ar.
841 2261 877 2266 --
901 2248 950 2280 55)
974 2244 1022 2272 Sic

76 2283 132 2312 Gu.
149 2287 174 2316 1,
189 2287 218 2316 2.
240 2302 281 2306 -
304 2286 390 2324 Vulg.
409 2296 516 2321 evang.
533 2286 589 2323 leg.
604 2291 655 2314 est.
678 2302 719 2308 —
741 2286 788 2323 56)
811 2287 860 2315 Sic
878 2287 932 2315 Gu.
951 2289 976 2317 1.
993 2289 1021 2316 2.

74 2335 120 2363 ΡΥ.
135 2337 181 2355 va.
198 2328 297 2358 Ar.—
308 2328 473 2366 fugandas
489 2329 571 2365 vulg.
582 2344 624 2349 —-
640 2328 685 2366 57)
700 2328 748 2356 Sic
765 2329 821 2358 Gu.
833 2332 859 2359 1.
874 2345 916 2352 --
934 2328 1021 2365 vulg.

76 2367 149 2397 dum
163 2371 211 2398 sol
223 2370 323 2399 eodem
338 2377 425 2410 temp.
443 2376 505 2400 rut,
528 2386 570 2392 —
591 2369 637 2409 58)
663 2370 717 2400 Vv.
736 2381 850 2400 omnem
871 2372 1022 2400 lzomincm

1070 1819 1231 1845 venientem
1251 1818 1282 1844 in
1304 1816 1387 1843 hunc
1408 1813 1556 1842 mnndum
1578 1813 1679 1842 addidi
1698 1823 1713 1841 e
1736 1814 1791 1841 Gu.
1810 1816 1835 1844 1.
1854 1816 1881 1844 2.
1906 1823 1950 1851 pr.
1975 1822 2018 1840 va.

1068 1860 1118 1888 Ar.
1140 1876 1182 1882 ——
1205 1861 1252 1895 59)
1276 1860 1419 1887 Caesenas
1433 1858 1454 1886 I.
1471 1857 1538 1885 add.
1554 1858 1608 1895 qui
1624 1858 1656 1884 in
1675 1855 1779 1884 Esdra
1795 1861 1933 1883 aza-tores
1946 1861 2020 1882 tem-

1063 1903 1114 1941 pli
1131 1902 1276 1931 dicuntur
1290 1911 1444 1929 servorum
1461 1900 1634 1927 Salomonis
1643 1900 1721 1937 filii.
1744 1915 1784 1920 --
1820 1898 1866 1937 60)
1890 1899 1939 1926 Sic
1965 1899 2018 1926 Gu.

1070 1948 1096 1977 1.
1116 1948 1145 1976 2.
1170 1956 1214 1984 pr.
1232 1955 1277 1974 va.
1297 1944 1493 1971 adimam-es
1508 1942 1586 1979 vulg.
1605 1959 1645 1962 —
1669 1945 1716 1977 61)
1740 1951 1953 1978 mergzmzmns
1971 1941 2018 1969 Ar.

1069 2004 1106 2009 —
1130 1988 1177 2028 62)
1206 1988 1323 2016 Christi
1341 1986 1443 2014 addidi
1463 1995 1477 2014 e
1496 1985 1552 2014 Gu.
1572 1989 1597 2015 1.
1611 1995 1658 2014 va.
1680 2002 1718 2007 -·
1747 1986 1794 2023 63)
1821 1984 1869 2011 Sic
1887 1984 1941 2011 Gu.
1954 1986 1978 2014 1.
1992 1986 2018 2014 2,

1067 2041 1110 2069 pr.
1126 2041 1171 2060 va.
1184 2031 1234 2060 Ar.
1251 2046 1293 2051 —
1310 2029 1345 2057 Ad
1359 2035 1399 2057 est
1417 2030 1478 2056 ian.
1494 2028 1573 2065 vulg.
1592 2044 1633 2048 —
1650 2030 1696 2061 64)
1721 2037 1775 2064 qm
1791 2036 1886 2064 usque
1902 2025 1939 2054 ad
1956 2026 2019 2063 silai

1068 2084 1125 2101 om.
1144 2073 1193 2101 Ar.
1212 2078 1241 2101 et
1255 2072 1320 2101 cod.
1340 2072 1464 2100 Vulcan.
1489 2085 1529 2091 —-
1552 2069 1597 2108 65)
1621 2076 1760 2097 auctores
1775 2069 1830 2096 Gu.
1846 2071 1876 2099 2.
1900 2085 1942 2090 —
1971 2066 2017 2105 66)

1067 2115 1165 2154 egred.
1184 2116 1241 2144 Gu.
1259 2119 1284 2147 1.
1310 2131 1346 2136 —
1371 2117 1415 2150 67)
1442 2116 1473 2141 in
1498 2112 1600 2140 addidi
1616 2123 1630 2140 e
1647 2113 1703 2140 Gu.
1720 2115 1743 2142 1.
1764 2122 1830 2138 eum
1845 2122 1901 2139 om.
1916 2121 1959 2138 va.
1982 2125 2016 2130 --

1068 2160 1112 2195 68)
1131 2159 1185 2187 Gu.
1204 2161 1229 2190 1.
1246 2157 1313 2186 add.
1331 2164 1414 2185 extra
1431 2166 1553 2185 murum
1567 2154 1673 2183 domu-5
1691 2155 1830 2183 Domini.
1852 2155 1944 2181 Dua.)-
1960 2162 2016 2178 ιιιι-

1067 2206 1125 2228 tem
1153 2203 1267 2229 ianuas
1293 2201 1397 2238 templi
1423 2201 1572 2234 ineuntes,
1596 2208 1627 2225 eo
1659 2196 1743 2236 quod
1766 2202 1859 2225 essent
1881 2192 2016 2223 custodes

1064 2245 1175 2282 templi.
1222 2244 1306 2279 Quae
1330 2243 1380 2271 vix
1404 2253 1473 2270 sana
1489 2245 1568 2270 sunt.
1614 2241 1637 2268 A
1653 2250 1699 2269 me
1716 2244 1796 2268 certe
1817 2248 1875 2267 non
1900 2235 2014 2264 intelli-

1065 2291 1182 2323 guntur.
1241 2286 1356 2315 Verba:
1389 2291 1473 2313 extra
1500 2293 1619 2311 murum
1641 2282 1748 2311 dorma
1774 2282 1901 2310 Damam
1926 2276 2014 2305 habet

1064 2328 1151 2357 etiam
1173 2329 1244 2359 edit.
1270 2329 1364 2368 princ.
1399 2345 1434 2350 -
1465 2327 1514 2364 69)
1537 2331 1664 2354 tenentes
1684 2326 1720 2354 al.
1741 2330 1770 2353 et
1795 2332 1856 2351 var.
1883 2321 1949 2349 lect.
1965 2328 2011 2357 ap.

1064 2370 1153 2400 Goth.

1536 2411 1550 2442 l
1563 2411 1571 2441 i
1593 2410 1612 2433 *

1899 2445 1928 2478 O
