2255 2819
229 80 303 115 378

919 79 1096 114 lSIDORI
1122 79 1302 113 HISPAL.
1329 79 1473 115 EPISC.

228 181 280 208 tur
307 170 411 207 sono¹
439 174 538 207 tubae
566 174 609 206 ad
641 172 820 216 praelium:
855 183 938 205 voce
966 173 1096 206 accensi
1124 174 1166 206 ad
1196 185 1326 207 cursum
1354 178 1595 219 provocantur:
1631 172 1788 217 dolent2,
1823 187 1897 209 cum
1926 177 2003 210 victi
2029 177 2167 212 fuerint:

229 227 390 267 exultant,
413 237 489 259 cum
511 226 655 258 vicerint.

710 222 857 263 Quidam
883 223 996 257 hostes
1018 224 1049 256 in
1077 225 1168 257 bello
1195 227 1352 266 sentiunt,
1380 226 1482 266 adeo,
1511 231 1544 258 ut
1566 226 1772 260 adversarios
1795 239 1905 260 morsu
1932 233 2055 272 petant.
2093 231 2167 263 Ali-

228 279 286 322 qui
313 278 411 311 etiam
439 277 593 321 proprios
620 274 774 306 dominos
800 282 1062 320 recognoscunt:
1096 277 1190 309 obliti
1217 274 1510 318 mansuetudinis&
1544 278 1568 310 si
1595 285 1777 312 mutentur:
1818 280 1918 322 aliqui
1944 286 2077 324 praeter
2103 282 2168 315 (lo—

228 331 353 363 minum
381 329 480 361 dorso
508 322 658 359 nullum⁴
686 326 858 370 recipiunt.

912 327 1112 367 Interfectis,
1156 329 1209 361 vel
1246 325 1484 362 n1oxvieutibus⁵
1512 329 1652 363 dominis
1680 331 1774 363 multi
1807 331 1959 365 lacrimas
1994 332 2167 367 fundunt.

227 382 345 415 Solum
372 380 456 412 enim
486 388 607 421 equum
636 377 749 410 dicunt
775 383 915 423 propter
942 379 1114 412 hominem
1140 378 1346 421 lacrimariss
1389 386 1421 413 et
1448 380 1571 414 doloris
1597 382 1755 416 affectum
1788 383 1915 415 sentire.

1986 383 2086 416 Unde
2097 380 2109 400 Β
2135 384 2168 417 in

227 432 387 467 centauris
415 441 578 473 equorum
606 434 638 461 et
664 429 837 463 hominum
865 435 980 463 natura
1003 431 1166 475 permixta
1194 438 1251 467 est.

390 480 449 514 Η.
502 481 619 514 Solent
652 478 776 513 etiam⁹
804 493 843 514 ex
871 494 1033 525 equorum
1064 483 1117 515 vel
1131 480 1154 498 ¹⁰
1182 483 1363 523 moestitia,
1392 483 1445 515 vel
1473 483 1641 517 alacritate
1669 490 1823 518 eventum
1850 485 1998 518 futurum
2026 485 2168 520 dimica-

225 534 286 566 turi
314 532 486 577 colligere.

541 534 640 566 Aetas
667 533 833 578 longaeva
861 534 953 577 equis
981 534 1136 573 Persicis,
1165 531 1381 573 Huunieis¹¹,
1410 535 1588 578 Epiroticis

1600 532 1623 552 ¹²
1650 548 1689 570 ac
1716 537 1836 570 Siculis
1859 537 1892 569 in
1919 534 2057 570 annos¹³
2083 538 2167 570 ultra

224 585 477 629 quinquaginta:
505 585 638 617 brevior
664 590 774 617 autem
801 585 959 630 Hispanis
992 597 1031 619 ac
1058 586 1208 619 Numidis¹
1235 592 1266 620 et
1293 585 1451 627 Gallicis,
1478 586 1632 629 frequens
1660 589 1773 632 opinio
1801 593 1857 621 est.

389 642 448 678 45.

224 697 321 729 ritum
349 701 447 738 atque
474 696 579 730 color.

502 644 540 676 In
567 645 735 689 generosis
762 646 871 689 equis,
899 650 933 678 ut
961 647 1050 678 aiunt
1076 651 1221 686 veteres,
1250 652 1392 690 quatuor
1406 651 1597 690 spectantur
1609 643 1651 679 ¹⁴:
1678 648 1804 685 forma,
1831 647 2067 692 pulchritudo,
2096 659 2167 681 me-

634 695 777 737 Forma,
804 703 838 729 ut
865 698 903 729 sit
929 698 1075 731 validum
1103 710 1225 742 corpus
1253 704 1285 731 et
1309 699 1453 730 solidum
1481 699 1593 731 robori
1606 694 1648 738 ¹⁵,
1675 700 1872 732 conveniens
1899 700 2037 732 altitudo
2049 696 2090 740 ¹⁶,
2116 701 2168 732 la-

223 754 274 781 tus
301 748 511 781 ‘substrictam
527 744 567 790 ¹⁷,
596 748 728 780 maximi
756 754 789 781 et
814 749 946 782 rotundi
959 746 981 765 ¹⁸
1008 750 1138 789 clunes,
1166 755 1283 794 pectus
1309 750 1375 782 late
1398 755 1529 794 patens3
1556 760 1679 794 corpus
1706 762 1804 783 omne
1829 751 2055 785 musculorum
2084 751 2168 784 den-

223 800 317 832 sitate
343 799 527 840 nodosum,
555 811 614 843 pes
641 800 746 833 siccus
761 796 783 816 ¹⁹

790 825 799 841 ,
828 806 860 833 et
886 812 989 834 cornu
1017 812 1165 834 concavo
1193 798 1395 834 solidatus'ffl.

386 857 446 892 46.
499 859 741 897 Pulchritudo,
770 865 804 892 ut
833 860 872 893 sit
900 862 1056 905 exiguum
1085 866 1187 904 caput
1213 866 1246 893 et
1272 861 1414 900 siccum,
1449 862 1539 905 pelle
1567 871 1677 905 prope
1704 861 1830 894 ossibus
1857 861 2078 902 adhaerente,
2106 873 2167 895 au-

223 920 274 943 res
297 909 416 942 breves
444 915 476 942 et
504 916 637 950 acutae,
667 912 756 944 oculi
784 912 914 956 magni,
942 924 1035 946 nares
1064 913 1197 956 patulae
1223 917 1255 945 et
1282 918 1390 947 erecta
1418 914 1549 953 cervix,
1578 923 1675 946 coma
1710 913 1811 945 densa
1845 918 1877 946 et
1904 914 2031 955 cauda,
2058 925 2168 958 ungu-

223 960 329 994 larum
350 961 524 994 soliditatis
535 960 557 979 ²¹
583 962 647 995 lixa
675 963 868 997 rotunditas,

386 1020 447 1054 47.

1023 1123 1048 1143 24

221 1126 380 1155 teneatur.
433 1122 549 1156 Motus
580 1130 691 1158 autem
717 1125 792 1168 equi
820 1126 852 1157 in
880 1126 1012 1158 auribus

501 1021 678 1063 Meritum,
705 1028 741 1056 ut
767 1024 806 1055 sit
833 1024 942 1055 animo
972 1024 1091 1063 audax,
1121 1024 1264 1066 pedibus
1292 1024 1413 1062 alacer,
1441 1024 1654 1056 trementibus
1682 1024 1849 1062 membris,
1877 1025 1969 1067 quod
1998 1030 2045 1058 est
2072 1024 2169 1057 forti-

222 1070 341 1104 tudinis
363 1071 520 1105 indicium
531 1070 571 1105 ²²:
593 1074 717 1117 quique
747 1085 785 1106 ex
813 1086 940 1107 summa
967 1076 1077 1117 quiete
1105 1075 1204 1107 facile
1232 1075 1428 1116 concitetur,
1458 1086 1474 1107 e

1076 1126 1287 1170 intelligitur:
1321 1127 1421 1159 virtus
1445 1127 1476 1158 in
1503 1127 1659 1159 membris
1686 1128 1910 1159 trementibus.

1477 1071 1523 1107 t²³
1550 1075 1688 1108 excitata
1715 1076 1922 1109 festinatione
1939 1088 2005 1109 non
2029 1076 2169 1110 difficile

385 1181 444 1215 48.
498 1181 637 1216 Color²⁵
673 1184 729 1217 hic
763 1185 945 1229 praecipue
983 1182 1233 1228 spectandus²⁶1
1274 1186 1407 1226 badius,
1451 1197 1585 1227 aureuS,
1635 1197 1766 1229 roseus,
1810 1186 1959 1227 mirteus,
2007 1188 2168 1226 cervinus,

220 1233 347 1277 gilvus,
371 1234 530 1278 glaucus,
559 1236 758 1274 scutulatus,
786 1248 905 1275 canus,
930 1237 1110 1275 candidus,
1139 1236 1250 1275 albus,
1276 1241 1442 1280 guttatus,
1470 1238 1573 1281 niger.

220 1285 285 1317 rius
309 1296 347 1317 ex
375 1285 472 1329 nigro
502 1286 671 1329 badioque
700 1287 889 1320 distinctus:
919 1288 1053 1331 reliquis
1064 1285 1088 1304 ²⁷

384 1343 443 1377 49.

353 1442 365 1463 ἰ

221 1443 331 1480 (licam
341 1444 351 1462 ³
391 1454 521 1483 vocant.

386 1505 447 1541 50.
502 1508 651 1541 Glaucus
678 1521 756 1542 vero
782 1516 829 1543 est
854 1511 953 1543 veluti
977 1511 1084 1555 pictos
1112 1510 1238 1544 liabens
1267 1511 1383 1544 oculos

221 1555 377 1601 glaucum
404 1562 532 1591 veteres
559 1556 707 1592 dicunt-”¹⁴
735 1562 763 1593 *.

1629 1238 1787 1280 Sequenti
1815 1243 1925 1270 autem
1954 1238 2080 1278 ordine,
2109 1250 2167 1270 va—

1110 1288 1216 1319 varius
1244 1288 1358 1328 color,
1392 1288 1445 1321 vel
1473 1286 1678 1321 cinericius2³
1705 1289 1909 1324 deterrimus.

498 1344 642 1379 Badium
671 1354 781 1380 autem
807 1348 931 1391 antiqui
960 1348 1095 1381 vadium
1125 1348 1296 1385 «licebant,
1336 1348 1428 1390 quod
1458 1349 1542 1380 inter
1569 1354 1698 1381 caetera
1730 1348 1881 1380 animalia
1910 1348 2024 1380 fortius
2060 1347 2168 1381 vadat.

220 1395 297 1438 lpse
325 1401 373 1427 est
401 1402 432 1428 et
455 1397 572 1440 spadix
583 1396 623 1437 ²²³,
652 1410 751 1442 quem
780 1399 1019 1444 phoenicatum
1050 1405 1185 1432 vocant:

1396 1397 1421 1416 30

1217 1405 1249 1432 et
1277 1399 1385 1432 dictus
1448 1412 1466 1431 a
1485 1400 1600 1433 colore
1627 1395 1806 1444 palmae³¹,
1834 1410 1934 1442 quam
1961 1399 2064 1432 Siculi
2090 1410 2168 1443 spa—

1394 1507 1419 1526 33
1447 1516 1477 1542 et
1502 1510 1649 1553 quodam
1678 1509 1858 1553 splendore
1885 1509 2045 1555 perfusos.
2083 1509 2168 1543 Nam

325 1609 442 1642 Gilvus
471 1614 580 1643 autem
601 1609 772 1644 melinus³⁵
799 1613 895 1645 color
924 1618 970 1645 est
997 1612 1191 1646 subalbulus
1203 1609 1236 1644 ³⁶.

325 1659 500 1702 Gustatus,
528 1663 621 1695 albus
648 1664 748 1708 nigris
774 1663 1062 1697 intervenientibus
1090 1665 1228 1708 punctis.

307 1759 336 1800 l)
354 1762 402 1790 Sic
424 1764 480 1790 Gu.
496 1766 520 1793 1·
547 1764 593 1792 Ar.
616 1783 652 1787 —-
676 1767 778 1792 sonita
800 1766 881 1803 vulg.
901 1782 940 1787 —
960 1763 989 1802 2)
1013 1767 1092 1793 enim
1107 1765 1174 1793 add.

223 1812 270 1841 pr.
293 1819 331 1823 —·
354 1803 386 1841 3)
409 1806 639 1834 mansuetudine
663 1809 718 1836 Gu.
740 1810 768 1838 2.
794 1824 834 1828 ——
857 1808 887 1845 4)
912 1809 961 1835 Sic
980 1810 1036 1836 Gu.
1055 1812 1079 1838 1.
1095 1811 1174 1838 2--

225 1844 438 1882 Vulg.mtllum
455 1847 552 1877 (lor-w.
572 1867 608 1870 —
624 1851 654 1887 5)
665 1851 795 1877 mortuis
810 1850 846 1879 al.
861 1868 895 1872 —
916 1850 946 1890 6)
958 1851 1006 1878 Sic
1025 1852 1079 1878 Gu-
1092 1853 1118 1880 1.
1136 1850 1173 1880 al.

224 1896 320 1915 va.—-
338 1889 417 1926 vulg.
433 1890 601 1928 ellizntlunt.
617 1909 652 1913 —
677 1894 705 1927 7)
720 1893 769 1920 Sic
786 1893 842 1922 Gu.
859 1897 884 1925 1.
903 1896 932 1924 2.
945 1893 1036 1923 alva.
1054 1891 1173 1925 (dicunt

226 1939 282 1958 om.
292 1930 347 1958 Gu.
357 1933 385 1960 2.
402 1931 506 1969 aLva.)
523 1949 563 1955 --
578 1934 664 1971 Vulg.
681 1936 783 1963 Solius
801 1938 872 1974 equi
883 1942 936 1965 est.
952 1952 994 1957 —-
1011 1936 1174 1963 lacrimare

226 1972 282 2001 Gu.
302 1975 327 2003 1.
342 1974 370 2003 2.
393 1982 440 2001 va.
463 1990 502 1995 —
526 1978 552 2007 8)
577 1976 662 2013 Vulg.
690 1978 770 2005 unde
797 1984 839 2013 et,
863 1978 915 2007 sed
937 1983 963 2005 et
987 1989 1044 2007 om.
1073 1978 1128 2005 Gn.
1148 1981 1173 2007 1.

225 2019 255 2048 2.
277 2030 317 2035 —
339 2014 368 2052 9)
392 2017 484 2043 etiam
505 2027 561 2055 pro
587 2020 664 2046 enim
687 2020 742 2048 Gu.
764 2024 789 2050 1.
812 2023 842 2051 2.
863 2021 912 2049 Ar.
935 2037 968 2042 —
992 2024 1036 2055 10)
1062 2021 1107 2048 vel
1122 2020 1173 2047 ad—

226 2057 288 2087 didi
311 2067 326 2085 c
350 2059 406 2085 Gu-
425 2060 449 2087 1-
467 2060 495 2088 2.
516 2069 561 2087 va.
587 2077 627 2080 --
662 2062 705 2100 11)
731 2063 778 2090 Sic
802 2064 851 2092 Ar.
875 2079 916 2085 --
940 2063 1028 2100 Vulg.
1050 2063 1175 2101 Ugnicis

225 2118 266 2124 —-
286 2101 439 2128 Hzmm‘lis
463 2101 519 2129 Gu.
535 2105 565 2133 2.
589 2118 627 2123 —-
658 2103 821 2141 bugat-ivi.)-
845 2106 889 2134 ed.
908 2106 998 2134 Goth.
1017 2121 1060 2126 --
1085 2105 1131 2142 12)
1149 2111 1174 2132 ,t

227 2144 363 2182 Epirotis
387 2143 442 2170 Gu.
463 2146 490 2173 1.
516 2160 553 2164 -—
584 2149 610 2171 ct
629 2147 739 2182 pirolis
763 2148 818 2175 Gu.
842 2151 869 2178 2,
900 2164 942 2169 -
974 2146 1018 2187 13)
1041 2147 1090 2175 Sic
1114 2149 1173 2177 Gu-

229 2190 255 2217 1⁴
279 2201 312 2206 —
334 2187 366 2213 in
389 2187 478 2212 annis
499 2186 577 2223 vulg.
600 2202 642 2208 —
674 2186 717 2227 14)
740 2200 817 2227 emp.
843 2191 897 2218 Gu.
916 2194 942 2220 1.
960 2193 987 2220 2.
1013 2190 1049 2219 al.
1067 2199 1111 2227 pr.
1127 2200 1174 2218 va.

228 2244 269 2250 -
300 2227 346 2264 15)
369 2227 417 2255 Sic
440 2228 496 2256 Gu.
520 2231 545 2259 1.
571 2231 598 2258 2.
622 2239 668 2267 pr.
691 2239 738 2259 va.
764 2232 813 2259 Ar.
837 2250 873 2252 —
907 2233 1009 2260 robure
1031 2232 1110 2269 vulg.
1133 2248 1176 2254 —

231 2271 277 2308 16)
295 2269 429 2297 latitudo
452 2270 518 2299 add.
543 2271 642 2308 vulg,
667 2273 746 2309 quod
771 2284 824 2301 om.
848 2275 903 2302 Gu.
923 2279 947 2305 1.
963 2277 990 2304 2.
1013 2285 1057 2312 pr.
1077 2283 1176 2303 va.—

232 2315 274 2348 17)
294 2313 342 2340 Sic
363 2312 418 2340 Gu.
442 2315 468 2343 1.
486 2323 531 2341 va.
551 2330 588 2334 ——
613 2314 797 2342 substrictus
812 2318 866 2343 (ju.
884 2319 912 2347 2,
928 2327 972 2355 pr.
993 2334 1029 2337 —
1047 2317 1176 2345 substri-

231 2356 311 2383 ctius
333 2354 411 2392 vulg.
428 2371 469 2376 —
486 2361 585 2383 venter
606 2356 787 2385 substrictus
810 2358 895 2386 Arev.
920 2369 935 2387 e
958 2359 1175 2396 Columell.Vl,

1218 1766 1269 1796 29.
1294 1780 1335 1785 —
1365 1762 1411 1801 15)
1435 1764 1483 1791 Sic
1501 1763 1557 1791 Gu.
1582 1766 1607 1792 1.
1631 1765 1659 1792 2.
1687 1773 1733 1800 pr.
1757 1772 1802 1790 va.
1821 1777 1862 1783 —
1892 1764 2042 1790 maximae
2065 1769 2091 1790 et
2115 1774 2166 1790 νο-

1217 1805 1331 1834 landae
1354 1807 1433 1843 vulg.
1459 1823 1492 1827 —
1518 1805 1564 1843 19)
1575 1804 1664 1842 pule-s·
1679 1807 1773 1832 sicco-s·
1797 1805 1893 1835 Gu.2.
1916 1820 1958 1826 —-
1979 1806 2027 1841 20)
2043 1804 2166 1833 solida-

1217 1856 1263 1877 tos
1287 1850 1343 1878 Gu,
1371 1851 1400 1878 2.
1429 1864 1471 1870 -
1500 1847 1709 1875 consolidatus
1732 1847 1770 1876 al.
1800 1865 1837 1869 —
1871 1847 1918 1883 21)
1942 1847 2097 1875 soliditate
2120 1858 2166 1886 pr.

1217 1902 1263 1920 va.
1285 1892 1337 1920 Ar.
1359 1907 1398 1913 —
1424 1889 1578 1918 soliditati
1600 1890 1655 1918 Gu.
1669 1893 1698 1921 2.
1721 1906 1761 1911 -
1783 1888 1832 1929 22)
1854 1889 1903 1917 Sic
1927 1890 1982 1920 Gu.
2001 1893 2027 1921 1.
2049 1888 2093 1930 (ei
2111 1901 2166 1928 pro

1217 1933 1276 1973 est)
1301 1938 1331 1966 2.
1357 1934 1407 1962 Ar.
1427 1950 1466 1955 —-
1489 1932 1581 1961 indic.
1601 1933 1675 1968 sort.
1695 1932 1776 1970 vulg.
1803 1948 1836 1953 ·—
1863 1933 1910 1968 23)
1927 1937 1953 1960 et
1969 1942 2025 1971 pro
2042 1933 2089 1961 vel
2109 1933 2164 1960 Gu.

1220 1979 1245 2008 1.
1270 1991 1311 1999 —-
1333 1977 1381 2004 rel
1402 1986 1434 2003 ex
1457 1977 1552 2003 citata
1576 1975 1624 2003 Ar.
1652 1990 1693 1996 —
1719 1975 1766 2011 24)
1789 1974 1839 2002 Sic
1859 1975 1916 2002 Gu·
1937 1978 1963 2005 1.
1985 1984 2031 2003 va.
2054 1975 2103 2003 Ar.
2125 1990 2162 1996 —

1218 2021 1251 2046 in
1280 2019 1409 2047 naribus
1432 2018 1512 2056 vulg.
1541 2034 1582 2039 -·
1622 2018 1669 2053 25)
1698 2023 1797 2045 autem
1826 2016 1894 2045 add.
1925 2018 1980 2045 Gu.
2002 2019 2032 2047 2.
2056 2026 2100 2045 va.
2122 2032 2165 2038 —

1218 2065 1262 2097 26)
1287 2072 1364 2100 ex-sp.
1386 2061 1440 2089 Gu.
1466 2063 1491 2090 1.
1515 2064 1543 2092 2.
1570 2061 1605 2088 al.
1629 2070 1673 2098 pr.
1692 2069 1740 2087 va.
1757 2075 1799 2081 -—
1820 2058 1868 2097 27)
1890 2059 2027 2097 reliqua-s·
2047 2060 2112 2095 ¹Gn.
2134 2062 2164 2090 2.

1218 2119 1258 2126 —
1281 2104 1326 2142 28)
1350 2104 1400 2131 Sic
1417 2104 1474 2133 Gu.
1497 2108 1523 2133 1.
1543 2103 1581 2130 al.
1604 2119 1641 2123 --
1666 2104 1798 2130 cinereus
1813 2101 1890 2138 vulg.
1908 2117 1950 2123 —
1978 2099 2024 2139 29)
2047 2100 2165 2139 spadas

1221 2148 1277 2174 Gu,
1303 2149 1330 2176 2.
1352 2162 1392 2167 -
1420 2144 1469 2185 80)
1492 2144 1602 2184 qmdix
1625 2144 1694 2174 add.
1718 2145 1812 2182 vulg,
1843 2143 1895 2172 sed
1919 2154 1975 2172 om.
1999 2144 2056 2173 Gu.
2075 2147 2099 2174 1.
2125 2159 2162 2165 ·—

1218 2188 1336 2227 spadas
1359 2189 1415 2217 Gu.
1440 2191 1468 2218 2.
1498 2205 1538 2209 ——
1575 2188 1623 2224 31)
1640 2188 1761 2225 palmes
1782 2196 1829 2215 va.
1857 2202 1899 2208 —
1934 2188 1980 2223 32)
2011 2185 2164 2224 spadicem

1220 2232 1314 2262 Gu.1.
1341 2247 1378 2253 .-
1400 2231 1447 2267 33)
1468 2231 1516 2258 Sic
1541 2231 1597 2258 Gu.
1616 2232 1643 2260 1.
1662 2248 1700 2252 —
1724 2230 1812 2267 Vulg.
1834 2229 1938 2257 oculos
1959 2228 2028 2257 hab.
2051 2244 2092 2249 —
2114 2227 2162 2267 34)

1219 2274 1267 2301 Sic
1291 2273 1347 2301 Gu.
1369 2276 1395 2304 1.
1425 2289 1465 2294 —
1497 2273 1638 2301 <stabant
1660 2273 1742 2310 vulg.
1786 2272 1869 2309 Vulg.
1893 2270 2027 2307 sequitur
2047 2270 2162 2303 albam,

1219 2315 1270 2344 sed
1293 2326 1349 2344 om.
1374 2316 1429 2343 Gu.
1449 2318 1475 2346 1.
1503 2320 1532 2348 2.
1557 2321 1585 2343 et
1609 2315 1730 2352 gothici.
1774 2315 1908 2343 Lacunae
1929 2312 2043 2349 signum
2066 2323 2162 2351 appo—

1219 2360 1273 2387 sui.
1319 2358 1379 2386 Cfr.
1402 2363 1497 2386 tamen
1521 2368 1584 2395 cap.
1611 2359 1646 2391 6,
1665 2359 1715 2388 22.
1740 2373 1778 2377 -
1801 2355 1850 2394 35)
1867 2353 1984 2383 medius
2007 2355 2061 2384 Gu.
2080 2358 2159 2386 1.—
