2264 2830
622 119 625 122 ⁴
680 117 925 152 ORlGlNUM
961 118 1105 154 LIBER
1132 121 1239 155 xvu.
1269 121 1395 155 XVlll.

1940 123 2017 159 559

72 213 164 248 dulci
191 213 268 247 vino
279 207 304 228 ³²
327 210 442 246 datum
466 212 638 257 proniores
665 212 776 245 reddit
790 208 814 230 ³³
839 213 872 245 in
898 212 1082 257 Venerem,
1124 216 1150 249 si
1177 227 1276 260 supra
1305 215 1443 249 modum
1471 214 1623 256 dederis,
1665 217 1842 250 amentiam
1871 217 2014 254 nutrit³⁴.

72 265 184 300 Canos
213 264 311 297 etiam
338 275 377 296 ex
405 264 581 297 coriandro
608 264 697 298 infici
725 264 881 297 traditum
910 271 967 300 est.

174 317 384 350 Abrotanum
407 316 436 346 *.

173 366 401 402 Caeresolium
422 367 443 390 *
457 362 492 400 ³⁵.

235 420 270 453 ὅ.
320 420 412 452 Ruta
438 417 545 457 dicta,

72 476 231 514 utraeque
258 469 528 512 ferventissimae
542 470 803 514 comprobantur
814 467 849 505 ³¹⁵.

172 574 284 607 Salvia
310 574 328 597 *
343 570 376 608 ³⁹.

591 417 683 461 quod
711 418 750 450 sit
777 418 1023 453 ferventissima.

920 471 1016 504 Hanc
1042 472 1174 504 venenis
1199 483 1391 516 repugnare
1418 471 1541 505 docent
1568 473 1728 506 mustelae
1741 469 1783 514 ³⁷,
1824 485 1910 517 quae
1937 475 2016 508 dum

71 533 146 556 cum
176 526 328 565 serpente
355 521 581 554 dimicaverint
595 518 637 562 ³⁸,
670 521 746 554 cibo
774 522 840 554 eius
868 528 1046 557 armantur.

1092 419 1192 453 Cuius
1219 419 1323 452 altera
1354 420 1492 464 agrestis
1519 424 1619 463 atque
1645 421 1763 454 virtute
1790 423 1915 465 acrior,
1957 424 2016 457 sed

236 624 269 656 9.
324 624 433 665 lnula‚
461 635 561 667 quam
591 623 678 656 alam
707 624 817 657 rustici
829 621 853 641 *¹⁰
875 630 1013 665 vocant,
1042 624 1154 658 radice
1182 624 1378 665 aromatica,
1406 623 1517 656 odoris
1544 625 1680 665 summi,
1714 625 1776 658 levi
1802 626 1990 660 acrimonia.

171 671 339 717 Menta⁴¹‚
366 675 464 709 huius
490 687 614 721 genera
644 675 699 708 Vl.
726 673 841 709 sunt⁴².

639 895 677 936 L
766 895 789 936 1

688 1004 839 1039 CAP.
891 1006 917 1040 1.

996 1005 1080 1039 De

234 1083 266 1116 l.
320 1084 448 1117 Primus
472 1083 561 1116 bella
588 1082 695 1115 intulit
714 1083 818 1117 Ninus
846 1083 1057 1127 Assyriorum
1084 1094 1151 1116 rex.

879 895 918 937 B
1007 894 1048 936 E
1135 894 1179 936 R
1276 893 1448 936 XVIII.

1143 1005 1392 1040 Bellis.

1222 1083 1299 1128 lpse
1334 1083 1420 1116 enim
1447 1083 1567 1116 finibus
1597 1083 1661 1116 suis
1696 1095 1905 1128 nequaquam
1934 1096 2014 1119 con-

66 1139 187 1174 tentus,
227 1134 393 1168 humanae
421 1135 585 1168 societatis
610 1134 730 1168 foedus
758 1135 943 1179 irrumpens
978 1130 1176 1168 exereitus⁴³
1203 1134 1345 1174 ducere,
1388 1134 1494 1167 aliena
1529 1140 1676 1175 vastare,
1718 1136 1841 1169 liberos
1870 1138 2014 1181 populos

65 1191 122 1220 aut
148 1186 333 1228 trucidare,
361 1192 417 1220 aut
443 1187 605 1220 subiicere
633 1187 746 1230 coepit
758 1183 801 1227 ⁴⁴,
828 1187 1080 1229 universamque
1107 1186 1221 1219 Asiam
1243 1198 1347 1229 usque
1374 1186 1417 1220 ad
1429 1183 1454 1203 ⁴⁵
1479 1186 1609 1229 Libyae
1636 1187 1719 1219 fines
1744 1199 1831 1220 nova
1858 1189 2014 1221 servitute

64 1238 268 1282 perdomuit.

321 1239 411 1272 Hinc
438 1239 537 1271 etiam
549 1235 574 1255 ⁴⁰
598 1237 722 1271 studuit
745 1235 869 1270 orbis⁴³
894 1239 926 1270 in
951 1242 1066 1270 mutuo
1093 1238 1254 1281 sanguine
1281 1238 1407 1270 alterna
1439 1238 1581 1282 grassari
1608 1238 1714 1271 caede
1727 1234 1762 1274 ³⁸.

230 1289 264 1322 2.
317 1291 472 1331 Quatuor
501 1295 609 1322 autem
636 1300 762 1333 genera
789 1294 862 1321 sunt
873 1286 896 1305 ⁴⁰
923 1289 1105 1328 bellorum,
1133 1289 1167 1321 id
1196 1293 1244 1321 est
1271 1289 1408 1331 iustum,
1437 1294 1470 1321 et
1495 1289 1646 1321 iniustum
1660 1286 1699 1329 ⁵⁰,
1734 1290 1851 1331 civile,
1879 1296 1912 1324 et
1938 1292 2013 1335 plns

63 1352 165 1384 quam
192 1341 299 1376 civile.

63 1392 242 1426 saudorum
270 1391 417 1426 hostium
445 1403 553 1426 causa.

62 1443 116 1477 De
157 1455 225 1487 quo
266 1444 300 1476 in
341 1444 532 1488 Republica

62 1492 200 1540 cepta⁵²
225 1499 315 1528 sunl.

580 1442 701 1478 Cicero
742 1443 823 1477 dicit
837 1440 879 1475 ⁵⁵:
932 1443 1009 1477 Illa

366 1342 491 1374 lustum
519 1340 646 1373 bellum
675 1345 740 1379 est,
792 1340 885 1383 quod
908 1351 948 1373 ex
976 1340 1087 1373 edicto
1103 1337 1125 1355 ⁵¹
1154 1336 1314 1384 geritur³²
1341 1340 1384 1373 de
1410 1341 1558 1384 repetitis
1584 1341 1683 1373 rebus
1696 1336 1739 1382 ⁵³,
1780 1347 1838 1374 aut
1869 1344 2013 1386 propul-

621 1391 781 1424 Iniustum
813 1392 938 1425 bellum
968 1397 1031 1434 est,
1072 1392 1165 1434 quod
1193 1392 1237 1424 de
1272 1392 1402 1433 furore,
1443 1403 1509 1424 non
1536 1392 1686 1436 legitima
1712 1390 1874 1426 ratione⁵⁴
1904 1395 2011 1428 initur.

1050 1443 1179 1476 iniusta
1229 1447 1306 1476 sunl
1349 1440 1497 1483 hellaffi,
1543 1455 1636 1488 quae
1671 1443 1745 1476 sine
1785 1455 1896 1479 causa
1935 1456 2011 1478 sus-

229 1546 263 1580 3.
316 1545 414 1580 ,Nam
440 1550 544 1579 extra
570 1545 779 1586 ulciscendi,
823 1549 885 1578 aut
910 1545 1236 1591 propulsandorum
1270 1545 1420 1579 hostium
1453 1541 1654 1586 causamffl,
1696 1544 1825 1578 bellum
1847 1547 1931 1592 geri
1957 1548 2011 1579 iu-

61 1601 153 1632 stum
163 1593 188 1615 ⁵⁹
221 1598 354 1630 nullum
383 1601 509 1642 potest.

62 1756 170 1786 reddat
184 1767 231 1787 va.
254 1773 293 1780 —
317 1757 362 1792 34)
382 1757 478 1785 mittit
494 1767 541 1786 va.
555 1774 597 1780 —
619 1758 668 1795 35)
688 1757 744 1786 Vv.
767 1757 876 1788 Abrot.
898 1757 1013 1793 Caerefi

61 1800 164 1830 addidi
183 1810 198 1829 e
217 1801 249 1829 Z.
273 1800 328 1829 Gu.
350 1802 376 1830 1.
394 1801 422 1830 2.
443 1809 488 1829 va.
508 1800 556 1829 Ar.
586 1816 629 1823 -—-
659 1798 707 1840 36)
730 1801 779 1828 Sic
799 1801 829 1830 Z.
853 1801 909 1831 Gu.
932 1803 959 1831 1.
983 1803 1012 1831 2.

62 1841 218 1881 (ulruque)
247 1842 284 1871 al.
309 1851 357 1870 va.
383 1841 532 1880 (utraque
551 1842 811 1880 fhrvetztiseima.)
841 1860 884 1865 --
924 1843 1013 1881 Vulg.

62 1891 191 1923 utraque
203 1886 436 1922 Jkrventissima
458 1886 679 1922 comprobatur.
710 1903 743 1907 —
768 1888 817 1920 37)
841 1885 890 1914 Sic
915 1886 972 1915 Gu„
984 1889 1011 1917 1.

60 1943 102 1950 -—-
124 1927 213 1964 Vulg.
236 1927 380 1954 mustelae
402 1926 466 1956 doc.
491 1943 527 1949 —
551 1931 599 1964 38)
621 1927 842 1956 dimicaverunt
859 1929 888 1956 Z.
902 1945 937 1950 -
962 1928 1010 1964 39)

61 1970 169 1999 Salvia
185 1969 288 1998 addidi
303 1979 319 1999 e
334 1969 367 1997 Z.
383 1969 441 1999 Gu.
460 1971 487 1999 1.
509 1971 537 2000 2.
558 1980 606 2000 va.
627 1971 675 2000 Ar.
699 1987 741 1995 -—
767 1971 815 2008 40)
839 1971 887 2000 Sic
909 1971 964 2000 Gu.
983 1973 1010 2001 1.

60 2029 102 2034 —
116 2014 227 2041 rustici
247 2022 311 2042 roc.
335 2012 420 2040 alam
442 2011 502 2040 Gu.
524 2015 554 2044 2.
576 2029 619 2036 ·-
640 2019 713 2042 rust.
729 2014 814 2041 alam
829 2014 879 2045 Ar.
896 2024 941 2042 va.
963 2013 1008 2043 ed.

61 2055 150 2085 Goth.
171 2074 209 2078 —
233 2055 342 2082 rustici
364 2055 451 2082 alant
469 2053 550 2091 vulg.
567 2071 608 2077 —-
631 2056 678 2094 41)
700 2057 805 2085 Malta
818 2077 825 2085 .
843 2079 850 2086 .
868 2079 874 2085 .
897 2056 1009 2093 odorifi

61 2108 117 2126 om.
129 2099 163 2127 Z.
181 2113 220 2120 -
234 2097 323 2134 Vulg.
339 2096 408 2125 add.
423 2107 519 2134 genus
536 2097 645 2126 herbae
664 2097 834 2135 odoriferae
858 2109 933 2137 quae
949 2109 1007 2128 om.

61 2140 118 2169 Gu.
145 2143 172 2171 1.
192 2141 221 2170 2.
247 2150 291 2178 pr.
317 2150 361 2168 va.
385 2140 436 2167 Ar.
464 2155 505 2161 -—·
535 2138 585 2179 42)
613 2141 703 2169 caius
721 2143 841 2179 generis
862 2153 912 2169 sex
934 2147 1007 2169 sunt

60 2183 118 2211 Gu.
137 2185 163 2213 1.
181 2198 223 2204 —
251 2182 345 2210 lucius
370 2192 482 2220 genera
513 2192 563 2210 sex
590 2188 662 2210 sunt
692 2183 746 2213 Gu.
768 2187 797 2216 2.
817 2203 854 2207 —-
885 2190 911 2212 et
932 2190 1007 2213 sunt

58 2225 152 2254 huius
171 2235 241 2263 gen.
265 2224 313 2253 VI.
335 2225 367 2253 Z.
391 2240 428 2247 —-
463 2222 513 2263 43)
535 2227 693 2253 exercitum
711 2226 742 2254 Z.
775 2243 814 2248 —
843 2226 890 2265 44)
910 2228 1005 2265 coepit

60 2267 162 2297 addidi
186 2277 200 2295 e
225 2267 281 2297 Gu.
300 2269 325 2298 1.
343 2270 372 2298 2.
387 2277 432 2305 pr.
447 2276 494 2295 va.
516 2282 559 2288 —
581 2268 629 2304 45)
648 2272 674 2294 et
687 2267 717 2295 Z.
742 2286 780 2290 --
804 2269 848 2305 46)
870 2271 934 2298 iam
956 2280 1002 2308 pr.

61 2327 92 2331 -
107 2309 153 2350 47)
169 2309 257 2337 urbes
270 2310 301 2339 Z.
323 2310 360 2338 al.
374 2326 416 2331 —
431 2309 528 2338 orbem
544 2309 599 2337 Gu.
618 2312 644 2340 l.
670 2326 707 2330 —
731 2308 779 2348 48)
799 2311 848 2338 Sic
864 2312 919 2340 Gu.
935 2315 960 2344 1.
974 2315 1002 2343 2.

62 2351 111 2381 Ar.
125 2369 162 2374 —
188 2363 289 2391 grass.
313 2353 366 2380 alt.
385 2351 476 2380 caede
492 2352 574 2390 vulg.
594 2367 631 2374 —-
656 2352 709 2380 alt.
731 2351 820 2380 caede
836 2364 885 2391 gr.
903 2355 934 2384 Z.
954 2364 1001 2384 va.

64 2411 101 2416 —
125 2392 174 2435 49)
189 2395 238 2424 Sic
254 2395 284 2426 Z.
307 2395 363 2426 Gu.
382 2396 408 2425 1.
423 2411 465 2417 —
487 2405 536 2433 qu.
559 2399 659 2423 autem
681 2400 753 2423 sunt
771 2405 840 2434 gen.
865 2397 944 2435 vulg.
964 2413 999 2418 —-

582 1597 629 1630 Et
665 1596 734 1631 hoc
766 1596 856 1630 idem
892 1597 1026 1631 Tullius

62 1650 188 1683 iustum
215 1648 384 1692 habetur,
424 1649 490 1682 nisi
516 1649 778 1689 denuntiatum,
820 1649 886 1683 nisi
911 1649 1082 1683 indictum
1093 1646 1134 1689 ⁶²,
1175 1649 1241 1682 nisi
1277 1650 1323 1683 de
1348 1649 1506 1695 repetitis
1530 1644 1681 1681 rebas‘ss.

1148 1594 1208 1614 ·fi⁰

1062 1609 1173 1641 parvis
1700 1596 1847 1630 Nullum
1881 1597 2011 1631 bellum

1750 1648 1857 1682 Civile
1883 1649 2009 1683 bellum

1241 1598 1418 1631 interiectis
1451 1596 1600 1630 subdidit
1610 1593 1652 1630 ⁶¹:

1056 1764 1142 1797 quat.
1164 1763 1237 1786 sunt
1259 1763 1323 1786 aut.
1343 1769 1410 1796 gen.
1428 1768 1475 1788 va,
1500 1775 1536 1780 --
1565 1761 1610 1791 50)
1632 1763 1658 1784 ct
1684 1757 1784 1786 addidi
1809 1769 1823 1786 e
1848 1760 1906 1788 Gu.
1930 1762 1956 1789 1.
1977 1762 2007 1790 2.

1054 1811 1101 1830 va.
1124 1817 1165 1822 —-
1187 1798 1234 1839 51)
1252 1800 1301 1830 Sic
1324 1801 1379 1830 Gu.
1405 1802 1432 1831 1.
1451 1803 1480 1831 2.
1496 1800 1533 1828 al.
1553 1816 1586 1820 —
1607 1799 1765 1837 praedicto
1787 1800 1866 1839 vulg.
1891 1817 1931 1823 —
1961 1802 2007 1840 52)

1055 1845 1151 1882 inger.
1171 1843 1202 1872 Z.
1230 1860 1265 1865 —
1304 1846 1353 1877 53)
1377 1843 1426 1871 Sic
1450 1843 1505 1871 Gu.
1526 1845 1552 1873 1.
1566 1857 1605 1864 —-
1623 1842 1680 1872 reb.
1699 1853 1758 1879 rep.
1777 1843 1857 1881 vulg.
1884 1860 1925 1865 -—-
1956 1845 2007 1880 54)

1054 1885 1090 1915 de
1112 1887 1193 1924 legit.
1217 1891 1278 1916 rat.
1301 1885 1400 1923 vulg.‚
1431 1884 1485 1913 sed
1507 1883 1543 1913 de
1568 1894 1627 1913 om.
1652 1884 1709 1913 Gu.
1735 1888 1762 1916 1.
1783 1888 1812 1916 2.
1834 1886 1871 1914 al.
1895 1902 1936 1908 —--
1959 1888 2006 1922 55)

1054 1929 1102 1957 Sic
1126 1930 1182 1959 Gu.
1207 1931 1234 1960 1.
1258 1930 1286 1958 2.
1309 1938 1356 1967 pr.
1378 1938 1427 1956 va.
1451 1944 1489 1950 ——
1516 1926 1594 1955 dicit
1620 1926 1680 1955 Cic.
1703 1927 1784 1965 vulg.
1828 1929 1939 1957 Locum
1959 1928 2006 1956 Ci-

1055 1972 1170 2002 ceronis
1195 1981 1210 1999 e
1236 1971 1310 2009 Rep.
1331 1970 1492 2007 assignavit
1513 1969 1607 1998 Orell.
1631 1969 1695 1999 Lib.
1712 1969 1759 1999 Ill.
1777 1980 1802 1999 c.
1819 1973 1868 2004 23,
1885 1972 1935 2002 35.
1957 1973 2004 2002 18.

1051 2014 1155 2051 fragm.
1174 2029 1210 2034 —
1234 2012 1282 2051 56)
1301 2013 1349 2040 Sic
1367 2013 1421 2040 Gu.
1435 2016 1458 2043 1.
1481 2028 1517 2033 -—
1543 2013 1598 2041 ini.
1615 2012 1694 2041 bella
1706 2018 1780 2040 sunt
1792 2014 1875 2051 vulg.
1894 2030 1931 2036 -
1958 2012 2004 2053 57)

1051 2057 1099 2085 Sic
1115 2057 1145 2084 Z.
1160 2056 1215 2083 Gu.
1237 2058 1261 2085 l.
1279 2072 1314 2076 —
1339 2065 1416 2092 quae
1430 2060 1501 2082 sunt
1517 2055 1574 2083 sin.
1589 2065 1684 2084 causa
1706 2066 1786 2084 susc.
1805 2056 1885 2094 vulg.
1900 2072 1942 2077 -—
1956 2059 2004 2089 55)

1050 2109 1146 2127 causa
1155 2098 1186 2128 Ζ.
1202 2107 1248 2136 pr.
1262 2107 1311 2127 va.
1323 2113 1365 2120 ·—
1384 2095 1430 2134 59)
1446 2096 1495 2125 Sic
1511 2097 1567 2125 Gu.
1580 2101 1605 2128 1.
1617 2101 1643 2130 2.
1659 2099 1687 2128 3.
1710 2114 1747 2119 —
1766 2098 1832 2127 hell.
1849 2102 1921 2128 mat.
1939 2108 2002 2135 ger.

1049 2142 1129 2179 vulg.
1144 2157 1183 2162 -
1207 2141 1324 2167 iustum
1343 2150 1399 2167 om.
1419 2140 1450 2168 Z.
1467 2155 1504 2163 «-
1529 2140 1684 2169 Praeterea
1702 2141 1866 2170 notandum
1882 2145 1935 2175 est,
1951 2149 2002 2167 ne-

1049 2194 1106 2221 que
1122 2183 1297 2219 Arevalum,
1322 2191 1418 2220 neque
1436 2182 1583 2210 Orellium
1604 2183 1711 2211 verba:
1744 2184 1827 2211 ,Nam
1844 2206 1851 2212 .
1873 2205 1880 2211 .
1900 2186 1999 2219 potest

1048 2225 1196 2254 Ciceronis
1215 2224 1370 2261 habuisse,
1394 2225 1475 2262 quod
1489 2230 1586 2254 tamen
1606 2226 1646 2255 ita
1664 2235 1727 2254 esse
1745 2231 1773 2255 et
1790 2226 1923 2254 Tulliana
1938 2221 1997 2249 ho-

1046 2279 1112 2297 rum
1138 2267 1297 2296 verborum
1325 2267 1469 2305 elegantia
1497 2272 1525 2296 et
1546 2268 1700 2306 superiora
1730 2268 1762 2307 §2
1785 2271 1824 2304 2,,
1850 2274 1922 2304 quae
1943 2273 1996 2291 8113

1047 2309 1117 2339 fecit
1132 2309 1274 2346 Isidorus,
1298 2311 1369 2338 satis
1386 2310 1502 2338 docent.
1527 2310 1688 2339 Vulcanius
1702 2321 1735 2339 ea
1753 2319 1808 2348 pro
1828 2305 1996 2335 ciceronia-

1046 2353 1090 2381 nis
1113 2357 1192 2381 recte
1214 2351 1329 2382 habuit.
1355 2369 1390 2374 —
1413 2352 1462 2389 60)
1474 2354 1590 2390 paucis
1607 2363 1653 2382 va.
1672 2371 1709 2375 —
1732 2354 1777 2385 61)
1793 2349 1848 2376 sul,
1865 2347 1930 2387 [di]
1949 2346 1995 2375 dit

1045 2395 1118 2433 (sic)
1135 2394 1229 2426 orell.
1243 2395 1264 2425 l.
1277 2405 1302 2426 c.
1321 2412 1358 2417 -
1382 2393 1427 2434 62)
1438 2393 1554 2424 dictum
1572 2396 1626 2424 Gu.
1637 2398 1665 2426 2.
1682 2394 1772 2430 al.pr.
1787 2407 1826 2412 —
1849 2389 1896 2429 63)
1913 2390 1996 2418 altas
