2264 2830
765 85 1012 121 ORIGINUM
1046 87 1193 122 LIBER
1219 89 1310 124 Xlll.
1939 95 2014 130 415

294 183 447 226 Caelum,
475 181 567 226 quod
580 177 604 196 ³⁰
632 180 762 213 dicitur
788 191 861 214 aer.

67 237 111 270 Et
137 232 338 268 l‘salmus³¹⁷:
371 235 536 267 I'olucrrcs
563 233 649 266 coeli
677 233 838 276 appellat,
866 243 942 266 cum
970 234 1179 267 manifestum
1207 236 1246 268 sit
1273 246 1349 267 aves
1378 235 1408 267 iu
1433 246 1509 268 aere
1538 235 1669 268 volare:
1703 240 1735 268 et
1767 248 1827 270 nos
1862 238 1894 270 in
1927 250 2010 272 con-

65 288 240 321 suetudine
268 287 358 320 huuc
385 298 496 319 aerem
522 285 654 318 coelum
683 285 905 328 appellamus,
958 284 1043 318 Nam
1072 298 1148 320 cum
1177 287 1220 320 dc
1238 298 1366 328 sereno,
1393 288 1446 320 vel
1466 287 1580 321 nubilo
1604 288 1805 331 quaerimus,
1832 290 2012 334 aliquando

67 340 218 381 dicimus,
243 340 358 384 qualis
385 342 434 371 est
462 336 553 371 aer?
579 337 772 380 aliquando,
801 337 905 381 quale
931 340 978 370 cst
1005 338 1165 372 coelum?

564 422 654 456 CA
682 424 718 456 1¹.
774 423 814 458 V.
894 423 969 456 De
1015 415 1504 469 partibus'cocli.

232 493 264 525 l.
318 491 446 524 Aether
457 487 483 507 ³⁵*
511 491 603 525 locus
630 495 688 532 est,
716 492 748 523 in
775 502 841 535 quo
863 491 971 525 sidera
998 498 1087 535 sunt,
1124 497 1157 526 et
1183 492 1347 537 significat
1375 504 1449 524 eum
1477 493 1610 535 ignem,
1639 493 1694 536 qui
1730 505 1749 525 a
1782 498 1854 527 toto
1887 494 2014 528 mundo

66 546 98 578 in
129 541 265 577 ιιῐὶιιηι39
291 548 460 587 separatus
488 548 545 575 est.
599 544 643 576 Et
669 541 780 577 sanem
807 543 924 578 :uther
951 550 1000 578 est
1026 545 1134 589 ipsum
1161 545 1379 586 elementum,
1419 545 1535 591 αι”θρα
1562 555 1642 577 vero
1673 545 1834 588 splendor
1860 546 2013 588 aetheris,

65 603 99 631 et
124 602 172 630 cst
197 606 303 629 sermo
331 595 491 628 Graecus.

229 647 261 680 2.
289 646 444 691 Sphaera
471 646 558 679 coeli
586 646 686 687 dicta,
708 659 749 679 eo
775 647 867 690 quod
896 647 1022 691 species
1050 647 1117 680 cius
1144 648 1177 680 in
1204 646 1384 679 rotundum
1408 646 1550 678 formata
1579 642 1676 679 estu:
1712 647 1770 679 sed
1795 653 1827 681 et
1852 647 2013 691 quicquid

64 699 130 732 tale
157 703 214 739 est,
242 711 261 730 a
288 699 495 731 volubilitate
523 698 667 742 sphaera
699 711 717 731 a
745 699 883 732 Graecis
911 699 1042 739 dicitur,
1078 699 1161 732 sicut
1202 703 1234 731 et
1268 699 1377 742 pilae,
1414 698 1534 741 quibus
1569 698 1686 731 ludunt
1721 699 1871 734 infantes.
1926 700 2013 732 Nam

62 750 262 795 philosophi
303 751 419 783 dicunt
470 750 604 782 coelum
654 751 686 782 in
727 750 892 794 sphaerae
930 751 1074 794 liguram
1094 747 1119 767 ⁴²
1159 750 1307 793 undique
1349 762 1418 783 esse
1461 761 1664 790 convexum,
1712 752 1860 794 partibus
1904 751 2013 783 omni-

62 804 122 835 bus
135 800 155 819 '³‘
172 799 391 845 aequalem‘¹‘‚
420 803 677 834 concludentem
705 807 836 843 terram,
861 803 892 834 in
915 802 1027 834 media
1047 802 1162 835 mundi
1179 803 1268 836 mole
1292 798 1489 834 libratam&
1543 802 1643 835 Hunc
1669 803 1798 834 moveri
1825 803 1950 844 dicunt,
1981 807 2013 835 et

62 865 137 888 cum
165 859 257 887 motu
272 850 292 870 ¹¹⁵
320 855 388 886 eius
417 854 525 886 sidera
551 854 583 885 in
612 864 652 886 eo
681 853 744 885 fixa
771 855 813 885 ab
841 853 967 886 oriente
995 864 1098 897 usque
1125 854 1169 886 ad
1180 851 1204 871 ⁴³
1226 854 1436 888 occidentem
1464 853 1613 893 circuire,
1640 854 1917 897 septentrionibus
1933 854 2012 885 bre-

61 907 169 939 viores
196 917 299 951 gyros
326 906 415 938 iuxta
443 905 610 938 cardinem
638 905 885 949 peragentibus.

227 957 262 989 3.
315 957 395 989 Axis
423 962 470 989 est
496 954 792 1000 septentrionalis-⁴⁶
815 957 901 989 linea
935 961 1037 997 recta,
1065 952 1185 1000 quaem
1219 968 1282 1001 per
1309 957 1456 990 mediam
1486 957 1590 1000 pilam
1624 955 1788 1000 sphaerae
1821 955 1945 995 tendit,
1982 960 2014 987 et

61 1006 202 1042 dictus⁵⁰
229 1008 306 1049 axis,
334 1008 426 1050 quod
454 1009 486 1040 in
515 1005 586 1040 (¹0⁵¹
615 1007 758 1052 sphaera
786 1014 821 1041 ut
847 1013 920 1040 rota
949 1009 1100 1050 volvitur,
1129 1008 1183 1041 vel
1210 1009 1287 1052 quia
1315 1009 1359 1041 ibi
1388 1009 1573 1053 plaustrum
1601 1013 1659 1040 est.

225 1059 257 1093 4.
313 1059 472 1092 Cardincs
500 1064 667 1092 extremae
693 1064 805 1103 partes
832 1065 905 1092 sunt
931 1060 1009 1100 axis,
1038 1065 1069 1092 et
1097 1060 1177 1094 dicti
1205 1060 1368 1101 cardines,
1396 1072 1436 1092 eo
1453 1059 1545 1103 quod
1564 1071 1625 1103 per
1642 1069 1698 1092 eos
1717 1058 1851 1091 vertitur
1868 1057 2011 1091 coelum.

224 1110 259 1145 5.
313 1111 387 1143 l'oli
423 1115 517 1149 sunt.
561 1112 617 1154 qui
652 1116 787 1144 currunt
815 1123 877 1155 per
914 1123 1020 1144 axem.
1074 1112 1206 1144 Horum
1235 1113 1317 1144 alter
1352 1116 1399 1145 est
1433 1111 1715 1155 septentrionalis,
1752 1109 1808 1152 qui
1843 1119 2011 1151 nunquam

59 1161 192 1201 occidit,
219 1162 476 1207 appellaturque
495 1163 639 1195 lim-eus:
666 1164 749 1196 alter
765 1164 924 1204 australis,
952 1163 1008 1205 qui
1030 1175 1198 1206 nunquam
1215 1163 1356 1203 videtur,
1385 1159 1699 1196 etaustr011ou1us⁵³²
1725 1161 1853 1201 dicitur‚
1878 1165 1910 1193 et
1930 1159 2011 1194 dicti

57 1214 140 1258 poli,
166 1214 259 1257 quod
286 1215 347 1247 sint
373 1215 482 1246 axium
511 1211 633 1257 cycli³³
659 1225 699 1246 ex
727 1226 785 1247 usu
813 1215 1050 1259 plaustrorum,
1079 1227 1097 1247 a
1124 1215 1286 1258 poliendo
1315 1214 1440 1249 scilicet
1467 1214 1644 1254 nominati,
1680 1213 1739 1245 sed
1761 1213 1857 1257 polus
1880 1212 2009 1244 Boreus

56 1277 189 1310 semper
214 1265 356 1307 videtur,
384 1265 628 1298 Austronothus
655 1276 833 1308 nunquam,
857 1266 936 1308 quia
955 1265 1073 1298 «lextra
1099 1266 1188 1299 coeli
1215 1266 1333 1297 altiora
1361 1270 1443 1305 sunt,
1469 1277 1584 1309 pressa
1612 1264 1732 1298 Austri.

223 1316 258 1349 6.
311 1316 469 1349 convexa
497 1321 643 1348 extrema
670 1317 756 1349 coeli
784 1321 878 1357 suut,
906 1328 925 1348 a
953 1317 1113 1350 curvitate
1141 1316 1240 1350 dicta.
1294 1317 1380 1349 Nam
1408 1327 1593 1349 convexum
1615 1326 1752 1349 curvum
1781 1320 1829 1348 est
1855 1319 1887 1347 et
1910 1314 2006 1347 incli-

58 1373 181 1410 natum,
209 1373 241 1400 et
266 1367 299 1400 in
325 1367 464 1400 modum
492 1368 608 1400 circuli
635 1364 803 1402 flexumffl.

220 1418 255 1453 7.
305 1419 449 1452 Lacteus
477 1419 618 1452 circulus
646 1420 697 1452 via
725 1423 782 1461 est,
810 1431 896 1461 quae
922 1419 955 1451 iu
985 1418 1130 1463 sphaera
1157 1418 1297 1461 videtur,
1330 1430 1349 1451 a
1376 1418 1524 1452 candore
1552 1415 1685 1459 dicta⁵⁵‚
1724 1418 1801 1461 quia
1829 1417 1907 1448 alba
1943 1421 2006 1448 est:

56 1482 156 1514 quam
183 1467 318 1514 aliqui⁵⁶
338 1471 453 1504 dicunt
478 1471 565 1503 viam
595 1482 674 1512 esse,
701 1482 802 1514 quam
813 1467 838 1488 ⁵⁷
864 1470 979 1504 circuit
1006 1471 1068 1512 sol,
1096 1476 1128 1504 et
1155 1482 1195 1503 ex
1222 1470 1408 1515 splendoris
1435 1470 1536 1514 ipsius
1549 1466 1575 1487 ⁵³
1601 1469 1736 1502 transitu
1759 1470 1804 1500 ita
1831 1468 1953 1500 lucere.

569 1555 715 1588 CAP.
771 1555 827 1588 Vl.
908 1556 981 1588 De
1033 1556 1272 1589 circulis
1325 1555 1477 1588 coeli.

219 1623 250 1656 l.
305 1624 478 1657 Habitatio
489 1620 514 1641 ⁵⁹
541 1624 627 1658 coeli
648 1624 850 1658 circulorum
877 1623 1028 1658 distincta
1049 1624 1152 1667 zonis,
1177 1624 1339 1668 quasdam
1362 1627 1474 1668 partes
1500 1621 1662 1666 temperie
1681 1631 1739 1653 sua
1762 1620 1909 1654 incolere
1926 1630 2006 1664 per-

54 1676 149 1717 misit,
176 1675 338 1718 quasdam
364 1676 510 1721 negavit,
538 1677 733 1709 enormitate
759 1675 895 1720 frigoris
923 1681 980 1709 aut
1007 1671 1171 1710 calorisffl.
1225 1676 1340 1708 Zonae
1368 1679 1479 1707 autem
1504 1675 1596 1719 ipsae
1623 1673 1770 1716 quinque
1796 1677 1887 1712 sunt,
1918 1683 2005 1715 quae

54 1727 131 1761 ideo
157 1737 262 1760 zonae
287 1728 341 1760 vel
367 1727 485 1761 circuli
509 1728 741 1772 appellantur,
765 1739 806 1761 eo
828 1727 921 1771 quod
947 1728 980 1760 in
1007 1726 1292 1762 circumductione
1326 1726 1491 1773 sphaerae
1528 1726 1668 1759 existunt
1678 1721 1711 1756 ⁶¹.

57 1834 94 1840 —
117 1817 165 1857 32)
189 1819 238 1846 Sic
263 1819 320 1849 Gu.
337 1822 364 1850 1.
381 1822 410 1850 2.
426 1823 450 1847 3.
476 1821 501 1848 4.
526 1820 574 1849 Ar.
599 1837 636 1841 —
661 1816 721 1850 α’πὸ
744 1822 799 1849 τοῦ
822 1818 900 1858 ὁρᾶν
923 1819 1005 1857 vulg.
1049 1818 1126 1848 Huc.
1151 1836 1189 1841 —
1213 1820 1262 1858 45)
1277 1820 1425 1848 libratum
1449 1819 1506 1847 Gu.
1521 1820 1549 1848 2.
1573 1827 1620 1846 va.
1649 1832 1684 1836 —
1707 1815 1755 1852 46)
1779 1815 1828 1843 Sic
1850 1816 1906 1843 Gu.
1922 1819 1947 1846 1.
1963 1831 2004 1836 —

54 1862 119 1889 Om.
145 1861 256 1889 Graeca
280 1872 326 1900 pr.
349 1872 396 1890 va.
423 1863 484 1890 Csr.
518 1873 585 1891 cum
605 1862 663 1891 hoc
686 1863 785 1901 capite
813 1862 834 1891 l.
857 1862 912 1891 Ill.
937 1872 1004 1901 cap.
1046 1868 1131 1890 motu
1154 1863 1239 1900 vulg.
1260 1879 1305 1885 -—
1328 1867 1479 1891 commota
1501 1870 1547 1900 pr.
1570 1875 1612 1882 -—
1643 1859 1688 1895 47)
1712 1868 1807 1896 usque
1833 1859 1865 1885 in
1892 1867 1938 1889 va.
1962 1874 2004 1879 —-

55 1906 104 1935 30.
128 1913 210 1941 seqq.
242 1920 278 1924 —
309 1904 356 1940 33)
380 1915 411 1931 ευ
439 1904 522 1942 qaod
542 1906 640 1943 vulg„
671 1905 723 1934 sed
755 1916 786 1933 ευ
811 1915 867 1934 om.
894 1906 950 1933 Gu.
977 1908 1003 1934 1.
1045 1906 1091 1943 45)
1115 1905 1164 1933 Sic
1191 1906 1246 1933 Gu.
1271 1908 1300 1937 1.
1323 1922 1365 1927 —
1390 1905 1602 1943 septentrbonis
1626 1901 1708 1938 vulg.
1731 1916 1773 1921 -
1801 1900 1850 1938 49)
1874 1901 1923 1928 Sic
1947 1900 2003 1928 Gu.

52 1962 94 1968 —
124 1948 168 1979 34)
192 1950 218 1972 ct
250 1945 352 1973 addidi
371 1956 386 1974 e
411 1946 466 1977 Gu.
492 1949 519 1978 1.
543 1950 572 1979 2.
593 1959 639 1976 va.
662 1964 704 1970 —
734 1947 780 1987 35)
804 1948 922 1977 Lucret.
951 1947 1001 1981 IV,
1048 1951 1076 1979 1.
1096 1950 1126 1978 2.
1140 1958 1186 1976 va.
1205 1947 1258 1977 Ar.
1274 1964 1315 1969 —
1332 1958 1444 1986 quaeve
1458 1946 1541 1984 vulg.
1555 1960 1598 1967 —-
1620 1946 1666 1979 50)
1686 1942 1771 1971 dicta
1788 1942 1843 1972 Gu.
1860 1946 1890 1975 2.
1905 1953 2002 1972 va.—

55 1991 124 2019 133.
149 2005 185 2008 —
216 1987 265 2027 36)
292 1988 396 2023 Coelo,
421 1991 474 2027 qni
490 1990 540 2018 Ar.
564 2001 580 2019 e
603 1991 720 2020 Luci-et.
744 2007 784 2012 ——-
815 1988 862 2028 37)
885 1990 999 2019 Locum
1042 1989 1089 2028 51)
1115 1991 1148 2019 in
1164 2001 1198 2019 ea
1216 1991 1314 2020 Gu.2.
1330 2000 1378 2019 va.
1396 1990 1447 2018 Ar.
1468 2005 1511 2010 —
1534 1986 1579 2026 52)
1599 1987 1811 2015 austronotius
1833 1986 1885 2014 Ar.
1897 1985 1958 2015 h.l.
1975 1989 2003 2014 et

52 2042 112 2060 non
133 2031 248 2060 inveni.
275 2047 311 2051 —
343 2030 389 2068 33)
412 2032 543 2060 Aethera
566 2033 604 2063 al.
631 2050 674 2055 —
701 2035 746 2067 39)
771 2033 821 2061 Sic
842 2033 898 2061 Gu.
922 2035 948 2064 1.
971 2034 1000 2062 2.
1042 2038 1154 2072 postea,
1176 2037 1211 2061 ut
1234 2033 1253 2063 1.
1275 2033 1326 2061 Ill.
1351 2043 1376 2061 c.
1398 2034 1450 2064 36.
1472 2048 1511 2053 —
1535 2031 1582 2069 53)
1603 2030 1651 2058 Sic
1674 2029 1731 2057 Gu.
1749 2030 1776 2060 1.
1802 2028 1916 2057 Asuvar.
1931 2028 2001 2056 lect.

52 2075 104 2103 Ar.
127 2090 169 2095 —
193 2074 225 2100 in
248 2074 379 2101 almvm
402 2074 481 2112 vulg.
508 2092 544 2096 —
562 2076 610 2111 40)
633 2082 659 2104 et
681 2075 784 2105 addidi
803 2086 819 2105 e
842 2076 898 2104 Gu.
917 2078 943 2106 1.
958 2090 1001 2098 -—
1043 2086 1090 2114 ap.
1113 2075 1201 2104 Goth.
1215 2092 1258 2097 -——
1270 2075 1349 2113 vulg.
1366 2074 1528 2103 circuli—
1547 2071 1595 2112 54)
1613 2072 1841 2110 circumflexum
1858 2071 1950 2101 Gu.2.
1965 2069 2001 2098 al.

50 2116 97 2154 41)
119 2116 168 2144 Sic
191 2116 247 2144 Gu.
263 2119 290 2146 1.
305 2119 332 2148 2.
355 2116 405 2146 Ar.
424 2118 577 2153 —sbrnu
600 2119 641 2145 sit
662 2119 745 2156 vulg.
764 2135 806 2140 —
828 2117 873 2156 42)
888 2118 1001 2157 figura
1042 2128 1090 2147 va.
1113 2135 1155 2142 -
1178 2118 1227 2155 55)
1251 2117 1351 2146 dictu-5
1374 2118 1431 2147 Gu.
1449 2120 1480 2149 2.
1500 2127 1548 2147 va.
1576 2120 1607 2144 et
1636 2116 1680 2144 sic
1710 2125 1804 2154 porro
1826 2111 1998 2143 masculine.

52 2159 110 2189 Gu.
127 2161 155 2189 2.
178 2168 226 2186 va.
249 2174 290 2180 --
312 2161 357 2192 43)
381 2159 429 2186 Sic
453 2159 507 2187 Gu.
522 2162 549 2190 1.
571 2177 612 2181 —
635 2161 742 2189 omnib.
758 2167 841 2199 part.
862 2161 1001 2199 vulg.—
1043 2165 1088 2195 56)
1120 2161 1180 2189 alii
1203 2162 1259 2189 Gu.
1282 2164 1312 2192 2.
1334 2177 1376 2183 —
1400 2160 1480 2189 alibi
1511 2169 1559 2198 pr.
1581 2174 1623 2179 —
1651 2158 1702 2195 57)
1729 2168 1792 2196 qua
1815 2157 1872 2186 Gu.
1897 2159 1925 2187 2.
1949 2164 1998 2193 pr·

52 2212 130 2229 omn.
157 2206 244 2239 part.
267 2211 327 2228 esse
355 2202 476 2239 aequal.
508 2202 565 2231 Gu.
582 2206 612 2234 2.
639 2212 684 2231 va.
713 2220 753 2225 -—-
793 2203 840 2242 44)
865 2204 913 2232 Sic
943 2203 999 2232 Gu-
1041 2213 1089 2232 τε.
1112 2204 1163 2232 Ar.
1186 2208 1214 2232 et
1236 2204 1348 2234 Isidor.
1370 2204 1435 2242 ipse
1458 2203 1478 2232 l.
1501 2212 1528 2231 c,
1552 2210 1617 2239 cap.
1641 2199 1691 2232 45.
1714 2215 1757 2222 —
1778 2199 1827 2237 55)
1846 2210 1878 2228 ea·
1895 2197 1997 2235 Sstlffl‘

55 2247 80 2274 1.
109 2244 145 2272 al.
181 2259 217 2264 ——
251 2244 378 2281 aequale
399 2244 479 2282 vulg.
511 2260 550 2266 —
582 2245 622 2272 De
644 2245 808 2275 masculino
840 2257 907 2276 voc.
932 2257 1000 2274 coe-
1042 2245 1115 2273 dore
1143 2246 1234 2274 illins
1263 2246 1300 2274 al.
1328 2262 1371 2268 —
1400 2246 1453 2281 59)
1484 2246 1575 2274 tertia
1604 2242 1674 2272 add.
1706 2243 1763 2272 Gu.
1790 2245 1818 2274 2.
1841 2256 1882 2263 —-
1912 2237 1994 2273 Vulg.

53 2287 115 2315 lum
142 2295 249 2324 genere
278 2286 346 2314 vide
376 2291 436 2316 not.
466 2289 518 2318 36.
548 2286 585 2315 ad
618 2287 638 2316 1.
660 2287 711 2316 ΙΙΙ.
738 2298 766 2316 c.
793 2291 853 2326 30,
875 2292 905 2320 2.
949 2289 999 2317 Sic
1046 2288 1206 2317 Habitatio
1230 2291 1310 2325 ista,
1341 2288 1395 2317 sed
1418 2290 1481 2317 ista
1504 2297 1561 2316 om.
1587 2286 1645 2315 Gn.
1663 2288 1690 2317 1.
1713 2301 1754 2308 -
1785 2286 1829 2320 60)
1852 2281 1907 2309 cal.
1939 2282 1994 2305 (ΗΛ

54 2339 121 2358 mox
150 2327 375 2356 concludentem
406 2330 462 2358 Gu.
483 2332 509 2361 1.
532 2330 569 2358 al.
599 2346 640 2351 —
670 2330 862 2359 concludente
892 2332 947 2360 Gu.
968 2335 997 2363 2,
1038 2332 1117 2369 frig.
1138 2342 1185 2361 va.
1209 2349 1250 2353 --
1269 2333 1321 2368 61)
1345 2332 1475 2361 existant
1497 2331 1555 2360 Gu.
1571 2332 1600 2360 2.
1623 2338 1670 2357 va·

57 2387 91 2392 —
122 2370 300 2400 concludens
327 2371 408 2410 vulg.
452 2372 524 2401 Mox
556 2373 613 2402 Gu.
640 2375 666 2404 1.
704 2373 799 2401 Hune
829 2384 883 2412 pro
915 2374 997 2412 vulg.
