<?xml version="1.0" encoding="UTF-8"?>
<!DOCTYPE html PUBLIC "-//W3C//DTD XHTML 1.0 Transitional//EN"
    "http://www.w3.org/TR/xhtml1/DTD/xhtml1-transitional.dtd">
<html xmlns="http://www.w3.org/1999/xhtml" xml:lang="en" lang="en">
 <head>
  <title>
</title>
<meta http-equiv="Content-Type" content="text/html;charset=utf-8" />
  <meta name='ocr-system' content='tesseract 3.04.00' />
  <meta name='ocr-capabilities' content='ocr_page ocr_carea ocr_par ocr_line ocrx_word'/>
</head>
<body>
  <div class='ocr_page' id='page_1' title='image "./corpusgrammatico03linduoft_0231.png"; bbox 0 0 2264 2830; ppageno 0'>
   <div class='ocr_carea' id='block_1_1' title="bbox 748 135 1259 169">
    <p class='ocr_par' dir='ltr' id='par_1_1' title="bbox 748 135 1259 169">
     <span class='ocr_line' id='line_1_1' title="bbox 748 135 1259 169; baseline 0.002 -1"><span class='ocrx_word' id='word_1_1' title='bbox 748 135 993 169; x_wconf 74' lang='lat' dir='ltr'>ORlGlNUM</span> <span class='ocrx_word' id='word_1_2' title='bbox 1031 135 1174 169; x_wconf 73' lang='lat' dir='ltr'>LIBER</span> <span class='ocrx_word' id='word_1_3' title='bbox 1204 136 1259 169; x_wconf 77' lang='lat' dir='ltr'>Vl.</span> 
     </span>
    </p>
   </div>
   <div class='ocr_carea' id='block_1_2' title="bbox 98 227 1098 275">
    <p class='ocr_par' dir='ltr' id='par_1_2' title="bbox 98 227 1098 275">
     <span class='ocr_line' id='line_1_2' title="bbox 98 227 1098 275; baseline -0.004 -11"><span class='ocrx_word' id='word_1_4' title='bbox 98 227 222 264; x_wconf 77' lang='lat' dir='ltr'>enim³⁹</span> <span class='ocrx_word' id='word_1_5' title='bbox 265 231 408 274; x_wconf 69' lang='lat' dir='ltr'>apostoli</span> <span class='ocrx_word' id='word_1_6' title='bbox 442 230 484 262; x_wconf 88' lang='lat' dir='ltr'>ad</span> <span class='ocrx_word' id='word_1_7' title='bbox 523 230 822 275; x_wconf 71' lang='lat' dir='ltr'>evangelizandum</span> <span class='ocrx_word' id='word_1_8' title='bbox 858 231 888 263; x_wconf 92' lang='lat' dir='ltr'>in</span> <span class='ocrx_word' id='word_1_9' title='bbox 924 231 1098 275; x_wconf 74' lang='lat' dir='ltr'>gentibus,</span> 
     </span>
    </p>
   </div>
   <div class='ocr_carea' id='block_1_3' title="bbox 94 288 872 582">
    <p class='ocr_par' dir='ltr' id='par_1_3' title="bbox 94 288 872 582">
     <span class='ocr_line' id='line_1_3' title="bbox 98 288 288 327; baseline -0.005 -12"><span class='ocrx_word' id='word_1_10' title='bbox 98 288 288 327; x_wconf 82' lang='lat' dir='ltr'>posuerunt.</span> 
     </span>
     <span class='ocr_line' id='line_1_4' title="bbox 262 334 321 367; baseline 0.051 -3"><span class='ocrx_word' id='word_1_11' title='bbox 262 334 321 367; x_wconf 57' lang='lat'>5⁸.</span> 
     </span>
     <span class='ocr_line' id='line_1_5' title="bbox 96 386 542 429; baseline 0 -12"><span class='ocrx_word' id='word_1_12' title='bbox 96 386 263 429; x_wconf 72' lang='lat' dir='ltr'>dogmatis</span> <span class='ocrx_word' id='word_1_13' title='bbox 291 390 542 417; x_wconf 65' lang='lat' dir='ltr'>sam-mnvriturin.</span> 
     </span>
     <span class='ocr_line' id='line_1_6' title="bbox 95 436 872 477; baseline -0.003 -6"><span class='ocrx_word' id='word_1_14' title='bbox 95 443 227 477; x_wconf 76' lang='lat' dir='ltr'>mento,</span> <span class='ocrx_word' id='word_1_15' title='bbox 255 437 311 469; x_wconf 71' lang='lat' dir='ltr'>sed</span> <span class='ocrx_word' id='word_1_16' title='bbox 337 437 369 468; x_wconf 90' lang='lat' dir='ltr'>in</span> <span class='ocrx_word' id='word_1_17' title='bbox 396 436 516 468; x_wconf 76' lang='lat' dir='ltr'>tabulis</span> <span class='ocrx_word' id='word_1_18' title='bbox 539 436 649 468; x_wconf 77' lang='lat' dir='ltr'>cordis</span> <span class='ocrx_word' id='word_1_19' title='bbox 676 438 872 469; x_wconf 76' lang='lat' dir='ltr'>carnalibus.</span> 
     </span>
     <span class='ocr_line' id='line_1_7' title="bbox 260 488 792 531; baseline 0.004 -12"><span class='ocrx_word' id='word_1_20' title='bbox 260 488 318 520; x_wconf 73' lang='lat'>59.</span> <span class='ocrx_word' id='word_1_21' title='bbox 373 488 489 520; x_wconf 87' lang='lat' dir='ltr'>Oratio</span> <span class='ocrx_word' id='word_1_22' title='bbox 519 488 634 531; x_wconf 84' lang='lat' dir='ltr'>petitio</span> <span class='ocrx_word' id='word_1_23' title='bbox 664 489 792 521; x_wconf 80' lang='lat' dir='ltr'>dicitur.</span> 
     </span>
     <span class='ocr_line' id='line_1_8' title="bbox 94 540 651 582; baseline -0.004 -9"><span class='ocrx_word' id='word_1_24' title='bbox 94 546 161 573; x_wconf 84' lang='lat' dir='ltr'>tem</span> <span class='ocrx_word' id='word_1_25' title='bbox 190 540 294 572; x_wconf 88' lang='lat' dir='ltr'>oratio</span> <span class='ocrx_word' id='word_1_26' title='bbox 324 540 400 572; x_wconf 88' lang='lat' dir='ltr'>loco</span> <span class='ocrx_word' id='word_1_27' title='bbox 429 544 461 571; x_wconf 79' lang='lat' dir='ltr'>et</span> <span class='ocrx_word' id='word_1_28' title='bbox 488 544 651 582; x_wconf 67' lang='lat' dir='ltr'>temporo.</span> 
     </span>
    </p>
   </div>
   <div class='ocr_carea' id='block_1_4' title="bbox 93 588 1599 688">
    <p class='ocr_par' dir='ltr' id='par_1_4' title="bbox 93 588 1599 688">
     <span class='ocr_line' id='line_1_9' title="bbox 94 588 1599 636; baseline 0.001 -13"><span class='ocrx_word' id='word_1_29' title='bbox 94 592 125 624; x_wconf 96' lang='lat' dir='ltr'>in</span> <span class='ocrx_word' id='word_1_30' title='bbox 153 592 324 635; x_wconf 87' lang='lat' dir='ltr'>publicum</span> <span class='ocrx_word' id='word_1_31' title='bbox 339 588 378 629; x_wconf 70' lang='lat'>⁴²,</span> <span class='ocrx_word' id='word_1_32' title='bbox 413 591 471 623; x_wconf 80' lang='lat' dir='ltr'>sed</span> <span class='ocrx_word' id='word_1_33' title='bbox 504 592 558 623; x_wconf 87' lang='lat' dir='ltr'>ubi</span> <span class='ocrx_word' id='word_1_34' title='bbox 587 593 819 636; x_wconf 67' lang='lat' dir='ltr'>opportunitas</span> <span class='ocrx_word' id='word_1_35' title='bbox 846 592 994 632; x_wconf 68' lang='lat' dir='ltr'>dederit,</span> <span class='ocrx_word' id='word_1_36' title='bbox 1030 598 1087 624; x_wconf 82' lang='lat' dir='ltr'>aut</span> <span class='ocrx_word' id='word_1_37' title='bbox 1124 592 1298 625; x_wconf 74' lang='lat' dir='ltr'>necessitas</span> <span class='ocrx_word' id='word_1_38' title='bbox 1327 593 1555 636; x_wconf 78' lang='lat' dir='ltr'>importaverit</span> <span class='ocrx_word' id='word_1_39' title='bbox 1569 588 1599 623; x_wconf 73' lang='lat'>¹³.</span> 
     </span>
     <span class='ocr_line' id='line_1_10' title="bbox 93 639 1078 688; baseline 0 -12"><span class='ocrx_word' id='word_1_40' title='bbox 93 649 311 688; x_wconf 84' lang='lat' dir='ltr'>praeceptum</span> <span class='ocrx_word' id='word_1_41' title='bbox 339 639 548 686; x_wconf 77' lang='lat' dir='ltr'>reputatur⁴¹</span> <span class='ocrx_word' id='word_1_42' title='bbox 569 644 612 675; x_wconf 86' lang='lat' dir='ltr'>ab</span> <span class='ocrx_word' id='word_1_43' title='bbox 639 645 799 688; x_wconf 67' lang='lat' dir='ltr'>apostolis</span> <span class='ocrx_word' id='word_1_44' title='bbox 829 644 972 684; x_wconf 78' lang='lat' dir='ltr'>factum,</span> <span class='ocrx_word' id='word_1_45' title='bbox 1001 644 1078 687; x_wconf 82' lang='lat' dir='ltr'>quia</span> 
     </span>
    </p>
   </div>
   <div class='ocr_carea' id='block_1_5' title="bbox 93 694 364 779">
    <p class='ocr_par' dir='ltr' id='par_1_5' title="bbox 93 694 364 779">
     <span class='ocr_line' id='line_1_11' title="bbox 93 694 364 729; baseline -0.015 0"><span class='ocrx_word' id='word_1_46' title='bbox 93 696 254 729; x_wconf 76' lang='lat' dir='ltr'>canebant</span> <span class='ocrx_word' id='word_1_47' title='bbox 282 694 364 726; x_wconf 68' lang='lat' dir='ltr'>neo.</span> 
     </span>
     <span class='ocr_line' id='line_1_12' title="bbox 262 746 323 779; baseline 0.016 -1"><span class='ocrx_word' id='word_1_48' title='bbox 262 746 323 779; x_wconf 75' lang='lat'>(50.</span> 
     </span>
    </p>
   </div>
   <div class='ocr_carea' id='block_1_6' title="bbox 1979 140 2052 173">
    <p class='ocr_par' dir='ltr' id='par_1_6' title="bbox 1979 140 2052 173">
     <span class='ocr_line' id='line_1_13' title="bbox 1979 140 2052 173; baseline 0.014 -1"><span class='ocrx_word' id='word_1_49' title='bbox 1979 140 2052 173; x_wconf 74' lang='lat'>213</span> 
     </span>
    </p>
   </div>
   <div class='ocr_carea' id='block_1_7' title="bbox 1148 231 2047 275">
    <p class='ocr_par' dir='ltr' id='par_1_7' title="bbox 1148 231 2047 275">
     <span class='ocr_line' id='line_1_14' title="bbox 1148 231 2047 275; baseline 0.004 -12"><span class='ocrx_word' id='word_1_50' title='bbox 1148 231 1216 265; x_wconf 82' lang='lat' dir='ltr'>boc</span> <span class='ocrx_word' id='word_1_51' title='bbox 1251 231 1310 263; x_wconf 72' lang='lat' dir='ltr'>sibi</span> <span class='ocrx_word' id='word_1_52' title='bbox 1340 231 1597 275; x_wconf 65' lang='lat' dir='ltr'>prat-dicationis</span> <span class='ocrx_word' id='word_1_53' title='bbox 1621 231 1770 275; x_wconf 74' lang='lat' dir='ltr'>signum,</span> <span class='ocrx_word' id='word_1_54' title='bbox 1809 232 1858 264; x_wconf 80' lang='lat' dir='ltr'>vel</span> <span class='ocrx_word' id='word_1_55' title='bbox 1892 233 2047 267; x_wconf 86' lang='lat' dir='ltr'>indicium</span> 
     </span>
    </p>
   </div>
   <div class='ocr_carea' id='block_1_8' title="bbox 375 329 2048 429">
    <p class='ocr_par' dir='ltr' id='par_1_8' title="bbox 375 329 2048 429">
     <span class='ocr_line' id='line_1_15' title="bbox 375 329 2048 371; baseline 0.002 -6"><span class='ocrx_word' id='word_1_56' title='bbox 375 332 529 365; x_wconf 82' lang='lat' dir='ltr'>Continet</span> <span class='ocrx_word' id='word_1_57' title='bbox 556 332 642 365; x_wconf 81' lang='lat' dir='ltr'>enim</span> <span class='ocrx_word' id='word_1_58' title='bbox 671 334 914 365; x_wconf 52' lang='lat' dir='ltr'>consessionem</span> <span class='ocrx_word' id='word_1_59' title='bbox 943 334 1112 366; x_wconf 75' lang='lat' dir='ltr'>Trinitatis</span> <span class='ocrx_word' id='word_1_60' title='bbox 1126 329 1164 371; x_wconf 76' lang='lat'>⁸⁰,</span> <span class='ocrx_word' id='word_1_61' title='bbox 1212 339 1243 366; x_wconf 71' lang='grc' dir='ltr'>(τί</span> <span class='ocrx_word' id='word_1_62' title='bbox 1271 335 1428 366; x_wconf 80' lang='lat' dir='ltr'>unitatem</span> <span class='ocrx_word' id='word_1_63' title='bbox 1460 335 1649 371; x_wconf 68' lang='lat' dir='ltr'>Ecclesiae,</span> <span class='ocrx_word' id='word_1_64' title='bbox 1687 340 1719 366; x_wconf 83' lang='lat' dir='ltr'>et</span> <span class='ocrx_word' id='word_1_65' title='bbox 1747 345 1846 366; x_wconf 80' lang='lat' dir='ltr'>omne</span> <span class='ocrx_word' id='word_1_66' title='bbox 1870 334 2048 369; x_wconf 73' lang='lat' dir='ltr'>Christiani</span> 
     </span>
     <span class='ocr_line' id='line_1_16' title="bbox 597 385 2047 429; baseline 0.003 -14"><span class='ocrx_word' id='word_1_67' title='bbox 597 385 698 424; x_wconf 77' lang='lat' dir='ltr'>Quod</span> <span class='ocrx_word' id='word_1_68' title='bbox 731 387 921 428; x_wconf 70' lang='lat' dir='ltr'>symbolum</span> <span class='ocrx_word' id='word_1_69' title='bbox 959 386 1038 418; x_wconf 74' lang='lat' dir='ltr'>fidei</span> <span class='ocrx_word' id='word_1_70' title='bbox 1076 391 1107 417; x_wconf 79' lang='lat' dir='ltr'>et</span> <span class='ocrx_word' id='word_1_71' title='bbox 1134 386 1203 429; x_wconf 79' lang='lat' dir='ltr'>spei</span> <span class='ocrx_word' id='word_1_72' title='bbox 1238 391 1368 419; x_wconf 69' lang='lat' dir='ltr'>nostrae</span> <span class='ocrx_word' id='word_1_73' title='bbox 1396 398 1461 418; x_wconf 84' lang='lat' dir='ltr'>non</span> <span class='ocrx_word' id='word_1_74' title='bbox 1497 387 1649 419; x_wconf 85' lang='lat' dir='ltr'>scribitur</span> <span class='ocrx_word' id='word_1_75' title='bbox 1685 386 1715 417; x_wconf 93' lang='lat' dir='ltr'>in</span> <span class='ocrx_word' id='word_1_76' title='bbox 1744 386 1860 419; x_wconf 84' lang='lat' dir='ltr'>charta</span> <span class='ocrx_word' id='word_1_77' title='bbox 1896 394 1927 419; x_wconf 81' lang='lat' dir='ltr'>et</span> <span class='ocrx_word' id='word_1_78' title='bbox 1959 394 2047 420; x_wconf 84' lang='lat' dir='ltr'>atra-</span> 
     </span>
    </p>
   </div>
   <div class='ocr_carea' id='block_1_9' title="bbox 706 488 2047 585">
    <p class='ocr_par' dir='ltr' id='par_1_9' title="bbox 706 488 2047 585">
     <span class='ocr_line' id='line_1_17' title="bbox 848 488 2046 532; baseline 0.003 -13"><span class='ocrx_word' id='word_1_79' title='bbox 848 490 933 522; x_wconf 81' lang='lat' dir='ltr'>Nam</span> <span class='ocrx_word' id='word_1_80' title='bbox 963 499 1057 521; x_wconf 84' lang='lat' dir='ltr'>orare</span> <span class='ocrx_word' id='word_1_81' title='bbox 1086 494 1134 520; x_wconf 71' lang='lat' dir='ltr'>est</span> <span class='ocrx_word' id='word_1_82' title='bbox 1160 492 1295 532; x_wconf 74' lang='lat' dir='ltr'>petere,</span> <span class='ocrx_word' id='word_1_83' title='bbox 1323 489 1406 521; x_wconf 85' lang='lat' dir='ltr'>sicut</span> <span class='ocrx_word' id='word_1_84' title='bbox 1434 500 1572 521; x_wconf 73' lang='lat' dir='ltr'>exorare</span> <span class='ocrx_word' id='word_1_85' title='bbox 1600 488 1787 532; x_wconf 71' lang='lat' dir='ltr'>impetrare.</span> <span class='ocrx_word' id='word_1_86' title='bbox 1824 488 1962 522; x_wconf 64' lang='lat' dir='ltr'>Constat</span> <span class='ocrx_word' id='word_1_87' title='bbox 1986 502 2046 523; x_wconf 87' lang='lat' dir='ltr'>au-</span> 
     </span>
     <span class='ocr_line' id='line_1_18' title="bbox 706 536 2047 585; baseline 0.002 -13"><span class='ocrx_word' id='word_1_88' title='bbox 706 541 822 581; x_wconf 77' lang='lat' dir='ltr'>Loco,</span> <span class='ocrx_word' id='word_1_89' title='bbox 857 541 934 583; x_wconf 86' lang='lat' dir='ltr'>quia</span> <span class='ocrx_word' id='word_1_90' title='bbox 962 552 1027 572; x_wconf 85' lang='lat' dir='ltr'>non</span> <span class='ocrx_word' id='word_1_91' title='bbox 1057 540 1181 583; x_wconf 75' lang='lat' dir='ltr'>ubique</span> <span class='ocrx_word' id='word_1_92' title='bbox 1194 536 1236 579; x_wconf 73' lang='lat'>⁴¹,</span> <span class='ocrx_word' id='word_1_93' title='bbox 1279 551 1355 573; x_wconf 92' lang='lat' dir='ltr'>cum</span> <span class='ocrx_word' id='word_1_94' title='bbox 1385 541 1627 585; x_wconf 65' lang='lat' dir='ltr'>prohibeamur</span> <span class='ocrx_word' id='word_1_95' title='bbox 1654 552 1673 571; x_wconf 90' lang='lat' dir='ltr'>a</span> <span class='ocrx_word' id='word_1_96' title='bbox 1701 540 1834 573; x_wconf 81' lang='lat' dir='ltr'>Christo</span> <span class='ocrx_word' id='word_1_97' title='bbox 1863 552 1958 573; x_wconf 83' lang='lat' dir='ltr'>orare</span> <span class='ocrx_word' id='word_1_98' title='bbox 1986 554 2047 575; x_wconf 75' lang='lat' dir='ltr'>nec</span> 
     </span>
    </p>
   </div>
   <div class='ocr_carea' id='block_1_10' title="bbox 1090 592 2046 677">
    <p class='ocr_par' dir='ltr' id='par_1_10' title="bbox 1090 592 2046 677">
     <span class='ocr_line' id='line_1_19' title="bbox 1665 592 2046 634; baseline 0.008 -11"><span class='ocrx_word' id='word_1_99' title='bbox 1665 592 1784 634; x_wconf 55' lang='lat' dir='ltr'>Neque</span> <span class='ocrx_word' id='word_1_100' title='bbox 1816 593 1902 625; x_wconf 75' lang='lat' dir='ltr'>enim</span> <span class='ocrx_word' id='word_1_101' title='bbox 1931 600 2046 626; x_wconf 86' lang='lat' dir='ltr'>contra</span> 
     </span>
     <span class='ocr_line' id='line_1_20' title="bbox 1090 640 2046 677; baseline 0.002 -2"><span class='ocrx_word' id='word_1_102' title='bbox 1090 640 1114 660; x_wconf 70' lang='lat'>⁴⁵</span> <span class='ocrx_word' id='word_1_103' title='bbox 1148 643 1180 675; x_wconf 91' lang='lat' dir='ltr'>in</span> <span class='ocrx_word' id='word_1_104' title='bbox 1212 655 1348 677; x_wconf 85' lang='lat' dir='ltr'>carcere</span> <span class='ocrx_word' id='word_1_105' title='bbox 1377 644 1584 677; x_wconf 76' lang='lat' dir='ltr'>audientibus</span> <span class='ocrx_word' id='word_1_106' title='bbox 1618 643 1810 676; x_wconf 75' lang='lat' dir='ltr'>custodibus</span> <span class='ocrx_word' id='word_1_107' title='bbox 1848 645 1986 677; x_wconf 84' lang='lat' dir='ltr'>orabant</span> <span class='ocrx_word' id='word_1_108' title='bbox 2015 652 2046 677; x_wconf 72' lang='lat' dir='ltr'>vt</span> 
     </span>
    </p>
   </div>
   <div class='ocr_carea' id='block_1_11' title="bbox 379 742 2043 791">
    <p class='ocr_par' dir='ltr' id='par_1_11' title="bbox 379 742 2043 791">
     <span class='ocr_line' id='line_1_21' title="bbox 379 742 2043 791; baseline 0.002 -14"><span class='ocrx_word' id='word_1_109' title='bbox 379 745 429 777; x_wconf 78' lang='lat' dir='ltr'>De</span> <span class='ocrx_word' id='word_1_110' title='bbox 457 751 610 788; x_wconf 79' lang='lat' dir='ltr'>tempore</span> <span class='ocrx_word' id='word_1_111' title='bbox 635 758 713 779; x_wconf 69' lang='lat' dir='ltr'>vero</span> <span class='ocrx_word' id='word_1_112' title='bbox 738 747 864 779; x_wconf 88' lang='lat' dir='ltr'>dictum</span> <span class='ocrx_word' id='word_1_113' title='bbox 890 752 954 779; x_wconf 83' lang='lat' dir='ltr'>est:</span> <span class='ocrx_word' id='word_1_114' title='bbox 985 747 1068 779; x_wconf 67' lang='lat' dir='ltr'>Sine</span> <span class='ocrx_word' id='word_1_115' title='bbox 1090 746 1342 779; x_wconf 71' lang='lat' dir='ltr'>intermissione</span> <span class='ocrx_word' id='word_1_116' title='bbox 1369 750 1471 779; x_wconf 77' lang='lat' dir='ltr'>orale</span> <span class='ocrx_word' id='word_1_117' title='bbox 1487 743 1518 786; x_wconf 53' lang='grc' dir='ltr'>Μ’,</span> <span class='ocrx_word' id='word_1_118' title='bbox 1546 745 1603 777; x_wconf 71' lang='lat' dir='ltr'>sed</span> <span class='ocrx_word' id='word_1_119' title='bbox 1630 745 1698 779; x_wconf 88' lang='lat' dir='ltr'>hoc</span> <span class='ocrx_word' id='word_1_120' title='bbox 1725 742 1792 778; x_wconf 77' lang='grc' dir='ltr'>ἰηΠ</span> <span class='ocrx_word' id='word_1_121' title='bbox 1813 746 2043 791; x_wconf 60' lang='lat' dir='ltr'>singularibus</span> 
     </span>
    </p>
   </div>
   <div class='ocr_carea' id='block_1_12' title="bbox 92 797 2045 842">
    <p class='ocr_par' dir='ltr' id='par_1_12' title="bbox 92 797 2045 842">
     <span class='ocr_line' id='line_1_22' title="bbox 92 797 2045 842; baseline 0.001 -11"><span class='ocrx_word' id='word_1_122' title='bbox 92 798 178 831; x_wconf 90' lang='lat' dir='ltr'>Nam</span> <span class='ocrx_word' id='word_1_123' title='bbox 206 803 252 830; x_wconf 80' lang='lat' dir='ltr'>est</span> <span class='ocrx_word' id='word_1_124' title='bbox 280 797 467 829; x_wconf 76' lang='lat' dir='ltr'>observatio</span> <span class='ocrx_word' id='word_1_125' title='bbox 495 799 704 840; x_wconf 82' lang='lat' dir='ltr'>quarundam</span> <span class='ocrx_word' id='word_1_126' title='bbox 733 799 890 831; x_wconf 84' lang='lat' dir='ltr'>horarum</span> <span class='ocrx_word' id='word_1_127' title='bbox 919 799 1165 840; x_wconf 81' lang='lat' dir='ltr'>communium,</span> <span class='ocrx_word' id='word_1_128' title='bbox 1204 809 1290 841; x_wconf 86' lang='lat' dir='ltr'>quae</span> <span class='ocrx_word' id='word_1_129' title='bbox 1318 798 1384 831; x_wconf 89' lang='lat' dir='ltr'>diei</span> <span class='ocrx_word' id='word_1_130' title='bbox 1412 797 1611 842; x_wconf 76' lang='lat' dir='ltr'>interspacia</span> <span class='ocrx_word' id='word_1_131' title='bbox 1639 798 1786 842; x_wconf 68' lang='lat' dir='ltr'>signant,</span> <span class='ocrx_word' id='word_1_132' title='bbox 1814 800 1927 838; x_wconf 79' lang='lat' dir='ltr'>tertia,</span> <span class='ocrx_word' id='word_1_133' title='bbox 1955 806 2045 832; x_wconf 76' lang='lat' dir='ltr'>sexta</span> 
     </span>
    </p>
   </div>
   <div class='ocr_carea' id='block_1_13' title="bbox 91 850 628 933">
    <p class='ocr_par' dir='ltr' id='par_1_13' title="bbox 91 850 628 933">
     <span class='ocr_line' id='line_1_23' title="bbox 91 850 628 884; baseline -0.006 -1"><span class='ocrx_word' id='word_1_134' title='bbox 91 856 125 883; x_wconf 82' lang='lat' dir='ltr'>et.</span> <span class='ocrx_word' id='word_1_135' title='bbox 150 862 252 884; x_wconf 85' lang='lat' dir='ltr'>nona:</span> <span class='ocrx_word' id='word_1_136' title='bbox 280 850 428 881; x_wconf 80' lang='lat' dir='ltr'>similiter</span> <span class='ocrx_word' id='word_1_137' title='bbox 456 854 487 880; x_wconf 80' lang='lat' dir='ltr'>et</span> <span class='ocrx_word' id='word_1_138' title='bbox 514 850 628 884; x_wconf 76' lang='lat' dir='ltr'>noctis,</span> 
     </span>
     <span class='ocr_line' id='line_1_24' title="bbox 256 900 315 933; baseline 0.017 -1"><span class='ocrx_word' id='word_1_139' title='bbox 256 900 315 933; x_wconf 86' lang='lat'>61.</span> 
     </span>
    </p>
   </div>
   <div class='ocr_carea' id='block_1_14' title="bbox 90 952 1011 997">
    <p class='ocr_par' dir='ltr' id='par_1_14' title="bbox 90 952 1011 997">
     <span class='ocr_line' id='line_1_25' title="bbox 90 952 1011 997; baseline -0.001 -11"><span class='ocrx_word' id='word_1_140' title='bbox 90 952 189 995; x_wconf 83' lang='lat' dir='ltr'>tenti,</span> <span class='ocrx_word' id='word_1_141' title='bbox 218 952 326 997; x_wconf 78' lang='lat' dir='ltr'>ipsum</span> <span class='ocrx_word' id='word_1_142' title='bbox 350 963 408 984; x_wconf 76' lang='lat' dir='ltr'>nos</span> <span class='ocrx_word' id='word_1_143' title='bbox 436 952 479 984; x_wconf 86' lang='lat' dir='ltr'>ad</span> <span class='ocrx_word' id='word_1_144' title='bbox 509 953 658 986; x_wconf 80' lang='lat' dir='ltr'>osticium</span> <span class='ocrx_word' id='word_1_145' title='bbox 687 958 819 996; x_wconf 70' lang='lat' dir='ltr'>tempus</span> <span class='ocrx_word' id='word_1_146' title='bbox 846 953 1011 985; x_wconf 74' lang='lat' dir='ltr'>admoneo</span> 
     </span>
    </p>
   </div>
   <div class='ocr_carea' id='block_1_15' title="bbox 1015 949 1061 985">
    <p class='ocr_par' dir='ltr' id='par_1_15' title="bbox 1015 949 1061 985">
     <span class='ocr_line' id='line_1_26' title="bbox 1015 949 1061 985; baseline -0.043 -16"><span class='ocrx_word' id='word_1_147' title='bbox 1015 949 1061 985; x_wconf 62' lang='lat' dir='ltr'>tw</span> 
     </span>
    </p>
   </div>
   <div class='ocr_carea' id='block_1_16' title="bbox 370 896 2040 997">
    <p class='ocr_par' dir='ltr' id='par_1_16' title="bbox 370 896 2040 997">
     <span class='ocr_line' id='line_1_27' title="bbox 370 896 2040 945; baseline 0.001 -12"><span class='ocrx_word' id='word_1_148' title='bbox 370 900 438 933; x_wconf 84' lang='lat' dir='ltr'>Sed</span> <span class='ocrx_word' id='word_1_149' title='bbox 463 901 539 933; x_wconf 89' lang='lat' dir='ltr'>ideo</span> <span class='ocrx_word' id='word_1_150' title='bbox 568 901 633 934; x_wconf 84' lang='lat' dir='ltr'>hae</span> <span class='ocrx_word' id='word_1_151' title='bbox 660 900 766 934; x_wconf 86' lang='lat' dir='ltr'>horae</span> <span class='ocrx_word' id='word_1_152' title='bbox 795 896 948 933; x_wconf 63' lang='lat' dir='ltr'>orandi⁴⁸</span> <span class='ocrx_word' id='word_1_153' title='bbox 982 901 1107 933; x_wconf 67' lang='lat' dir='ltr'>divisae</span> <span class='ocrx_word' id='word_1_154' title='bbox 1135 905 1231 944; x_wconf 79' lang='lat' dir='ltr'>sunt,</span> <span class='ocrx_word' id='word_1_155' title='bbox 1274 906 1310 933; x_wconf 88' lang='lat' dir='ltr'>ut</span> <span class='ocrx_word' id='word_1_156' title='bbox 1346 902 1370 933; x_wconf 85' lang='lat' dir='ltr'>si</span> <span class='ocrx_word' id='word_1_157' title='bbox 1401 902 1488 934; x_wconf 82' lang='lat' dir='ltr'>sorte</span> <span class='ocrx_word' id='word_1_158' title='bbox 1524 901 1637 944; x_wconf 70' lang='lat' dir='ltr'>aliquo</span> <span class='ocrx_word' id='word_1_159' title='bbox 1666 901 1821 933; x_wconf 71' lang='lat' dir='ltr'>fuerimus</span> <span class='ocrx_word' id='word_1_160' title='bbox 1850 912 1953 945; x_wconf 81' lang='lat' dir='ltr'>opere</span> <span class='ocrx_word' id='word_1_161' title='bbox 1981 902 2040 935; x_wconf 89' lang='lat' dir='ltr'>de-</span> 
     </span>
     <span class='ocr_line' id='line_1_28' title="bbox 1070 952 1878 997; baseline 0 -12"><span class='ocrx_word' id='word_1_162' title='bbox 1070 977 1079 991; x_wconf 79' lang='lat'>,</span> <span class='ocrx_word' id='word_1_163' title='bbox 1106 964 1193 996; x_wconf 85' lang='lat' dir='ltr'>quae</span> <span class='ocrx_word' id='word_1_164' title='bbox 1221 958 1376 997; x_wconf 83' lang='lat' dir='ltr'>tempora</span> <span class='ocrx_word' id='word_1_165' title='bbox 1400 954 1432 986; x_wconf 92' lang='lat' dir='ltr'>in</span> <span class='ocrx_word' id='word_1_166' title='bbox 1460 953 1639 997; x_wconf 82' lang='lat' dir='ltr'>Scriptnris</span> <span class='ocrx_word' id='word_1_167' title='bbox 1666 952 1878 986; x_wconf 72' lang='lat' dir='ltr'>inveniuntur.</span> 
     </span>
    </p>
   </div>
   <div class='ocr_carea' id='block_1_17' title="bbox 89 1001 2043 1100">
    <p class='ocr_par' dir='ltr' id='par_1_17' title="bbox 89 1001 2043 1100">
     <span class='ocr_line' id='line_1_29' title="bbox 254 1001 2041 1049; baseline 0 -13"><span class='ocrx_word' id='word_1_168' title='bbox 254 1003 314 1036; x_wconf 77' lang='lat'>62.</span> <span class='ocrx_word' id='word_1_169' title='bbox 368 1004 517 1037; x_wconf 87' lang='lat' dir='ltr'>Primum</span> <span class='ocrx_word' id='word_1_170' title='bbox 552 1005 639 1037; x_wconf 84' lang='lat' dir='ltr'>enim</span> <span class='ocrx_word' id='word_1_171' title='bbox 672 1005 804 1048; x_wconf 77' lang='lat' dir='ltr'>spiritus</span> <span class='ocrx_word' id='word_1_172' title='bbox 838 1005 980 1038; x_wconf 85' lang='lat' dir='ltr'>Sanctus</span> <span class='ocrx_word' id='word_1_173' title='bbox 993 1001 1018 1021; x_wconf 71' lang='lat'>‘⁵⁰</span> <span class='ocrx_word' id='word_1_174' title='bbox 1060 1005 1275 1049; x_wconf 82' lang='lat' dir='ltr'>congregatis</span> <span class='ocrx_word' id='word_1_175' title='bbox 1312 1001 1507 1049; x_wconf 75' lang='lat' dir='ltr'>apostolis⁵¹</span> <span class='ocrx_word' id='word_1_176' title='bbox 1540 1005 1625 1037; x_wconf 88' lang='lat' dir='ltr'>hora</span> <span class='ocrx_word' id='word_1_177' title='bbox 1660 1004 1755 1036; x_wconf 82' lang='lat' dir='ltr'>tertia</span> <span class='ocrx_word' id='word_1_178' title='bbox 1789 1004 1911 1036; x_wconf 80' lang='lat' dir='ltr'>infusus</span> <span class='ocrx_word' id='word_1_179' title='bbox 1948 1010 1995 1037; x_wconf 62' lang='lat' dir='ltr'>est</span> <span class='ocrx_word' id='word_1_180' title='bbox 2008 1001 2041 1036; x_wconf 68' lang='lat'>5².</span> 
     </span>
     <span class='ocr_line' id='line_1_30' title="bbox 89 1053 2043 1100; baseline -0.001 -12"><span class='ocrx_word' id='word_1_181' title='bbox 89 1056 204 1088; x_wconf 67' lang='lat' dir='ltr'>Petrus</span> <span class='ocrx_word' id='word_1_182' title='bbox 232 1067 297 1098; x_wconf 87' lang='lat' dir='ltr'>qua</span> <span class='ocrx_word' id='word_1_183' title='bbox 326 1056 380 1088; x_wconf 88' lang='lat' dir='ltr'>die</span> <span class='ocrx_word' id='word_1_184' title='bbox 393 1053 418 1072; x_wconf 71' lang='lat'>⁵²³</span> <span class='ocrx_word' id='word_1_185' title='bbox 445 1056 602 1088; x_wconf 73' lang='lat' dir='ltr'>visionem</span> <span class='ocrx_word' id='word_1_186' title='bbox 627 1057 938 1089; x_wconf 80' lang='lat' dir='ltr'>communicationis</span> <span class='ocrx_word' id='word_1_187' title='bbox 964 1057 996 1088; x_wconf 92' lang='lat' dir='ltr'>in</span> <span class='ocrx_word' id='word_1_188' title='bbox 1025 1056 1083 1088; x_wconf 87' lang='lat' dir='ltr'>illo</span> <span class='ocrx_word' id='word_1_189' title='bbox 1112 1057 1248 1089; x_wconf 71' lang='lat' dir='ltr'>vasculo</span> <span class='ocrx_word' id='word_1_190' title='bbox 1278 1062 1432 1100; x_wconf 80' lang='lat' dir='ltr'>expertus</span> <span class='ocrx_word' id='word_1_191' title='bbox 1457 1061 1523 1095; x_wconf 70' lang='lat' dir='ltr'>est,</span> <span class='ocrx_word' id='word_1_192' title='bbox 1561 1061 1650 1089; x_wconf 71' lang='lat' dir='ltr'>sexta</span> <span class='ocrx_word' id='word_1_193' title='bbox 1678 1055 1761 1088; x_wconf 87' lang='lat' dir='ltr'>hora</span> <span class='ocrx_word' id='word_1_194' title='bbox 1791 1056 1906 1088; x_wconf 87' lang='lat' dir='ltr'>orandi</span> <span class='ocrx_word' id='word_1_195' title='bbox 1935 1056 2043 1100; x_wconf 82' lang='lat' dir='ltr'>gratia</span> 
     </span>
    </p>
   </div>
   <div class='ocr_carea' id='block_1_18' title="bbox 86 1104 405 1192">
    <p class='ocr_par' dir='ltr' id='par_1_18' title="bbox 86 1104 405 1192">
     <span class='ocr_line' id='line_1_31' title="bbox 87 1104 325 1140; baseline 0.004 -1"><span class='ocrx_word' id='word_1_196' title='bbox 87 1107 282 1140; x_wconf 70' lang='lat' dir='ltr'>ascenderat</span> <span class='ocrx_word' id='word_1_197' title='bbox 292 1104 325 1140; x_wconf 43' lang='grc' dir='ltr'>ᾖ.</span> 
     </span>
     <span class='ocr_line' id='line_1_32' title="bbox 86 1155 405 1192; baseline 0 -1"><span class='ocrx_word' id='word_1_198' title='bbox 86 1159 145 1192; x_wconf 86' lang='lat' dir='ltr'>tati</span> <span class='ocrx_word' id='word_1_199' title='bbox 153 1155 177 1175; x_wconf 75' lang='lat'>⁵³</span> <span class='ocrx_word' id='word_1_200' title='bbox 204 1160 405 1192; x_wconf 78' lang='lat' dir='ltr'>reformavit.</span> 
     </span>
    </p>
   </div>
   <div class='ocr_carea' id='block_1_19' title="bbox 252 1211 310 1244">
    <p class='ocr_par' dir='ltr' id='par_1_19' title="bbox 252 1211 310 1244">
     <span class='ocr_line' id='line_1_33' title="bbox 252 1211 310 1244; baseline 0 -1"><span class='ocrx_word' id='word_1_201' title='bbox 252 1211 310 1244; x_wconf 87' lang='lat'>63.</span> 
     </span>
    </p>
   </div>
   <div class='ocr_carea' id='block_1_20' title="bbox 87 1259 1260 1306">
    <p class='ocr_par' dir='ltr' id='par_1_20' title="bbox 87 1259 1260 1306">
     <span class='ocr_line' id='line_1_34' title="bbox 87 1259 1260 1306; baseline 0 -13"><span class='ocrx_word' id='word_1_202' title='bbox 87 1261 144 1294; x_wconf 75' lang='lat' dir='ltr'>elis</span> <span class='ocrx_word' id='word_1_203' title='bbox 177 1259 406 1306; x_wconf 59' lang='lat' dir='ltr'>disciplinam),</span> <span class='ocrx_word' id='word_1_204' title='bbox 450 1266 485 1293; x_wconf 81' lang='lat' dir='ltr'>nt</span> <span class='ocrx_word' id='word_1_205' title='bbox 512 1274 552 1294; x_wconf 85' lang='lat' dir='ltr'>ne</span> <span class='ocrx_word' id='word_1_206' title='bbox 580 1262 705 1303; x_wconf 79' lang='lat' dir='ltr'>minus,</span> <span class='ocrx_word' id='word_1_207' title='bbox 745 1274 845 1305; x_wconf 87' lang='lat' dir='ltr'>quam</span> <span class='ocrx_word' id='word_1_208' title='bbox 875 1267 924 1294; x_wconf 75' lang='lat' dir='ltr'>ter</span> <span class='ocrx_word' id='word_1_209' title='bbox 955 1259 1044 1293; x_wconf 65' lang='lat' dir='ltr'>die*5¹</span> <span class='ocrx_word' id='word_1_210' title='bbox 1073 1261 1260 1293; x_wconf 73' lang='lat' dir='ltr'>adoremus.</span> 
     </span>
    </p>
   </div>
   <div class='ocr_carea' id='block_1_21' title="bbox 379 1104 1465 1152">
    <p class='ocr_par' dir='ltr' id='par_1_21' title="bbox 379 1104 1465 1152">
     <span class='ocr_line' id='line_1_35' title="bbox 379 1104 1465 1152; baseline 0.002 -13"><span class='ocrx_word' id='word_1_211' title='bbox 379 1107 472 1140; x_wconf 81' lang='lat' dir='ltr'>ldem</span> <span class='ocrx_word' id='word_1_212' title='bbox 502 1108 599 1140; x_wconf 81' lang='lat' dir='ltr'>etiam</span> <span class='ocrx_word' id='word_1_213' title='bbox 629 1119 705 1141; x_wconf 88' lang='lat' dir='ltr'>cum</span> <span class='ocrx_word' id='word_1_214' title='bbox 736 1109 885 1141; x_wconf 78' lang='lat' dir='ltr'>Iohanne</span> <span class='ocrx_word' id='word_1_215' title='bbox 913 1108 999 1140; x_wconf 86' lang='lat' dir='ltr'>hora</span> <span class='ocrx_word' id='word_1_216' title='bbox 1026 1104 1148 1140; x_wconf 78' lang='lat' dir='ltr'>nona55</span> <span class='ocrx_word' id='word_1_217' title='bbox 1175 1108 1339 1152; x_wconf 87' lang='lat' dir='ltr'>templum</span> <span class='ocrx_word' id='word_1_218' title='bbox 1368 1109 1465 1152; x_wconf 82' lang='lat' dir='ltr'>adiit,</span> 
     </span>
    </p>
   </div>
   <div class='ocr_carea' id='block_1_22' title="bbox 1503 1104 2041 1152">
    <p class='ocr_par' dir='ltr' id='par_1_22' title="bbox 1503 1104 2041 1152">
     <span class='ocr_line' id='line_1_36' title="bbox 1503 1104 2041 1152; baseline -0.004 -11"><span class='ocrx_word' id='word_1_219' title='bbox 1503 1108 1640 1152; x_wconf 87' lang='lat' dir='ltr'>quando</span> <span class='ocrx_word' id='word_1_220' title='bbox 1671 1104 1928 1152; x_wconf 65' lang='lat' dir='ltr'>paralyticun¹⁵⁰</span> <span class='ocrx_word' id='word_1_221' title='bbox 1955 1108 2041 1140; x_wconf 76' lang='lat' dir='ltr'>sani-</span> 
     </span>
    </p>
   </div>
   <div class='ocr_carea' id='block_1_23' title="bbox 365 1206 2038 1255">
    <p class='ocr_par' dir='ltr' id='par_1_23' title="bbox 365 1206 2038 1255">
     <span class='ocr_line' id='line_1_37' title="bbox 365 1206 2038 1255; baseline -0.002 -11"><span class='ocrx_word' id='word_1_222' title='bbox 365 1210 433 1244; x_wconf 74' lang='lat' dir='ltr'>Sed</span> <span class='ocrx_word' id='word_1_223' title='bbox 462 1215 493 1242; x_wconf 86' lang='lat' dir='ltr'>et</span> <span class='ocrx_word' id='word_1_224' title='bbox 516 1210 689 1243; x_wconf 79' lang='lat' dir='ltr'>Danielem</span> <span class='ocrx_word' id='word_1_225' title='bbox 712 1211 856 1255; x_wconf 80' lang='lat' dir='ltr'>legimus</span> <span class='ocrx_word' id='word_1_226' title='bbox 884 1210 971 1243; x_wconf 87' lang='lat' dir='ltr'>haec</span> <span class='ocrx_word' id='word_1_227' title='bbox 998 1215 1153 1254; x_wconf 82' lang='lat' dir='ltr'>tempora</span> <span class='ocrx_word' id='word_1_228' title='bbox 1165 1207 1190 1227; x_wconf 76' lang='lat'>⁵¹³</span> <span class='ocrx_word' id='word_1_229' title='bbox 1218 1211 1250 1242; x_wconf 90' lang='lat' dir='ltr'>in</span> <span class='ocrx_word' id='word_1_230' title='bbox 1267 1211 1416 1242; x_wconf 84' lang='lat' dir='ltr'>oratione</span> <span class='ocrx_word' id='word_1_231' title='bbox 1445 1210 1635 1242; x_wconf 71' lang='lat' dir='ltr'>observasse</span> <span class='ocrx_word' id='word_1_232' title='bbox 1646 1206 1681 1252; x_wconf 80' lang='lat'>⁵⁹,</span> <span class='ocrx_word' id='word_1_233' title='bbox 1710 1214 1742 1241; x_wconf 88' lang='lat' dir='ltr'>et</span> <span class='ocrx_word' id='word_1_234' title='bbox 1768 1210 1881 1252; x_wconf 84' lang='lat' dir='ltr'>utique</span> <span class='ocrx_word' id='word_1_235' title='bbox 1902 1221 1939 1241; x_wconf 72' lang='lat' dir='ltr'>ex</span> <span class='ocrx_word' id='word_1_236' title='bbox 1953 1209 2038 1241; x_wconf 73' lang='lat' dir='ltr'>lsra—</span> 
     </span>
    </p>
   </div>
   <div class='ocr_carea' id='block_1_24' title="bbox 1323 1258 2038 1302">
    <p class='ocr_par' dir='ltr' id='par_1_24' title="bbox 1323 1258 2038 1302">
     <span class='ocr_line' id='line_1_38' title="bbox 1323 1258 2038 1302; baseline -0.008 -9"><span class='ocrx_word' id='word_1_237' title='bbox 1323 1262 1500 1293; x_wconf 76' lang='lat' dir='ltr'>Debitores</span> <span class='ocrx_word' id='word_1_238' title='bbox 1535 1262 1622 1293; x_wconf 81' lang='lat' dir='ltr'>enim</span> <span class='ocrx_word' id='word_1_239' title='bbox 1650 1273 1760 1293; x_wconf 72' lang='lat' dir='ltr'>sumus</span> <span class='ocrx_word' id='word_1_240' title='bbox 1788 1258 1938 1302; x_wconf 59' lang='lat' dir='ltr'>trium‘ffl,</span> <span class='ocrx_word' id='word_1_241' title='bbox 1974 1261 2038 1293; x_wconf 74' lang='lat' dir='ltr'>Pa-</span> 
     </span>
    </p>
   </div>
   <div class='ocr_carea' id='block_1_25' title="bbox 85 1309 2039 1560">
    <p class='ocr_par' dir='ltr' id='par_1_25' title="bbox 85 1309 2039 1460">
     <span class='ocr_line' id='line_1_39' title="bbox 86 1309 2039 1357; baseline -0.001 -12"><span class='ocrx_word' id='word_1_242' title='bbox 86 1314 141 1345; x_wconf 87' lang='lat' dir='ltr'>tris</span> <span class='ocrx_word' id='word_1_243' title='bbox 169 1320 201 1346; x_wconf 87' lang='lat' dir='ltr'>et</span> <span class='ocrx_word' id='word_1_244' title='bbox 229 1314 305 1347; x_wconf 77' lang='lat' dir='ltr'>Filii</span> <span class='ocrx_word' id='word_1_245' title='bbox 334 1319 365 1346; x_wconf 85' lang='lat' dir='ltr'>et</span> <span class='ocrx_word' id='word_1_246' title='bbox 393 1313 534 1356; x_wconf 81' lang='lat' dir='ltr'>Spiritus</span> <span class='ocrx_word' id='word_1_247' title='bbox 562 1314 685 1354; x_wconf 73' lang='lat' dir='ltr'>sancti,</span> <span class='ocrx_word' id='word_1_248' title='bbox 719 1313 866 1357; x_wconf 79' lang='lat' dir='ltr'>exceptis</span> <span class='ocrx_word' id='word_1_249' title='bbox 892 1313 1006 1356; x_wconf 86' lang='lat' dir='ltr'>utique</span> <span class='ocrx_word' id='word_1_250' title='bbox 1017 1309 1042 1330; x_wconf 74' lang='lat'>⁰³</span> <span class='ocrx_word' id='word_1_251' title='bbox 1076 1317 1108 1345; x_wconf 87' lang='lat' dir='ltr'>et</span> <span class='ocrx_word' id='word_1_252' title='bbox 1136 1313 1206 1345; x_wconf 88' lang='lat' dir='ltr'>aliis</span> <span class='ocrx_word' id='word_1_253' title='bbox 1233 1313 1390 1357; x_wconf 81' lang='lat' dir='ltr'>legitimis</span> <span class='ocrx_word' id='word_1_254' title='bbox 1418 1313 1638 1354; x_wconf 77' lang='lat' dir='ltr'>orationibus,</span> <span class='ocrx_word' id='word_1_255' title='bbox 1672 1324 1758 1355; x_wconf 84' lang='lat' dir='ltr'>quae</span> <span class='ocrx_word' id='word_1_256' title='bbox 1785 1312 1853 1344; x_wconf 79' lang='lat' dir='ltr'>sine</span> <span class='ocrx_word' id='word_1_257' title='bbox 1883 1313 1949 1344; x_wconf 86' lang='lat' dir='ltr'>ulla</span> <span class='ocrx_word' id='word_1_258' title='bbox 1977 1312 2039 1344; x_wconf 89' lang='lat' dir='ltr'>ad-</span> 
     </span>
     <span class='ocr_line' id='line_1_40' title="bbox 87 1360 2038 1409; baseline 0 -13"><span class='ocrx_word' id='word_1_259' title='bbox 87 1362 304 1397; x_wconf 75' lang='lat' dir='ltr'>monitione¹³⁴</span> <span class='ocrx_word' id='word_1_260' title='bbox 332 1365 495 1397; x_wconf 71' lang='lat' dir='ltr'>debentur</span> <span class='ocrx_word' id='word_1_261' title='bbox 522 1364 670 1407; x_wconf 70' lang='lat' dir='ltr'>ingressu</span> <span class='ocrx_word' id='word_1_262' title='bbox 683 1360 708 1382; x_wconf 73' lang='lat'>⁶⁵</span> <span class='ocrx_word' id='word_1_263' title='bbox 734 1364 817 1399; x_wconf 85' lang='lat' dir='ltr'>lucis</span> <span class='ocrx_word' id='word_1_264' title='bbox 844 1376 884 1399; x_wconf 90' lang='lat' dir='ltr'>ac</span> <span class='ocrx_word' id='word_1_265' title='bbox 917 1364 1024 1399; x_wconf 76' lang='lat' dir='ltr'>noctis</span> <span class='ocrx_word' id='word_1_266' title='bbox 1051 1364 1118 1397; x_wconf 72' lang='lat' dir='ltr'>sive</span> <span class='ocrx_word' id='word_1_267' title='bbox 1149 1364 1358 1409; x_wconf 82' lang='lat' dir='ltr'>vigiliarum,</span> <span class='ocrx_word' id='word_1_268' title='bbox 1397 1364 1457 1397; x_wconf 81' lang='lat' dir='ltr'>sed</span> <span class='ocrx_word' id='word_1_269' title='bbox 1485 1369 1518 1397; x_wconf 86' lang='lat' dir='ltr'>et</span> <span class='ocrx_word' id='word_1_270' title='bbox 1550 1365 1661 1398; x_wconf 88' lang='lat' dir='ltr'>cibum</span> <span class='ocrx_word' id='word_1_271' title='bbox 1690 1375 1755 1396; x_wconf 87' lang='lat' dir='ltr'>non</span> <span class='ocrx_word' id='word_1_272' title='bbox 1781 1364 1871 1408; x_wconf 81' lang='lat' dir='ltr'>prius</span> <span class='ocrx_word' id='word_1_273' title='bbox 1898 1375 2038 1404; x_wconf 78' lang='lat' dir='ltr'>sumere,</span> 
     </span>
     <span class='ocr_line' id='line_1_41' title="bbox 85 1413 627 1460; baseline 0 -10"><span class='ocrx_word' id='word_1_274' title='bbox 85 1428 185 1460; x_wconf 84' lang='lat' dir='ltr'>quam</span> <span class='ocrx_word' id='word_1_275' title='bbox 211 1417 403 1459; x_wconf 78' lang='lat' dir='ltr'>interposita</span> <span class='ocrx_word' id='word_1_276' title='bbox 432 1416 580 1448; x_wconf 86' lang='lat' dir='ltr'>oratione</span> <span class='ocrx_word' id='word_1_277' title='bbox 593 1413 627 1450; x_wconf 71' lang='lat'>⁶¹⁵.</span> 
     </span>
    </p>

    <p class='ocr_par' dir='ltr' id='par_1_26' title="bbox 85 1466 2037 1560">
     <span class='ocr_line' id='line_1_42' title="bbox 252 1466 2036 1511; baseline -0.002 -12"><span class='ocrx_word' id='word_1_278' title='bbox 252 1467 312 1501; x_wconf 69' lang='lat'>64.</span> <span class='ocrx_word' id='word_1_279' title='bbox 365 1468 481 1500; x_wconf 78' lang='lat' dir='ltr'>Priora</span> <span class='ocrx_word' id='word_1_280' title='bbox 509 1467 594 1499; x_wconf 87' lang='lat' dir='ltr'>enim</span> <span class='ocrx_word' id='word_1_281' title='bbox 624 1466 783 1498; x_wconf 83' lang='lat' dir='ltr'>habenda</span> <span class='ocrx_word' id='word_1_282' title='bbox 810 1471 884 1498; x_wconf 79' lang='lat' dir='ltr'>sunt</span> <span class='ocrx_word' id='word_1_283' title='bbox 909 1466 1041 1510; x_wconf 74' lang='lat' dir='ltr'>spiritus</span> <span class='ocrx_word' id='word_1_284' title='bbox 1070 1466 1262 1511; x_wconf 74' lang='lat' dir='ltr'>refrigeria,</span> <span class='ocrx_word' id='word_1_285' title='bbox 1303 1467 1380 1509; x_wconf 85' lang='lat' dir='ltr'>quia</span> <span class='ocrx_word' id='word_1_286' title='bbox 1408 1468 1522 1511; x_wconf 88' lang='lat' dir='ltr'>priora</span> <span class='ocrx_word' id='word_1_287' title='bbox 1558 1466 1729 1507; x_wconf 71' lang='lat' dir='ltr'>coelestia,</span> <span class='ocrx_word' id='word_1_288' title='bbox 1768 1477 1869 1508; x_wconf 80' lang='lat' dir='ltr'>quam</span> <span class='ocrx_word' id='word_1_289' title='bbox 1896 1470 2036 1497; x_wconf 86' lang='lat' dir='ltr'>terrena.</span> 
     </span>
     <span class='ocr_line' id='line_1_43' title="bbox 85 1513 2037 1560; baseline -0.001 -9"><span class='ocrx_word' id='word_1_290' title='bbox 85 1518 152 1560; x_wconf 84' lang='lat' dir='ltr'>Qui</span> <span class='ocrx_word' id='word_1_291' title='bbox 179 1524 290 1552; x_wconf 87' lang='lat' dir='ltr'>autem</span> <span class='ocrx_word' id='word_1_292' title='bbox 320 1520 389 1551; x_wconf 78' lang='lat' dir='ltr'>vult</span> <span class='ocrx_word' id='word_1_293' title='bbox 411 1518 595 1551; x_wconf 86' lang='lat' dir='ltr'>orationem</span> <span class='ocrx_word' id='word_1_294' title='bbox 623 1530 716 1550; x_wconf 83' lang='lat' dir='ltr'>suam</span> <span class='ocrx_word' id='word_1_295' title='bbox 742 1517 856 1550; x_wconf 81' lang='lat' dir='ltr'>volare</span> <span class='ocrx_word' id='word_1_296' title='bbox 884 1517 927 1549; x_wconf 83' lang='lat' dir='ltr'>ad</span> <span class='ocrx_word' id='word_1_297' title='bbox 952 1518 1153 1558; x_wconf 85' lang='lat' dir='ltr'>Dominum,</span> <span class='ocrx_word' id='word_1_298' title='bbox 1180 1518 1281 1551; x_wconf 76' lang='lat' dir='ltr'>saciat</span> <span class='ocrx_word' id='word_1_299' title='bbox 1308 1518 1355 1550; x_wconf 91' lang='lat' dir='ltr'>illi</span> <span class='ocrx_word' id='word_1_300' title='bbox 1373 1518 1455 1551; x_wconf 82' lang='lat' dir='ltr'>duas</span> <span class='ocrx_word' id='word_1_301' title='bbox 1473 1514 1586 1560; x_wconf 73' lang='lat' dir='ltr'>alas⁶⁷‚</span> <span class='ocrx_word' id='word_1_302' title='bbox 1613 1517 1770 1550; x_wconf 83' lang='lat' dir='ltr'>ieiunium</span> <span class='ocrx_word' id='word_1_303' title='bbox 1781 1513 1806 1532; x_wconf 67' lang='lat'>⁶⁸</span> <span class='ocrx_word' id='word_1_304' title='bbox 1833 1522 1865 1550; x_wconf 86' lang='lat' dir='ltr'>et</span> <span class='ocrx_word' id='word_1_305' title='bbox 1887 1516 2037 1549; x_wconf 87' lang='lat' dir='ltr'>eleemo-</span> 
     </span>
    </p>
   </div>
   <div class='ocr_carea' id='block_1_26' title="bbox 84 1567 2035 1665">
    <p class='ocr_par' dir='ltr' id='par_1_27' title="bbox 84 1567 2035 1665">
     <span class='ocr_line' id='line_1_44' title="bbox 84 1567 964 1614; baseline -0.001 -11"><span class='ocrx_word' id='word_1_306' title='bbox 84 1582 198 1614; x_wconf 72' lang='lat' dir='ltr'>synam</span> <span class='ocrx_word' id='word_1_307' title='bbox 210 1567 254 1611; x_wconf 67' lang='lat'>¹³⁰,</span> <span class='ocrx_word' id='word_1_308' title='bbox 283 1575 315 1602; x_wconf 90' lang='lat' dir='ltr'>et</span> <span class='ocrx_word' id='word_1_309' title='bbox 342 1570 501 1602; x_wconf 82' lang='lat' dir='ltr'>ascendet</span> <span class='ocrx_word' id='word_1_310' title='bbox 527 1570 680 1603; x_wconf 82' lang='lat' dir='ltr'>celeriter</span> <span class='ocrx_word' id='word_1_311' title='bbox 703 1574 735 1601; x_wconf 86' lang='lat' dir='ltr'>et</span> <span class='ocrx_word' id='word_1_312' title='bbox 762 1570 964 1603; x_wconf 79' lang='lat' dir='ltr'>exaudietur.</span> 
     </span>
     <span class='ocr_line' id='line_1_45' title="bbox 246 1617 2035 1665; baseline -0.001 -12"><span class='ocrx_word' id='word_1_313' title='bbox 246 1620 306 1654; x_wconf 78' lang='lat'>65.</span> <span class='ocrx_word' id='word_1_314' title='bbox 360 1621 522 1654; x_wconf 83' lang='lat' dir='ltr'>Ieiunium</span> <span class='ocrx_word' id='word_1_315' title='bbox 550 1626 598 1654; x_wconf 80' lang='lat' dir='ltr'>est</span> <span class='ocrx_word' id='word_1_316' title='bbox 624 1621 826 1665; x_wconf 84' lang='lat' dir='ltr'>parsimonia</span> <span class='ocrx_word' id='word_1_317' title='bbox 839 1617 864 1637; x_wconf 78' lang='lat'>⁷⁰</span> <span class='ocrx_word' id='word_1_318' title='bbox 892 1621 997 1654; x_wconf 80' lang='lat' dir='ltr'>victus</span> <span class='ocrx_word' id='word_1_319' title='bbox 1021 1620 1282 1663; x_wconf 80' lang='lat' dir='ltr'>abstinentiaque</span> <span class='ocrx_word' id='word_1_320' title='bbox 1309 1620 1481 1658; x_wconf 80' lang='lat' dir='ltr'>ciborum,</span> <span class='ocrx_word' id='word_1_321' title='bbox 1519 1619 1573 1653; x_wconf 90' lang='lat' dir='ltr'>cui</span> <span class='ocrx_word' id='word_1_322' title='bbox 1600 1630 1722 1652; x_wconf 88' lang='lat' dir='ltr'>nomen</span> <span class='ocrx_word' id='word_1_323' title='bbox 1754 1624 1802 1652; x_wconf 81' lang='lat' dir='ltr'>est</span> <span class='ocrx_word' id='word_1_324' title='bbox 1827 1619 1966 1652; x_wconf 83' lang='lat' dir='ltr'>inditum</span> <span class='ocrx_word' id='word_1_325' title='bbox 1995 1631 2035 1652; x_wconf 61' lang='lat' dir='ltr'>ex</span> 
     </span>
    </p>
   </div>
   <div class='ocr_carea' id='block_1_27' title="bbox 83 1667 2035 1718">
    <p class='ocr_par' dir='ltr' id='par_1_28' title="bbox 83 1667 2035 1718">
     <span class='ocr_line' id='line_1_46' title="bbox 83 1667 2035 1718; baseline -0.002 -12"><span class='ocrx_word' id='word_1_326' title='bbox 83 1672 229 1716; x_wconf 84' lang='lat' dir='ltr'>quadam</span> <span class='ocrx_word' id='word_1_327' title='bbox 258 1678 354 1718; x_wconf 87' lang='lat' dir='ltr'>parte</span> <span class='ocrx_word' id='word_1_328' title='bbox 380 1673 543 1706; x_wconf 80' lang='lat' dir='ltr'>viscerum</span> <span class='ocrx_word' id='word_1_329' title='bbox 567 1673 657 1706; x_wconf 88' lang='lat' dir='ltr'>tenui</span> <span class='ocrx_word' id='word_1_330' title='bbox 685 1684 818 1717; x_wconf 69' lang='lat' dir='ltr'>semper</span> <span class='ocrx_word' id='word_1_331' title='bbox 845 1678 878 1705; x_wconf 82' lang='lat' dir='ltr'>et</span> <span class='ocrx_word' id='word_1_332' title='bbox 904 1683 1027 1714; x_wconf 81' lang='lat' dir='ltr'>vacua,</span> <span class='ocrx_word' id='word_1_333' title='bbox 1055 1671 1148 1715; x_wconf 90' lang='lat' dir='ltr'>quod</span> <span class='ocrx_word' id='word_1_334' title='bbox 1175 1672 1281 1717; x_wconf 82' lang='lat' dir='ltr'>vulgo</span> <span class='ocrx_word' id='word_1_335' title='bbox 1308 1672 1453 1704; x_wconf 86' lang='lat' dir='ltr'>ieiunum</span> <span class='ocrx_word' id='word_1_336' title='bbox 1468 1667 1491 1687; x_wconf 81' lang='lat'>⁷¹</span> <span class='ocrx_word' id='word_1_337' title='bbox 1519 1676 1667 1704; x_wconf 75' lang='lat' dir='ltr'>vocatur.</span> <span class='ocrx_word' id='word_1_338' title='bbox 1723 1670 1823 1705; x_wconf 89' lang='lat' dir='ltr'>Unde</span> <span class='ocrx_word' id='word_1_339' title='bbox 1843 1671 1950 1703; x_wconf 89' lang='lat' dir='ltr'>ieiunii</span> <span class='ocrx_word' id='word_1_340' title='bbox 1974 1682 2035 1702; x_wconf 92' lang='lat' dir='ltr'>no-</span> 
     </span>
    </p>
   </div>
   <div class='ocr_carea' id='block_1_28' title="bbox 83 1719 1635 1768">
    <p class='ocr_par' dir='ltr' id='par_1_29' title="bbox 83 1719 1635 1768">
     <span class='ocr_line' id='line_1_47' title="bbox 83 1719 1635 1768; baseline 0 -11"><span class='ocrx_word' id='word_1_341' title='bbox 83 1736 160 1758; x_wconf 86' lang='lat' dir='ltr'>men</span> <span class='ocrx_word' id='word_1_342' title='bbox 186 1725 332 1757; x_wconf 85' lang='lat' dir='ltr'>creditur</span> <span class='ocrx_word' id='word_1_343' title='bbox 360 1725 562 1766; x_wconf 80' lang='lat' dir='ltr'>derivatum,</span> <span class='ocrx_word' id='word_1_344' title='bbox 590 1724 682 1768; x_wconf 92' lang='lat' dir='ltr'>quod</span> <span class='ocrx_word' id='word_1_345' title='bbox 705 1725 753 1757; x_wconf 78' lang='lat' dir='ltr'>sui</span> <span class='ocrx_word' id='word_1_346' title='bbox 779 1724 889 1756; x_wconf 89' lang='lat' dir='ltr'>inedia</span> <span class='ocrx_word' id='word_1_347' title='bbox 917 1725 1042 1757; x_wconf 77' lang='lat' dir='ltr'>viscera</span> <span class='ocrx_word' id='word_1_348' title='bbox 1070 1735 1176 1756; x_wconf 82' lang='lat' dir='ltr'>vacua</span> <span class='ocrx_word' id='word_1_349' title='bbox 1203 1729 1236 1756; x_wconf 87' lang='lat' dir='ltr'>et</span> <span class='ocrx_word' id='word_1_350' title='bbox 1263 1723 1426 1756; x_wconf 83' lang='lat' dir='ltr'>exinanita</span> <span class='ocrx_word' id='word_1_351' title='bbox 1454 1719 1635 1757; x_wconf 75' lang='lat' dir='ltr'>existant⁷².</span> 
     </span>
    </p>
   </div>
   <div class='ocr_carea' id='block_1_29' title="bbox 80 1776 1036 1992">
    <p class='ocr_par' dir='ltr' id='par_1_30' title="bbox 80 1776 1036 1992">
     <span class='ocr_line' id='line_1_48' title="bbox 248 1776 997 1811; baseline 0 -3"><span class='ocrx_word' id='word_1_352' title='bbox 248 1776 308 1809; x_wconf 89' lang='lat'>66.</span> <span class='ocrx_word' id='word_1_353' title='bbox 362 1777 524 1810; x_wconf 85' lang='lat' dir='ltr'>Ieiunium</span> <span class='ocrx_word' id='word_1_354' title='bbox 552 1783 663 1810; x_wconf 78' lang='lat' dir='ltr'>autem</span> <span class='ocrx_word' id='word_1_355' title='bbox 690 1782 723 1809; x_wconf 83' lang='lat' dir='ltr'>et</span> <span class='ocrx_word' id='word_1_356' title='bbox 749 1776 844 1808; x_wconf 79' lang='lat' dir='ltr'>statio</span> <span class='ocrx_word' id='word_1_357' title='bbox 867 1776 997 1811; x_wconf 86' lang='lat' dir='ltr'>dicitur.</span> 
     </span>
     <span class='ocr_line' id='line_1_49' title="bbox 85 1867 1035 1905; baseline 0.003 -11"><span class='ocrx_word' id='word_1_358' title='bbox 85 1871 110 1899; x_wconf 81' lang='lat'>1.</span> <span class='ocrx_word' id='word_1_359' title='bbox 128 1886 163 1890; x_wconf 94' lang='lat'>—</span> <span class='ocrx_word' id='word_1_360' title='bbox 180 1873 282 1895; x_wconf 67' lang='lat' dir='ltr'>aulem</span> <span class='ocrx_word' id='word_1_361' title='bbox 308 1868 365 1898; x_wconf 89' lang='lat' dir='ltr'>Gu.</span> <span class='ocrx_word' id='word_1_362' title='bbox 387 1871 416 1900; x_wconf 78' lang='lat'>2.</span> <span class='ocrx_word' id='word_1_363' title='bbox 436 1868 485 1897; x_wconf 79' lang='lat' dir='ltr'>Ar.</span> <span class='ocrx_word' id='word_1_364' title='bbox 507 1885 549 1890; x_wconf 94' lang='lat'><strong>—</strong></span> <span class='ocrx_word' id='word_1_365' title='bbox 570 1868 618 1905; x_wconf 75' lang='lat'>40)</span> <span class='ocrx_word' id='word_1_366' title='bbox 636 1874 663 1897; x_wconf 76' lang='lat' dir='ltr'>et</span> <span class='ocrx_word' id='word_1_367' title='bbox 685 1870 817 1896; x_wconf 66' lang='lat' dir='ltr'>unitatis</span> <span class='ocrx_word' id='word_1_368' title='bbox 840 1867 908 1896; x_wconf 81' lang='lat' dir='ltr'>add.</span> <span class='ocrx_word' id='word_1_369' title='bbox 932 1868 986 1896; x_wconf 82' lang='lat' dir='ltr'>Gu.</span> <span class='ocrx_word' id='word_1_370' title='bbox 1007 1871 1035 1900; x_wconf 86' lang='grc'><strong>1.</strong></span> 
     </span>
     <span class='ocr_line' id='line_1_50' title="bbox 81 1909 1035 1949; baseline 0.003 -12"><span class='ocrx_word' id='word_1_371' title='bbox 81 1926 124 1931; x_wconf 91' lang='grc'>--</span> <span class='ocrx_word' id='word_1_372' title='bbox 144 1909 190 1948; x_wconf 69' lang='lat'>41)</span> <span class='ocrx_word' id='word_1_373' title='bbox 213 1911 266 1938; x_wconf 69' lang='lat' dir='ltr'>ubi</span> <span class='ocrx_word' id='word_1_374' title='bbox 291 1911 345 1938; x_wconf 91' lang='lat' dir='ltr'>Gu.</span> <span class='ocrx_word' id='word_1_375' title='bbox 364 1913 392 1941; x_wconf 71' lang='grc'><strong>2.</strong></span> <span class='ocrx_word' id='word_1_376' title='bbox 438 1912 533 1939; x_wconf 84' lang='lat' dir='ltr'>Locus</span> <span class='ocrx_word' id='word_1_377' title='bbox 556 1911 735 1949; x_wconf 76' lang='lat' dir='ltr'>intelligitur</span> <span class='ocrx_word' id='word_1_378' title='bbox 758 1911 862 1939; x_wconf 76' lang='lat' dir='ltr'>Matth.</span> <span class='ocrx_word' id='word_1_379' title='bbox 891 1913 938 1946; x_wconf 88' lang='lat'>16,</span> <span class='ocrx_word' id='word_1_380' title='bbox 956 1913 1035 1941; x_wconf 86' lang='lat'>6.—</span> 
     </span>
     <span class='ocr_line' id='line_1_51' title="bbox 80 1952 1036 1992; baseline 0 -12"><span class='ocrx_word' id='word_1_381' title='bbox 80 1952 128 1991; x_wconf 70' lang='lat'>42)</span> <span class='ocrx_word' id='word_1_382' title='bbox 151 1953 200 1980; x_wconf 81' lang='lat' dir='ltr'>Sic</span> <span class='ocrx_word' id='word_1_383' title='bbox 223 1954 280 1982; x_wconf 89' lang='lat' dir='ltr'>Gu.</span> <span class='ocrx_word' id='word_1_384' title='bbox 308 1956 334 1983; x_wconf 90' lang='lat'>1.</span> <span class='ocrx_word' id='word_1_385' title='bbox 355 1953 389 1983; x_wconf 74' lang='lat' dir='ltr'>al,</span> <span class='ocrx_word' id='word_1_386' title='bbox 419 1970 455 1975; x_wconf 85' lang='lat'><strong>—</strong></span> <span class='ocrx_word' id='word_1_387' title='bbox 479 1965 531 1982; x_wconf 79' lang='lat' dir='ltr'>nec</span> <span class='ocrx_word' id='word_1_388' title='bbox 553 1954 655 1983; x_wconf 82' lang='lat' dir='ltr'>addidi</span> <span class='ocrx_word' id='word_1_389' title='bbox 679 1964 694 1982; x_wconf 85' lang='lat' dir='ltr'>e</span> <span class='ocrx_word' id='word_1_390' title='bbox 719 1955 776 1984; x_wconf 91' lang='lat' dir='ltr'>Gu.</span> <span class='ocrx_word' id='word_1_391' title='bbox 797 1957 824 1985; x_wconf 90' lang='lat'>1.</span> <span class='ocrx_word' id='word_1_392' title='bbox 851 1955 883 1981; x_wconf 75' lang='lat' dir='ltr'>in</span> <span class='ocrx_word' id='word_1_393' title='bbox 910 1953 1036 1992; x_wconf 71' lang='lat' dir='ltr'>publico</span> 
     </span>
    </p>
   </div>
   <div class='ocr_carea' id='block_1_30' title="bbox 1053 1774 2034 1819">
    <p class='ocr_par' dir='ltr' id='par_1_31' title="bbox 1053 1774 2034 1819">
     <span class='ocr_line' id='line_1_52' title="bbox 1053 1774 2034 1819; baseline -0.003 -11"><span class='ocrx_word' id='word_1_394' title='bbox 1053 1775 1159 1808; x_wconf 85' lang='lat' dir='ltr'>Statio</span> <span class='ocrx_word' id='word_1_395' title='bbox 1188 1780 1299 1809; x_wconf 87' lang='lat' dir='ltr'>autem</span> <span class='ocrx_word' id='word_1_396' title='bbox 1327 1775 1371 1808; x_wconf 87' lang='lat' dir='ltr'>de</span> <span class='ocrx_word' id='word_1_397' title='bbox 1389 1775 1525 1809; x_wconf 83' lang='lat' dir='ltr'>militari</span> <span class='ocrx_word' id='word_1_398' title='bbox 1555 1774 1712 1819; x_wconf 86' lang='lat' dir='ltr'>exemplo</span> <span class='ocrx_word' id='word_1_399' title='bbox 1739 1785 1861 1807; x_wconf 88' lang='lat' dir='ltr'>nomen</span> <span class='ocrx_word' id='word_1_400' title='bbox 1892 1774 2034 1819; x_wconf 85' lang='lat' dir='ltr'>accepit,</span> 
     </span>
    </p>
   </div>
   <div class='ocr_carea' id='block_1_31' title="bbox 1080 1864 2034 1992">
    <p class='ocr_par' dir='ltr' id='par_1_32' title="bbox 1080 1864 2034 1992">
     <span class='ocr_line' id='line_1_53' title="bbox 1080 1864 2033 1905; baseline 0 -10"><span class='ocrx_word' id='word_1_401' title='bbox 1080 1868 1128 1896; x_wconf 90' lang='lat' dir='ltr'>Sic</span> <span class='ocrx_word' id='word_1_402' title='bbox 1154 1868 1210 1895; x_wconf 90' lang='lat' dir='ltr'>Gu.</span> <span class='ocrx_word' id='word_1_403' title='bbox 1236 1870 1263 1899; x_wconf 92' lang='lat'>1.</span> <span class='ocrx_word' id='word_1_404' title='bbox 1287 1867 1335 1896; x_wconf 86' lang='lat' dir='ltr'>Ar.</span> <span class='ocrx_word' id='word_1_405' title='bbox 1365 1878 1428 1896; x_wconf 85' lang='lat' dir='ltr'>var.</span> <span class='ocrx_word' id='word_1_406' title='bbox 1454 1868 1521 1896; x_wconf 83' lang='lat' dir='ltr'>lect.</span> <span class='ocrx_word' id='word_1_407' title='bbox 1544 1877 1591 1905; x_wconf 85' lang='lat' dir='ltr'>ap.</span> <span class='ocrx_word' id='word_1_408' title='bbox 1619 1865 1708 1894; x_wconf 82' lang='lat' dir='ltr'>Goth.</span> <span class='ocrx_word' id='word_1_409' title='bbox 1732 1864 1878 1894; x_wconf 79' lang='lat' dir='ltr'>claudum</span> <span class='ocrx_word' id='word_1_410' title='bbox 1901 1866 2033 1905; x_wconf 85' lang='lat' dir='ltr'>vulg.—</span> 
     </span>
     <span class='ocr_line' id='line_1_54' title="bbox 1080 1909 2034 1947; baseline -0.002 -9"><span class='ocrx_word' id='word_1_411' title='bbox 1080 1912 1127 1947; x_wconf 83' lang='lat'>57)</span> <span class='ocrx_word' id='word_1_412' title='bbox 1151 1911 1198 1938; x_wconf 80' lang='lat' dir='ltr'>Sic</span> <span class='ocrx_word' id='word_1_413' title='bbox 1224 1910 1279 1939; x_wconf 90' lang='lat' dir='ltr'>Gu.</span> <span class='ocrx_word' id='word_1_414' title='bbox 1306 1913 1332 1942; x_wconf 87' lang='lat'>1.</span> <span class='ocrx_word' id='word_1_415' title='bbox 1354 1910 1405 1939; x_wconf 86' lang='lat' dir='ltr'>Ar.</span> <span class='ocrx_word' id='word_1_416' title='bbox 1424 1921 1471 1939; x_wconf 78' lang='lat' dir='ltr'>va.</span> <span class='ocrx_word' id='word_1_417' title='bbox 1496 1927 1538 1932; x_wconf 97' lang='lat'>—</span> <span class='ocrx_word' id='word_1_418' title='bbox 1563 1911 1697 1937; x_wconf 63' lang='lat' dir='ltr'>sanitate</span> <span class='ocrx_word' id='word_1_419' title='bbox 1718 1909 1799 1947; x_wconf 84' lang='lat' dir='ltr'>vulg.</span> <span class='ocrx_word' id='word_1_420' title='bbox 1831 1926 1873 1930; x_wconf 98' lang='lat'><strong>—</strong></span> <span class='ocrx_word' id='word_1_421' title='bbox 1910 1912 1958 1945; x_wconf 81' lang='lat'>58)</span> <span class='ocrx_word' id='word_1_422' title='bbox 1978 1909 2034 1937; x_wconf 79' lang='lat' dir='ltr'>lzoc</span> 
     </span>
     <span class='ocr_line' id='line_1_55' title="bbox 1081 1952 2032 1992; baseline 0 -12"><span class='ocrx_word' id='word_1_423' title='bbox 1081 1958 1208 1992; x_wconf 77' lang='lat' dir='ltr'>tempore</span> <span class='ocrx_word' id='word_1_424' title='bbox 1231 1953 1287 1982; x_wconf 79' lang='lat' dir='ltr'>Gn.</span> <span class='ocrx_word' id='word_1_425' title='bbox 1310 1956 1336 1984; x_wconf 85' lang='lat'>1.</span> <span class='ocrx_word' id='word_1_426' title='bbox 1358 1969 1399 1975; x_wconf 94' lang='lat'><strong>—</strong></span> <span class='ocrx_word' id='word_1_427' title='bbox 1429 1957 1474 1987; x_wconf 79' lang='lat'>59)</span> <span class='ocrx_word' id='word_1_428' title='bbox 1496 1953 1671 1981; x_wconf 67' lang='lat' dir='ltr'>observasse</span> <span class='ocrx_word' id='word_1_429' title='bbox 1699 1953 1731 1980; x_wconf 81' lang='lat' dir='ltr'>in</span> <span class='ocrx_word' id='word_1_430' title='bbox 1754 1957 1830 1980; x_wconf 87' lang='lat' dir='ltr'>orat.</span> <span class='ocrx_word' id='word_1_431' title='bbox 1863 1952 1918 1980; x_wconf 91' lang='lat' dir='ltr'>Gu.</span> <span class='ocrx_word' id='word_1_432' title='bbox 1940 1954 1967 1983; x_wconf 78' lang='lat'>2.</span> <span class='ocrx_word' id='word_1_433' title='bbox 1991 1968 2032 1973; x_wconf 89' lang='lat'>—</span> 
     </span>
    </p>
   </div>
   <div class='ocr_carea' id='block_1_32' title="bbox 80 1994 2031 2376">
    <p class='ocr_par' dir='ltr' id='par_1_33' title="bbox 80 1994 2031 2376">
     <span class='ocr_line' id='line_1_56' title="bbox 80 1994 2031 2034; baseline -0.001 -11"><span class='ocrx_word' id='word_1_434' title='bbox 80 1996 163 2033; x_wconf 82' lang='lat' dir='ltr'>vulg.</span> <span class='ocrx_word' id='word_1_435' title='bbox 180 2011 218 2017; x_wconf 87' lang='lat'><em>-</em></span> <span class='ocrx_word' id='word_1_436' title='bbox 245 1997 277 2024; x_wconf 79' lang='lat' dir='ltr'>in</span> <span class='ocrx_word' id='word_1_437' title='bbox 306 1996 430 2033; x_wconf 74' lang='lat' dir='ltr'>publico</span> <span class='ocrx_word' id='word_1_438' title='bbox 455 2008 540 2024; x_wconf 74' lang='lat' dir='ltr'>orare</span> <span class='ocrx_word' id='word_1_439' title='bbox 561 2007 608 2026; x_wconf 82' lang='lat' dir='ltr'>va.</span> <span class='ocrx_word' id='word_1_440' title='bbox 639 2012 674 2018; x_wconf 87' lang='lat'>—--</span> <span class='ocrx_word' id='word_1_441' title='bbox 708 1997 756 2034; x_wconf 80' lang='lat'>43)</span> <span class='ocrx_word' id='word_1_442' title='bbox 785 1998 959 2034; x_wconf 72' lang='lat' dir='ltr'>importuna</span> <span class='ocrx_word' id='word_1_443' title='bbox 982 1997 1038 2023; x_wconf 79' lang='lat' dir='ltr'>erit</span> <span class='ocrx_word' id='word_1_444' title='bbox 1080 1998 1125 2028; x_wconf 72' lang='lat'>60)</span> <span class='ocrx_word' id='word_1_445' title='bbox 1150 2002 1184 2024; x_wconf 81' lang='lat' dir='ltr'>ut</span> <span class='ocrx_word' id='word_1_446' title='bbox 1207 1997 1312 2034; x_wconf 80' lang='lat' dir='ltr'>utique</span> <span class='ocrx_word' id='word_1_447' title='bbox 1334 1995 1459 2024; x_wconf 68' lang='lat' dir='ltr'>Israelis</span> <span class='ocrx_word' id='word_1_448' title='bbox 1482 1995 1679 2033; x_wconf 68' lang='lat' dir='ltr'>disciplinam</span> <span class='ocrx_word' id='word_1_449' title='bbox 1696 1995 1734 2024; x_wconf 85' lang='lat' dir='ltr'>al.</span> <span class='ocrx_word' id='word_1_450' title='bbox 1758 2011 1797 2016; x_wconf 97' lang='lat'><strong>—</strong></span> <span class='ocrx_word' id='word_1_451' title='bbox 1821 1995 1868 2031; x_wconf 86' lang='lat'>61)</span> <span class='ocrx_word' id='word_1_452' title='bbox 1889 1994 1974 2032; x_wconf 81' lang='lat' dir='ltr'>Vulg.</span> <span class='ocrx_word' id='word_1_453' title='bbox 2000 1997 2031 2022; x_wconf 77' lang='lat' dir='ltr'>in</span> 
     </span>
     <span class='ocr_line' id='line_1_57' title="bbox 82 2037 2029 2078; baseline -0.001 -12"><span class='ocrx_word' id='word_1_454' title='bbox 82 2039 136 2068; x_wconf 91' lang='lat' dir='ltr'>Gu.</span> <span class='ocrx_word' id='word_1_455' title='bbox 161 2040 188 2069; x_wconf 89' lang='lat'>1.</span> <span class='ocrx_word' id='word_1_456' title='bbox 212 2055 251 2060; x_wconf 94' lang='lat'><strong>—</strong></span> <span class='ocrx_word' id='word_1_457' title='bbox 274 2040 323 2076; x_wconf 61' lang='lat'>44)</span> <span class='ocrx_word' id='word_1_458' title='bbox 342 2044 534 2077; x_wconf 66' lang='lat' dir='ltr'>compntamr</span> <span class='ocrx_word' id='word_1_459' title='bbox 549 2040 584 2067; x_wconf 83' lang='lat' dir='ltr'>al.</span> <span class='ocrx_word' id='word_1_460' title='bbox 607 2056 650 2061; x_wconf 91' lang='grc'>-</span> <span class='ocrx_word' id='word_1_461' title='bbox 671 2040 719 2077; x_wconf 78' lang='grc'>45)</span> <span class='ocrx_word' id='word_1_462' title='bbox 743 2041 798 2078; x_wconf 75' lang='lat' dir='ltr'>qui</span> <span class='ocrx_word' id='word_1_463' title='bbox 821 2041 915 2070; x_wconf 79' lang='lat' dir='ltr'>Gu.2.</span> <span class='ocrx_word' id='word_1_464' title='bbox 934 2040 1033 2068; x_wconf 85' lang='lat' dir='ltr'>Ar.—</span> <span class='ocrx_word' id='word_1_465' title='bbox 1076 2038 1140 2075; x_wconf 75' lang='lat' dir='ltr'>die,</span> <span class='ocrx_word' id='word_1_466' title='bbox 1166 2038 1216 2067; x_wconf 86' lang='lat' dir='ltr'>sed</span> <span class='ocrx_word' id='word_1_467' title='bbox 1235 2040 1267 2065; x_wconf 76' lang='grc' dir='ltr'>ιἰι</span> <span class='ocrx_word' id='word_1_468' title='bbox 1281 2048 1338 2067; x_wconf 86' lang='lat' dir='ltr'>om.</span> <span class='ocrx_word' id='word_1_469' title='bbox 1362 2039 1419 2068; x_wconf 90' lang='lat' dir='ltr'>Gu.</span> <span class='ocrx_word' id='word_1_470' title='bbox 1440 2042 1464 2069; x_wconf 90' lang='grc'><strong>1.</strong></span> <span class='ocrx_word' id='word_1_471' title='bbox 1482 2055 1518 2060; x_wconf 92' lang='grc'><strong>-</strong></span> <span class='ocrx_word' id='word_1_472' title='bbox 1544 2037 1590 2076; x_wconf 70' lang='grc' dir='ltr'>ΕΞ)</span> <span class='ocrx_word' id='word_1_473' title='bbox 1611 2038 1698 2075; x_wconf 85' lang='lat' dir='ltr'>Vulg.</span> <span class='ocrx_word' id='word_1_474' title='bbox 1718 2037 1802 2066; x_wconf 85' lang='lat' dir='ltr'>addit</span> <span class='ocrx_word' id='word_1_475' title='bbox 1818 2048 2029 2075; x_wconf 66' lang='lat' dir='ltr'>permansum,</span> 
     </span>
     <span class='ocr_line' id='line_1_58' title="bbox 83 2078 2029 2120; baseline -0.001 -11"><span class='ocrx_word' id='word_1_476' title='bbox 83 2091 177 2119; x_wconf 80' lang='lat' dir='ltr'>quum</span> <span class='ocrx_word' id='word_1_477' title='bbox 195 2081 230 2108; x_wconf 79' lang='lat' dir='ltr'>al.</span> <span class='ocrx_word' id='word_1_478' title='bbox 254 2097 295 2102; x_wconf 97' lang='lat'><strong>—</strong></span> <span class='ocrx_word' id='word_1_479' title='bbox 318 2083 365 2118; x_wconf 67' lang='lat'>46)</span> <span class='ocrx_word' id='word_1_480' title='bbox 394 2082 489 2109; x_wconf 79' lang='lat' dir='ltr'>Locus</span> <span class='ocrx_word' id='word_1_481' title='bbox 512 2087 556 2110; x_wconf 81' lang='lat' dir='ltr'>est.</span> <span class='ocrx_word' id='word_1_482' title='bbox 579 2085 607 2114; x_wconf 88' lang='lat'>1.</span> <span class='ocrx_word' id='word_1_483' title='bbox 623 2083 675 2120; x_wconf 88' lang='lat' dir='ltr'>Ep.</span> <span class='ocrx_word' id='word_1_484' title='bbox 701 2081 737 2109; x_wconf 80' lang='lat' dir='ltr'>ad</span> <span class='ocrx_word' id='word_1_485' title='bbox 761 2081 922 2110; x_wconf 69' lang='lat' dir='ltr'>Thessalum</span> <span class='ocrx_word' id='word_1_486' title='bbox 943 2083 1033 2115; x_wconf 81' lang='lat'>5,17.</span> <span class='ocrx_word' id='word_1_487' title='bbox 1076 2081 1157 2120; x_wconf 87' lang='lat' dir='ltr'>quod</span> <span class='ocrx_word' id='word_1_488' title='bbox 1182 2091 1237 2110; x_wconf 88' lang='lat' dir='ltr'>om.</span> <span class='ocrx_word' id='word_1_489' title='bbox 1264 2081 1320 2109; x_wconf 91' lang='lat' dir='ltr'>Gu.</span> <span class='ocrx_word' id='word_1_490' title='bbox 1338 2084 1364 2112; x_wconf 87' lang='lat'>1.</span> <span class='ocrx_word' id='word_1_491' title='bbox 1388 2081 1425 2109; x_wconf 86' lang='lat' dir='ltr'>al.</span> <span class='ocrx_word' id='word_1_492' title='bbox 1447 2098 1482 2102; x_wconf 89' lang='lat'>—</span> <span class='ocrx_word' id='word_1_493' title='bbox 1509 2081 1557 2117; x_wconf 77' lang='grc'>63)</span> <span class='ocrx_word' id='word_1_494' title='bbox 1580 2082 1683 2119; x_wconf 76' lang='lat' dir='ltr'>itaque</span> <span class='ocrx_word' id='word_1_495' title='bbox 1707 2080 1763 2109; x_wconf 87' lang='lat' dir='ltr'>Gu.</span> <span class='ocrx_word' id='word_1_496' title='bbox 1780 2082 1809 2110; x_wconf 79' lang='lat'>2.</span> <span class='ocrx_word' id='word_1_497' title='bbox 1829 2096 1871 2101; x_wconf 89' lang='lat'>-—</span> <span class='ocrx_word' id='word_1_498' title='bbox 1901 2078 1949 2119; x_wconf 63' lang='lat'>64)</span> <span class='ocrx_word' id='word_1_499' title='bbox 1967 2090 2029 2107; x_wconf 76' lang='lat' dir='ltr'>am-</span> 
     </span>
     <span class='ocr_line' id='line_1_59' title="bbox 81 2121 2027 2163; baseline -0.001 -12"><span class='ocrx_word' id='word_1_500' title='bbox 81 2139 121 2145; x_wconf 98' lang='lat'><strong>—</strong></span> <span class='ocrx_word' id='word_1_501' title='bbox 153 2122 200 2162; x_wconf 78' lang='lat'>47)</span> <span class='ocrx_word' id='word_1_502' title='bbox 219 2125 250 2151; x_wconf 81' lang='lat' dir='ltr'>in</span> <span class='ocrx_word' id='word_1_503' title='bbox 274 2134 332 2151; x_wconf 88' lang='lat' dir='ltr'>om.</span> <span class='ocrx_word' id='word_1_504' title='bbox 357 2124 412 2152; x_wconf 90' lang='lat' dir='ltr'>Gu.</span> <span class='ocrx_word' id='word_1_505' title='bbox 436 2127 465 2154; x_wconf 74' lang='grc'><strong>2.</strong></span> <span class='ocrx_word' id='word_1_506' title='bbox 487 2125 536 2152; x_wconf 87' lang='lat' dir='ltr'>Ar.</span> <span class='ocrx_word' id='word_1_507' title='bbox 563 2141 598 2145; x_wconf 97' lang='lat'><strong>—</strong></span> <span class='ocrx_word' id='word_1_508' title='bbox 623 2123 677 2152; x_wconf 72' lang='lat' dir='ltr'>sed</span> <span class='ocrx_word' id='word_1_509' title='bbox 697 2124 729 2152; x_wconf 79' lang='lat' dir='ltr'>in</span> <span class='ocrx_word' id='word_1_510' title='bbox 751 2125 807 2152; x_wconf 72' lang='lat' dir='ltr'>hoc</span> <span class='ocrx_word' id='word_1_511' title='bbox 829 2126 907 2163; x_wconf 74' lang='lat' dir='ltr'>sing.</span> <span class='ocrx_word' id='word_1_512' title='bbox 931 2124 967 2152; x_wconf 87' lang='lat' dir='ltr'>al.</span> <span class='ocrx_word' id='word_1_513' title='bbox 992 2142 1031 2146; x_wconf 90' lang='lat'>—</span> <span class='ocrx_word' id='word_1_514' title='bbox 1076 2126 1238 2152; x_wconf 77' lang='lat' dir='ltr'>monitione</span> <span class='ocrx_word' id='word_1_515' title='bbox 1262 2124 1320 2152; x_wconf 89' lang='lat' dir='ltr'>Gu.</span> <span class='ocrx_word' id='word_1_516' title='bbox 1337 2126 1365 2154; x_wconf 81' lang='grc'><strong>2.</strong></span> <span class='ocrx_word' id='word_1_517' title='bbox 1383 2141 1422 2145; x_wconf 86' lang='grc'>-</span> <span class='ocrx_word' id='word_1_518' title='bbox 1446 2126 1491 2157; x_wconf 81' lang='grc'>65)</span> <span class='ocrx_word' id='word_1_519' title='bbox 1512 2123 1598 2160; x_wconf 89' lang='lat' dir='ltr'>Vulg.</span> <span class='ocrx_word' id='word_1_520' title='bbox 1619 2125 1651 2151; x_wconf 82' lang='lat' dir='ltr'>in</span> <span class='ocrx_word' id='word_1_521' title='bbox 1674 2124 1830 2161; x_wconf 64' lang='lat' dir='ltr'>ingressu,</span> <span class='ocrx_word' id='word_1_522' title='bbox 1855 2121 1905 2150; x_wconf 88' lang='lat' dir='ltr'>sed</span> <span class='ocrx_word' id='word_1_523' title='bbox 1928 2124 1958 2150; x_wconf 81' lang='lat' dir='ltr'>in</span> <span class='ocrx_word' id='word_1_524' title='bbox 1972 2132 2027 2150; x_wconf 86' lang='lat' dir='ltr'>om.</span> 
     </span>
     <span class='ocr_line' id='line_1_60' title="bbox 80 2164 2024 2206; baseline -0.002 -12"><span class='ocrx_word' id='word_1_525' title='bbox 80 2167 128 2204; x_wconf 81' lang='lat'>48)</span> <span class='ocrx_word' id='word_1_526' title='bbox 158 2166 206 2194; x_wconf 84' lang='lat' dir='ltr'>Sic</span> <span class='ocrx_word' id='word_1_527' title='bbox 237 2166 294 2194; x_wconf 89' lang='lat' dir='ltr'>Gu.</span> <span class='ocrx_word' id='word_1_528' title='bbox 316 2171 339 2197; x_wconf 89' lang='lat'>1.</span> <span class='ocrx_word' id='word_1_529' title='bbox 372 2183 413 2187; x_wconf 86' lang='grc'><strong>-</strong></span> <span class='ocrx_word' id='word_1_530' title='bbox 444 2167 530 2204; x_wconf 82' lang='lat' dir='ltr'>Vulg.</span> <span class='ocrx_word' id='word_1_531' title='bbox 552 2167 662 2194; x_wconf 73' lang='lat' dir='ltr'>orandi</span> <span class='ocrx_word' id='word_1_532' title='bbox 689 2167 747 2194; x_wconf 79' lang='lat' dir='ltr'>hae</span> <span class='ocrx_word' id='word_1_533' title='bbox 779 2167 881 2195; x_wconf 73' lang='lat' dir='ltr'>horae.</span> <span class='ocrx_word' id='word_1_534' title='bbox 907 2183 945 2188; x_wconf 83' lang='lat'>—-</span> <span class='ocrx_word' id='word_1_535' title='bbox 976 2167 1033 2194; x_wconf 74' lang='lat' dir='ltr'>liae</span> <span class='ocrx_word' id='word_1_536' title='bbox 1077 2167 1132 2195; x_wconf 91' lang='lat' dir='ltr'>Gu.</span> <span class='ocrx_word' id='word_1_537' title='bbox 1163 2170 1188 2198; x_wconf 89' lang='lat'>1.</span> <span class='ocrx_word' id='word_1_538' title='bbox 1212 2183 1254 2189; x_wconf 96' lang='lat'>—</span> <span class='ocrx_word' id='word_1_539' title='bbox 1276 2164 1323 2206; x_wconf 87' lang='grc'>66)</span> <span class='ocrx_word' id='word_1_540' title='bbox 1348 2166 1432 2205; x_wconf 87' lang='lat' dir='ltr'>Vulg.</span> <span class='ocrx_word' id='word_1_541' title='bbox 1455 2166 1523 2195; x_wconf 84' lang='lat' dir='ltr'>add.</span> <span class='ocrx_word' id='word_1_542' title='bbox 1547 2165 1701 2201; x_wconf 71' lang='lat' dir='ltr'>debemus,</span> <span class='ocrx_word' id='word_1_543' title='bbox 1736 2165 1816 2204; x_wconf 89' lang='lat' dir='ltr'>quod</span> <span class='ocrx_word' id='word_1_544' title='bbox 1840 2176 1898 2193; x_wconf 87' lang='lat' dir='ltr'>om.</span> <span class='ocrx_word' id='word_1_545' title='bbox 1923 2166 1976 2192; x_wconf 90' lang='lat' dir='ltr'>Gu.</span> <span class='ocrx_word' id='word_1_546' title='bbox 2000 2167 2024 2193; x_wconf 88' lang='lat'>1.</span> 
     </span>
     <span class='ocr_line' id='line_1_61' title="bbox 80 2208 2022 2247; baseline -0.001 -11"><span class='ocrx_word' id='word_1_547' title='bbox 80 2208 190 2237; x_wconf 71' lang='lat' dir='ltr'>orandi</span> <span class='ocrx_word' id='word_1_548' title='bbox 211 2209 304 2236; x_wconf 77' lang='lat' dir='ltr'>horae</span> <span class='ocrx_word' id='word_1_549' title='bbox 326 2209 384 2237; x_wconf 89' lang='lat' dir='ltr'>Gn.</span> <span class='ocrx_word' id='word_1_550' title='bbox 406 2211 433 2240; x_wconf 77' lang='grc'><strong>2.</strong></span> <span class='ocrx_word' id='word_1_551' title='bbox 457 2219 501 2237; x_wconf 82' lang='lat' dir='ltr'>va.</span> <span class='ocrx_word' id='word_1_552' title='bbox 526 2227 564 2231; x_wconf 91' lang='lat'><strong>—</strong></span> <span class='ocrx_word' id='word_1_553' title='bbox 597 2210 644 2244; x_wconf 78' lang='lat'>49)</span> <span class='ocrx_word' id='word_1_554' title='bbox 667 2215 838 2238; x_wconf 73' lang='lat' dir='ltr'>ammoneat</span> <span class='ocrx_word' id='word_1_555' title='bbox 864 2210 921 2238; x_wconf 91' lang='lat' dir='ltr'>Gu.</span> <span class='ocrx_word' id='word_1_556' title='bbox 937 2212 967 2240; x_wconf 77' lang='grc'><strong>2.</strong></span> <span class='ocrx_word' id='word_1_557' title='bbox 997 2226 1029 2230; x_wconf 91' lang='grc'>-</span> <span class='ocrx_word' id='word_1_558' title='bbox 1077 2212 1104 2240; x_wconf 81' lang='grc'><strong>2.</strong></span> <span class='ocrx_word' id='word_1_559' title='bbox 1128 2209 1175 2238; x_wconf 81' lang='lat' dir='ltr'>Ar.</span> <span class='ocrx_word' id='word_1_560' title='bbox 1208 2225 1245 2230; x_wconf 96' lang='lat'><strong>—</strong></span> <span class='ocrx_word' id='word_1_561' title='bbox 1282 2208 1328 2247; x_wconf 84' lang='grc'>67)</span> <span class='ocrx_word' id='word_1_562' title='bbox 1352 2209 1400 2238; x_wconf 87' lang='lat' dir='ltr'>Sic</span> <span class='ocrx_word' id='word_1_563' title='bbox 1430 2219 1475 2237; x_wconf 85' lang='lat' dir='ltr'>va.</span> <span class='ocrx_word' id='word_1_564' title='bbox 1500 2209 1549 2238; x_wconf 83' lang='lat' dir='ltr'>Ar.</span> <span class='ocrx_word' id='word_1_565' title='bbox 1575 2225 1613 2230; x_wconf 88' lang='lat'><em>—</em></span> <span class='ocrx_word' id='word_1_566' title='bbox 1643 2209 1726 2236; x_wconf 67' lang='lat' dir='ltr'>alias</span> <span class='ocrx_word' id='word_1_567' title='bbox 1752 2208 1852 2246; x_wconf 83' lang='lat' dir='ltr'>inepte</span> <span class='ocrx_word' id='word_1_568' title='bbox 1883 2208 1961 2243; x_wconf 77' lang='lat' dir='ltr'>vulg.</span> <span class='ocrx_word' id='word_1_569' title='bbox 1986 2222 2022 2227; x_wconf 84' lang='lat'>--</span> 
     </span>
     <span class='ocr_line' id='line_1_62' title="bbox 81 2250 2024 2290; baseline -0.001 -11"><span class='ocrx_word' id='word_1_570' title='bbox 81 2250 125 2290; x_wconf 87' lang='lat'>50)</span> <span class='ocrx_word' id='word_1_571' title='bbox 149 2252 199 2280; x_wconf 87' lang='lat' dir='ltr'>Sic</span> <span class='ocrx_word' id='word_1_572' title='bbox 220 2252 276 2279; x_wconf 90' lang='lat' dir='ltr'>Gu.</span> <span class='ocrx_word' id='word_1_573' title='bbox 298 2254 323 2282; x_wconf 90' lang='lat'>1.</span> <span class='ocrx_word' id='word_1_574' title='bbox 340 2254 367 2283; x_wconf 80' lang='grc'><strong>2.</strong></span> <span class='ocrx_word' id='word_1_575' title='bbox 390 2261 436 2279; x_wconf 82' lang='lat' dir='ltr'>va.</span> <span class='ocrx_word' id='word_1_576' title='bbox 455 2267 494 2274; x_wconf 92' lang='grc'>--</span> <span class='ocrx_word' id='word_1_577' title='bbox 518 2253 621 2280; x_wconf 75' lang='lat' dir='ltr'>Sanct.</span> <span class='ocrx_word' id='word_1_578' title='bbox 644 2253 716 2289; x_wconf 69' lang='lat' dir='ltr'>spir.</span> <span class='ocrx_word' id='word_1_579' title='bbox 736 2253 817 2290; x_wconf 87' lang='lat' dir='ltr'>vulg.</span> <span class='ocrx_word' id='word_1_580' title='bbox 842 2269 885 2274; x_wconf 91' lang='lat'>—</span> <span class='ocrx_word' id='word_1_581' title='bbox 913 2253 961 2290; x_wconf 87' lang='lat'>51)</span> <span class='ocrx_word' id='word_1_582' title='bbox 984 2252 1033 2280; x_wconf 84' lang='lat' dir='ltr'>Sic</span> <span class='ocrx_word' id='word_1_583' title='bbox 1076 2252 1123 2288; x_wconf 74' lang='lat'>63)</span> <span class='ocrx_word' id='word_1_584' title='bbox 1147 2251 1183 2279; x_wconf 81' lang='lat' dir='ltr'>id</span> <span class='ocrx_word' id='word_1_585' title='bbox 1206 2257 1248 2279; x_wconf 76' lang='lat' dir='ltr'>est</span> <span class='ocrx_word' id='word_1_586' title='bbox 1277 2252 1370 2280; x_wconf 71' lang='lat' dir='ltr'>ieiun.</span> <span class='ocrx_word' id='word_1_587' title='bbox 1402 2252 1459 2280; x_wconf 83' lang='lat' dir='ltr'>Gn.</span> <span class='ocrx_word' id='word_1_588' title='bbox 1483 2254 1513 2283; x_wconf 80' lang='lat'>2.</span> <span class='ocrx_word' id='word_1_589' title='bbox 1545 2267 1587 2273; x_wconf 93' lang='lat'><strong>—</strong></span> <span class='ocrx_word' id='word_1_590' title='bbox 1629 2251 1675 2290; x_wconf 78' lang='lat'>69)</span> <span class='ocrx_word' id='word_1_591' title='bbox 1710 2250 1825 2279; x_wconf 75' lang='lat' dir='ltr'>elemos.</span> <span class='ocrx_word' id='word_1_592' title='bbox 1857 2251 1911 2278; x_wconf 81' lang='lat' dir='ltr'>Gu.</span> <span class='ocrx_word' id='word_1_593' title='bbox 1940 2253 1962 2278; x_wconf 85' lang='lat' dir='ltr'>l.</span> <span class='ocrx_word' id='word_1_594' title='bbox 1984 2263 2024 2268; x_wconf 91' lang='grc'>-</span> 
     </span>
     <span class='ocr_line' id='line_1_63' title="bbox 87 2291 2023 2333; baseline -0.003 -11"><span class='ocrx_word' id='word_1_595' title='bbox 87 2293 142 2323; x_wconf 89' lang='lat' dir='ltr'>Gu.</span> <span class='ocrx_word' id='word_1_596' title='bbox 155 2297 181 2325; x_wconf 85' lang='lat'>1.</span> <span class='ocrx_word' id='word_1_597' title='bbox 202 2310 244 2315; x_wconf 91' lang='lat'>-</span> <span class='ocrx_word' id='word_1_598' title='bbox 264 2293 430 2332; x_wconf 72' lang='lat' dir='ltr'>discipuli-s</span> <span class='ocrx_word' id='word_1_599' title='bbox 453 2294 533 2332; x_wconf 81' lang='lat' dir='ltr'>vulg.</span> <span class='ocrx_word' id='word_1_600' title='bbox 559 2310 599 2315; x_wconf 92' lang='lat'>—</span> <span class='ocrx_word' id='word_1_601' title='bbox 630 2295 676 2329; x_wconf 60' lang='lat'>53)</span> <span class='ocrx_word' id='word_1_602' title='bbox 696 2294 744 2321; x_wconf 90' lang='lat' dir='ltr'>Sic</span> <span class='ocrx_word' id='word_1_603' title='bbox 760 2295 815 2323; x_wconf 90' lang='lat' dir='ltr'>Gu.</span> <span class='ocrx_word' id='word_1_604' title='bbox 837 2298 863 2326; x_wconf 80' lang='lat'>1.</span> <span class='ocrx_word' id='word_1_605' title='bbox 880 2297 907 2325; x_wconf 81' lang='lat'>2.</span> <span class='ocrx_word' id='word_1_606' title='bbox 927 2305 973 2333; x_wconf 83' lang='lat' dir='ltr'>pr.</span> <span class='ocrx_word' id='word_1_607' title='bbox 985 2305 1032 2324; x_wconf 85' lang='lat' dir='ltr'>va.</span> <span class='ocrx_word' id='word_1_608' title='bbox 1075 2296 1124 2328; x_wconf 86' lang='lat'>70)</span> <span class='ocrx_word' id='word_1_609' title='bbox 1148 2295 1362 2332; x_wconf 66' lang='lat' dir='ltr'>parsimoniae</span> <span class='ocrx_word' id='word_1_610' title='bbox 1395 2295 1451 2324; x_wconf 92' lang='lat' dir='ltr'>Gu.</span> <span class='ocrx_word' id='word_1_611' title='bbox 1475 2297 1503 2326; x_wconf 78' lang='grc'>2,</span> <span class='ocrx_word' id='word_1_612' title='bbox 1531 2294 1566 2322; x_wconf 82' lang='lat' dir='ltr'>al.</span> <span class='ocrx_word' id='word_1_613' title='bbox 1594 2304 1640 2332; x_wconf 87' lang='lat' dir='ltr'>pr.</span> <span class='ocrx_word' id='word_1_614' title='bbox 1663 2303 1708 2322; x_wconf 89' lang='lat' dir='ltr'>va.</span> <span class='ocrx_word' id='word_1_615' title='bbox 1735 2311 1772 2316; x_wconf 91' lang='lat'>—</span> <span class='ocrx_word' id='word_1_616' title='bbox 1808 2294 1854 2327; x_wconf 84' lang='lat'>71)</span> <span class='ocrx_word' id='word_1_617' title='bbox 1877 2291 2023 2318; x_wconf 67' lang='lat' dir='ltr'>ieiunium</span> 
     </span>
     <span class='ocr_line' id='line_1_64' title="bbox 81 2335 2022 2376; baseline -0.003 -12"><span class='ocrx_word' id='word_1_618' title='bbox 81 2336 129 2365; x_wconf 84' lang='lat' dir='ltr'>Ar.</span> <span class='ocrx_word' id='word_1_619' title='bbox 147 2353 185 2358; x_wconf 87' lang='lat'>—-</span> <span class='ocrx_word' id='word_1_620' title='bbox 204 2341 246 2363; x_wconf 70' lang='lat' dir='ltr'>est</span> <span class='ocrx_word' id='word_1_621' title='bbox 277 2338 374 2374; x_wconf 64' lang='lat' dir='ltr'>insu-s.</span> <span class='ocrx_word' id='word_1_622' title='bbox 396 2337 476 2375; x_wconf 80' lang='lat' dir='ltr'>vulg.</span> <span class='ocrx_word' id='word_1_623' title='bbox 507 2353 548 2358; x_wconf 96' lang='lat'><strong>—</strong></span> <span class='ocrx_word' id='word_1_624' title='bbox 577 2335 626 2375; x_wconf 82' lang='lat'>53)</span> <span class='ocrx_word' id='word_1_625' title='bbox 647 2337 678 2364; x_wconf 85' lang='lat' dir='ltr'>in</span> <span class='ocrx_word' id='word_1_626' title='bbox 702 2347 765 2374; x_wconf 75' lang='lat' dir='ltr'>qua</span> <span class='ocrx_word' id='word_1_627' title='bbox 787 2336 835 2365; x_wconf 66' lang='lat' dir='ltr'>die</span> <span class='ocrx_word' id='word_1_628' title='bbox 859 2338 914 2367; x_wconf 90' lang='lat' dir='ltr'>Gu.</span> <span class='ocrx_word' id='word_1_629' title='bbox 937 2339 968 2368; x_wconf 79' lang='grc'><strong>2.</strong></span> <span class='ocrx_word' id='word_1_630' title='bbox 993 2356 1031 2360; x_wconf 93' lang='lat'>—-</span> <span class='ocrx_word' id='word_1_631' title='bbox 1077 2337 1134 2365; x_wconf 90' lang='lat' dir='ltr'>Gu.</span> <span class='ocrx_word' id='word_1_632' title='bbox 1151 2339 1178 2368; x_wconf 78' lang='grc'><strong>2.</strong></span> <span class='ocrx_word' id='word_1_633' title='bbox 1202 2337 1238 2366; x_wconf 89' lang='lat' dir='ltr'>al.</span> <span class='ocrx_word' id='word_1_634' title='bbox 1262 2347 1307 2376; x_wconf 86' lang='lat' dir='ltr'>pr.</span> <span class='ocrx_word' id='word_1_635' title='bbox 1324 2347 1370 2366; x_wconf 81' lang='lat' dir='ltr'>va.</span> <span class='ocrx_word' id='word_1_636' title='bbox 1393 2353 1435 2359; x_wconf 89' lang='lat'><em>—</em></span> <span class='ocrx_word' id='word_1_637' title='bbox 1457 2340 1501 2372; x_wconf 74' lang='lat'>72)</span> <span class='ocrx_word' id='word_1_638' title='bbox 1525 2337 1574 2365; x_wconf 88' lang='lat' dir='ltr'>Sic</span> <span class='ocrx_word' id='word_1_639' title='bbox 1598 2337 1656 2365; x_wconf 89' lang='lat' dir='ltr'>Gu.</span> <span class='ocrx_word' id='word_1_640' title='bbox 1678 2339 1703 2367; x_wconf 90' lang='lat'>1.</span> <span class='ocrx_word' id='word_1_641' title='bbox 1719 2338 1747 2367; x_wconf 78' lang='lat'>2.</span> <span class='ocrx_word' id='word_1_642' title='bbox 1768 2335 1804 2362; x_wconf 78' lang='lat' dir='ltr'>al.</span> <span class='ocrx_word' id='word_1_643' title='bbox 1830 2351 1862 2355; x_wconf 86' lang='lat'><em>-</em></span> <span class='ocrx_word' id='word_1_644' title='bbox 1892 2335 2022 2360; x_wconf 64' lang='lat' dir='ltr'>existam</span> 
     </span>
    </p>
   </div>
   <div class='ocr_carea' id='block_1_33' title="bbox 80 2379 1031 2417">
    <p class='ocr_par' dir='ltr' id='par_1_34' title="bbox 80 2379 1031 2417">
     <span class='ocr_line' id='line_1_65' title="bbox 80 2379 1031 2417; baseline 0.002 -11"><span class='ocrx_word' id='word_1_645' title='bbox 80 2379 126 2417; x_wconf 77' lang='lat'>54)</span> <span class='ocrx_word' id='word_1_646' title='bbox 150 2379 303 2407; x_wconf 69' lang='lat' dir='ltr'>accederat</span> <span class='ocrx_word' id='word_1_647' title='bbox 327 2380 383 2407; x_wconf 87' lang='lat' dir='ltr'>Gu.</span> <span class='ocrx_word' id='word_1_648' title='bbox 403 2382 428 2410; x_wconf 85' lang='lat'>1.</span> <span class='ocrx_word' id='word_1_649' title='bbox 460 2395 498 2401; x_wconf 94' lang='lat'><strong>—</strong></span> <span class='ocrx_word' id='word_1_650' title='bbox 536 2381 583 2416; x_wconf 87' lang='grc'>55)</span> <span class='ocrx_word' id='word_1_651' title='bbox 607 2389 687 2407; x_wconf 86' lang='lat' dir='ltr'>nona</span> <span class='ocrx_word' id='word_1_652' title='bbox 710 2389 766 2408; x_wconf 83' lang='lat' dir='ltr'>om.</span> <span class='ocrx_word' id='word_1_653' title='bbox 790 2380 846 2410; x_wconf 90' lang='lat' dir='ltr'>Gu.</span> <span class='ocrx_word' id='word_1_654' title='bbox 868 2383 896 2411; x_wconf 88' lang='lat'>1.</span> <span class='ocrx_word' id='word_1_655' title='bbox 920 2397 953 2402; x_wconf 93' lang='lat'><strong>—</strong></span> <span class='ocrx_word' id='word_1_656' title='bbox 984 2380 1031 2414; x_wconf 82' lang='lat'>56)</span> 
     </span>
    </p>
   </div>
   <div class='ocr_carea' id='block_1_34' title="bbox 1075 2379 1155 2418">
    <p class='ocr_par' dir='ltr' id='par_1_35' title="bbox 1075 2379 1155 2418">
     <span class='ocr_line' id='line_1_66' title="bbox 1075 2379 1155 2418; baseline 0 -11"><span class='ocrx_word' id='word_1_657' title='bbox 1075 2379 1155 2418; x_wconf 84' lang='lat' dir='ltr'>vulg.</span> 
     </span>
    </p>
   </div>
  </div>
 </body>
</html>
