2264 2830
756 107 1003 143 ORIGINUM
1042 109 1187 145 LIBER
1213 111 1319 145 xvn.

1939 110 2015 147 555

70 203 115 236 Et
141 203 172 235 in
199 203 380 247 proverbio
398 199 440 237 ¹¹⁴:
478 201 548 249 Qui
575 202 733 235 inimicus
758 206 818 245 cst,
846 203 951 236 ctiam
980 204 1013 237 2'71
1040 206 1157 250 scirpo
1196 206 1325 239 nodum
1353 204 1502 250 quaerit.

72 315 198 355 lorem,
226 314 316 348 unde
339 311 406 347 et⁴⁵
434 314 592 359 Virgilius
608 310 647 347 ⁴⁸³:

302 374 423 407 Discel
436 371 460 391 ⁴⁷
490 375 629 407 mentiri
656 374 741 407 lana
769 374 902 407 colores
913 371 946 407 ⁴³.

236 434 296 467 99.
349 434 439 479 Aiga
466 435 608 468 nascitur
634 435 666 466 in
694 433 785 477 aquis
818 435 984 470 stantibus.

349 262 476 304 Fucus,
508 275 614 307 genus
635 262 760 295 herbae
789 267 854 304 est,
882 263 925 297 de
953 276 1018 308 qua
1045 266 1181 311 tingitur
1206 265 1321 307 vestis,
1356 265 1462 305 (licta,
1496 263 1572 308 quia
1601 264 1756 297 mentitur
1782 264 1927 299 alienum
1956 278 2015 301 co-

1058 432 1144 468 11a⁴⁰
1179 435 1323 478 denique
1357 446 1478 467 nomen
1514 433 1651 477 sumpsit
1685 433 1728 466 ab
1755 434 1872 479 algore
1897 446 2016 479 aquae,

72 486 126 518 vel
153 486 247 529 quod
275 487 391 531 alliget
403 483 428 502 “⁸⁰
454 487 578 530 pedes,
605 486 682 529 quia
710 498 819 520 crassa
847 492 911 527 est,
940 487 1026 519 soliis
1053 498 1173 530 aquam
1204 498 1242 520 ex
1270 491 1365 530 parte
1392 486 1632 530 superantibus.

238 546 322 578 100.
376 546 464 579 Ulva
477 543 499 562 ⁵¹
539 552 572 580 et
599 546 723 591 typhus
759 546 886 578 herbae
920 544 1041 580 eirca⁵²
1075 548 1182 579 fonte»
1216 551 1248 579 et
1284 546 1423 590 paludes
1455 541 1667 590 stagnisquef'

1669 540 1681 561 ³
1966 546 2016 579 Ex

1713 550 1898 579 nascuntur.

72 596 191 640 quibus
218 598 314 640 ulva,
345 597 379 629 id
407 603 455 631 est
481 598 560 643 alga
588 599 698 631 mollis
724 603 757 631 et
783 598 1036 641 quodammodo
1065 599 1208 641 fungus,
1243 598 1331 630 dieta
1359 598 1401 630 ab
1430 598 1565 642 uligine.

240 656 320 689 101.

73 708 215 741 centium
240 708 413 741 hominum
445 714 556 742 tumor
581 710 706 754 typhus
734 710 864 745 dicitur.

374 657 520 701 Typhus
547 669 646 699 vero,
686 670 771 702 quae
805 671 838 691 se
867 660 909 692 ab
942 655 1062 702 aqua⁵⁴
1089 658 1190 692 inflat.

1257 657 1357 691 Unde
1391 657 1489 690 etiarn
1517 656 1765 690 ambitiosorum
1793 661 1826 689 et
1853 656 1913 689 sibi
1940 657 2016 700 pla-

239 768 323 801 1⁰2.
377 766 511 802 Carix⁵⁵
538 770 644 802 herba
672 768 805 803 acuta⁵⁸
830 775 862 803 et
892 768 1083 809 durissima,
1110 772 1223 812 sparto
1251 768 1380 810 similis,
1415 768 1458 801 de
1484 779 1550 811 qua
1574 767 1733 812 Virgilius
1744 763 1785 798 ⁵⁷:

299 828 347 861 El
376 830 493 862 carice
515 834 642 875 pastus
669 834 786 864 acuta.

240 895 321 930 103.
375 897 514 941 Spartus
542 898 650 931 frutex
676 898 827 943 virgosus
853 897 921 930 sine
948 895 1035 929 foliis
1063 897 1105 929 ab
1134 895 1308 941 asperitate
1344 902 1489 930 vocatus.

73 956 159 990 quae
186 959 226 980 ex
253 960 293 980 eo
322 949 420 990 fiunt,
449 961 565 993 aspera
588 955 671 984 sunt.

240 1007 324 1041 104.
379 1010 528 1042 Gramen
555 1021 574 1041 a
601 1009 662 1041 situ
696 1009 806 1053 potius
838 1008 978 1050 dictum,
1018 1007 1112 1051 quod
1148 1005 1319 1051 plurimis⁵

1545 895 1724 929 Volumina
1760 895 1847 927 enim
1881 894 1898 925 f
1898 894 2019 937 unium,

1321 1006 1333 1024 8

1657 1005 1758 1039 Unde
1784 1005 1869 1037 illud
1897 1004 2019 1039 Graeci

1359 1018 1519 1052 agrorum
1544 1007 1592 1040 sit.

75 1055 290 1102 ‹iyp‹50wv⁵⁹
317 1061 432 1093 dicunt
443 1059 487 1101 ¹¹⁰,
515 1061 594 1093 licet
621 1062 728 1094 omnis
754 1060 859 1093 herba
887 1071 1024 1105 gramen
1052 1055 1235 1097 voceturffl,
1264 1059 1306 1090 ab
1319 1056 1343 1075 ⁰²
1370 1070 1421 1099 eo,
1453 1058 1545 1102 quod
1573 1057 1778 1103 germinetur
1792 1054 1827 1097 ⁶³,
1854 1057 1937 1090 sicut
1962 1067 2019 1089 ro-

76 1109 138 1142 bur
164 1111 270 1143 omnis
303 1111 387 1156 ligni
414 1113 496 1146 culis
523 1118 556 1145 et
582 1109 743 1156 species¹⁵⁴
765 1113 807 1145 ab
836 1123 894 1153 eo,
931 1111 1023 1154 quod
1052 1107 1126 1143 sit*5
1153 1110 1346 1145 firmissima.

240 1169 324 1203 105.
378 1172 464 1204 Filix
492 1172 579 1205 (licta
603 1184 622 1204 a
649 1172 874 1215 singularitate
902 1168 1020 1203 folii‘ffi.

74 1219 170 1253 scissa
197 1221 279 1254 folia
299 1220 483 1267 gignitur⁶⁸
510 1224 671 1268 replicata
684 1220 728 1263 ⁶³,
755 1224 844 1256 velut
869 1223 968 1267 pinna
980 1218 1013 1253 ⁷⁰.

175 1273 291 1306 Avena
317 1276 347 1307 *.

173 1323 310 1358 Lolium
336 1327 363 1358 *.

1073 1171 1226 1213 Denique
1237 1166 1261 1186 ‘⁵²
1289 1181 1327 1202 ex
1351 1181 1415 1203 una
1442 1169 1573 1214 virgula
1600 1167 1773 1201 altitudine
1799 1166 1934 1200 cubitali
1956 1178 2019 1199 una

241 1384 324 1417 106.
378 1385 513 1417 Zizania
525 1381 561 1425 ⁷¹,
602 1396 702 1428 quam
714 1381 739 1401 '¹²
780 1388 901 1428 poetae
928 1394 1061 1428 semper
1095 1382 1207 1415 infelix
1238 1382 1354 1414 lolium
1387 1382 1519 1421 dicunt,
1561 1380 1654 1423 quod
1687 1380 1727 1412 sit
1761 1378 1874 1411 inutile
1911 1383 1943 1412 et
1969 1379 2020 1411 in-

74 1433 265 1468 fecundum.

178 1495 391 1591 Malipiilum
425 1547 565 1581 dicimus
592 1548 714 1581 fascem
743 1545 841 1579 foeni.

77 1664 97 1682 a
120 1664 178 1683 om.
201 1655 256 1683 Gu.
275 1658 300 1687 1.
324 1671 361 1677 --
385 1653 433 1695 42)
462 1655 511 1684 Sic
534 1655 582 1684 Ar.
598 1672 638 1677 —
659 1661 768 1694 sfgetm
790 1660 934 1693 teguntur
946 1653 1027 1691 vulg.

77 1697 137 1726 Csr.
154 1697 229 1726 Fest.
245 1697 283 1726 de
305 1698 387 1727 verb.
403 1698 499 1736 signif.
521 1698 624 1736 fragm.
646 1708 675 1726 v.
693 1700 847 1735 Scriptum
863 1697 923 1734 vel,
945 1696 1028 1735 quod

77 1740 188 1768 rectius
210 1745 252 1768 est
281 1741 423 1779 Scimus,
454 1746 487 1769 ut
513 1741 710 1770 emendarunt
740 1741 802 1769 VV.
825 1741 882 1768 ΠΙ).
906 1751 934 1778 p.
955 1740 1027 1770 257.

78 1782 144 1811 Vol.
162 1782 197 1810 II.
224 1783 353 1811 Gramm.
370 1784 432 1811 Lat.
454 1784 499 1813 ed.
515 1783 648 1813 Lindem.
672 1801 707 1804 —
737 1781 786 1822 43)
803 1783 851 1811 Sic
874 1783 922 1812 Ar.
937 1791 952 1810 e
970 1782 1028 1810 Fe-

78 1829 133 1854 sto.
150 1841 191 1846 —
213 1826 298 1852 soliti
327 1824 403 1863 quid
418 1826 499 1863 vulg.
523 1843 560 1847 --
583 1825 666 1865 quad
685 1826 740 1854 sol.
758 1826 788 1854 Z.
814 1826 869 1853 Gu.
885 1827 910 1855 3.
928 1827 957 1854 4.
981 1834 1026 1854 va.

79 1883 118 1887 —
142 1868 189 1901 44)
211 1868 378 1904 proverbii-5
397 1868 452 1895 Gu.
470 1870 497 1898 2.
513 1887 549 1890 —
575 1868 619 1906 45)
639 1874 664 1896 et
680 1879 735 1897 om.
753 1869 784 1897 Z.
807 1885 845 1889 -—
869 1866 916 1905 45)
932 1867 1028 1894 LOCUS

80 1912 123 1937 est
141 1908 240 1946 Eclog.
258 1909 307 1943 IV,
323 1910 372 1940 42.
390 1927 427 1930 ——
451 1908 498 1948 47)
514 1910 589 1937 dicit
610 1911 763 1949 prioribus
778 1919 924 1938 annexum
947 1908 1029 1936 exhi-

79 1951 151 1979 bent
173 1951 258 1982 codd.
280 1952 310 1981 Z.
331 1952 389 1981 Gu.
414 1954 440 1982 1.
454 1954 483 1982 2.
506 1968 546 1973 -—
567 1950 616 1992 48)
631 1954 740 1982 coloris
766 1954 824 1982 Gu.
843 1955 868 1982 1.
896 1967 938 1973 —
979 1949 1028 1991 49)

80 1993 188 2032 Itaque
203 1994 235 2023 Z.
256 2009 293 2015 —
323 1994 370 2031 50)
395 1994 506 2032 alligat
529 2004 576 2025 va.
598 2010 635 2016 —
660 1994 708 2036 51)
738 1996 826 2031 Ulva,
857 1993 978 2032 stplzufs
1000 1998 1029 2022 et

84 2036 176 2064 Caria·
198 2047 256 2066 on).
275 2035 340 2066 cod.
357 2037 462 2065 zittav.
487 2053 527 2058 —
550 2035 598 2075 52)
622 2048 699 2076 quae
720 2039 803 2066 circa
821 2038 870 2065 Ar.
890 2052 926 2058 —
953 2047 1029 2075 quae

81 2080 111 2107 in
121 2079 187 2117 pal.
204 2089 249 2107 va.
270 2094 313 2100 -—
334 2082 381 2116 53)
395 2084 507 2117 stagna
523 2079 578 2107 Gu.
597 2082 624 2110 1.
647 2096 688 2101 —
711 2079 758 2120 54)
776 2081 824 2108 Sic
848 2080 906 2108 Gut
926 2083 953 2110 1.
978 2080 1028 2108 Ar.

82 2138 118 2143 -—
141 2123 233 2159 aquis
250 2121 331 2159 vulg.
353 2137 395 2143 --
422 2121 469 2160 55)
497 2121 591 2149 Carex
606 2122 658 2152 Ar.
680 2139 723 2144 —
743 2121 792 2162 56)
813 2123 861 2150 Sic
878 2123 933 2150 Gu.
959 2124 983 2152 1.
999 2124 1028 2152 2.

81 2181 121 2186 —
136 2169 229 2191 acuta
254 2163 346 2192 herba
364 2163 444 2201 vulg.
468 2182 506 2186 —
543 2163 589 2202 57)
613 2164 717 2201 Georg.
740 2164 793 2201 111,
806 2168 877 2196 231.
908 2180 949 2186 —
979 2166 1027 2201 58)

81 2207 131 2235 Sic
148 2206 204 2236 Gu.
222 2209 248 2237 1.
268 2221 310 2227 --
323 2207 479 2244 plurimus
494 2216 540 2235 va.
559 2223 597 2226 —
611 2206 751 2244 plurium
771 2208 802 2236 Z.
825 2225 862 2230 --
878 2207 1028 2245 plurimo-

81 2259 147 2277 rum
162 2249 242 2286 vulg.
266 2264 308 2269 —
335 2247 383 2288 59)
406 2254 553 2287 agrestem
571 2248 626 2276 Gu.
644 2251 669 2279 1.
687 2251 715 2279 2.
729 2258 775 2278 va.
791 2264 832 2270 —
846 2255 962 2287 agreste
980 2259 1026 2288 pr.

83 2307 122 2314 ·—
143 2292 191 2329 60)
215 2292 264 2319 Sic
286 2291 341 2320 Gu.
365 2294 390 2323 1.
412 2293 440 2322 2.
462 2307 503 2312 —
526 2295 706 2318 vocaverunt
727 2290 808 2328 vulg.
838 2308 879 2313 —
907 2295 951 2325 61)
973 2302 1027 2319 ro-

84 2341 170 2362 catur
184 2344 232 2363 va.
256 2349 290 2353 —
316 2336 363 2372 62)
382 2333 420 2361 ab
435 2344 489 2362 om.
508 2333 540 2362 Z.
563 2350 597 2353 -
624 2335 669 2370 63)
682 2335 829 2371 germinet
845 2344 890 2362 va.
913 2349 954 2355 —
980 2334 1027 2367 64)

85 2377 134 2406 Sic
156 2379 184 2406 Z.
210 2378 308 2408 Gu.1.
332 2379 359 2407 2.
386 2386 430 2406 va.
455 2391 496 2398 —
526 2386 602 2413 spec.
627 2381 653 2403 et
676 2377 756 2403 cutis
777 2375 858 2413 vulg.
880 2392 920 2397 -—
943 2386 1028 2403 omne

380 1496 530 1528 Poenum
559 1496 702 1537 (lictum7
729 1494 821 1538 quod
850 1494 892 1526 ab
916 1505 956 1526 eo
971 1490 995 1509 ⁷³
1021 1493 1155 1525 flamma
1183 1493 1340 1531 nutritur,

1372 1491 1444 1538 φῶς
1472 1492 1557 1523 enim
1580 1490 1713 1523 flamma
1741 1495 1796 1522 est.

895 1546 939 1578 Et
966 1545 1090 1579 dictum
1114 1543 1322 1589 manipulum
1332 1539 1374 1585 Ἠ,
1402 1542 1493 1586 quod
1521 1553 1654 1575 manum
1680 1541 1828 1585 impleat.

1072 1654 1206 1691 lignum,
1230 1653 1298 1680 licet
1314 1653 1355 1679 ait
1372 1658 1398 1679 et
1415 1652 1535 1690 spec-iffi,
1559 1650 1597 1678 ab
1615 1660 1645 1677 eo
1669 1650 1717 1679 Ar.
1741 1665 1781 1672 —-
1803 1648 1849 1688 65)
1865 1647 1904 1673 sit
1921 1645 2021 1675 addidi

1072 1706 1087 1724 e
1104 1697 1133 1723 Z.
1162 1696 1217 1724 Gu.
1236 1699 1261 1726 1.
1280 1698 1308 1726 2.
1337 1704 1384 1723 va.
1406 1709 1448 1716 —-
1484 1695 1530 1731 66)
1552 1693 1600 1721 Sic
1624 1694 1681 1721 Gu.
1702 1695 1730 1724 1.
1749 1707 1790 1713 —
1813 1702 1832 1718 a
1854 1691 1931 1728 sing.
1962 1688 2022 1729 fol.

1072 1738 1157 1766 dicta
1179 1738 1260 1775 vulg.
1279 1755 1318 1759 —
1347 1736 1392 1775 67)
1423 1735 1528 1764 deinde
1560 1746 1607 1764 va.
1640 1752 1676 1757 —
1709 1734 1754 1773 68)
1784 1734 1834 1762 Sic
1864 1732 1920 1760 Gu.
1946 1735 1972 1762 1.
1994 1733 2022 1761 2.

1072 1782 1121 1809 Ar.
1146 1797 1183 1802 —
1209 1782 1314 1819 gignit
1341 1780 1421 1818 vulg.
1448 1795 1486 1800 ——
1509 1789 1603 1806 unum
1627 1779 1754 1805 scissum
1779 1776 1896 1813 solium
1918 1775 2023 1813 gigni-

1072 1829 1123 1851 tur
1144 1824 1174 1851 Z.
1206 1824 1242 1851 al.
1272 1834 1317 1850 va.
1348 1840 1384 1843 —
1418 1820 1463 1859 69)
1495 1821 1543 1848 Sic
1569 1822 1618 1848 Ar.
1643 1837 1681 1840 —
1712 1819 1919 1856 resimplicata
1942 1816 2022 1854 vulg.

1071 1883 1113 1888 —
1136 1864 1184 1904 ΤΟ)
1202 1877 1283 1903 pma
1300 1866 1355 1892 Gu⁴
1376 1868 1401 1895 1.
1420 1880 1455 1884 —-
1470 1873 1572 1901 penna
1596 1862 1651 1890 Gu.
1668 1863 1696 1892 2.
1714 1861 1749 1890 al.
1781 1860 1833 1889 His
1857 1863 2023 1888 annectun-

1072 1913 1122 1936 tur
1145 1908 1223 1936 tituli
1245 1908 1363 1936 Avena.
1407 1906 1534 1933 Loltum
1561 1904 1590 1932 in
1616 1905 1672 1932 Gu.
1693 1907 1719 1935 1.
1742 1907 1770 1936 2.
1792 1913 1838 1931 va.
1860 1904 1918 1939 Ar„
1942 1901 2023 1940 apud

1073 1961 1160 1989 quem
1184 1950 1222 1978 al.
1246 1949 1402 1978 exhibent:
1431 1947 1562 1976 Avena
1580 1957 1636 1985 per
1665 1957 1684 1973 ν
1707 1946 1828 1974 literam
1855 1945 1947 1973 herba
1970 1950 2022 1979 est,

1066 2004 1123 2032 per
1145 1993 1161 2020 l)
1186 2003 1251 2022 rero
1277 1993 1392 2026 lorum⁷
1416 2001 1473 2027 quo
1497 1991 1567 2028 equi
1588 1990 1762 2019 retinentur.
1805 1988 1914 2016 Arena
1930 1987 2023 2015 herba

1071 2035 1228 2064 seminalis
1261 2035 1354 2072 segeti
1383 2033 1504 2061 similis.
1558 2030 1732 2070 Virgilius:
1765 2033 1829 2059 urit
1860 2032 1937 2059 enim
1966 2030 2022 2057 lini

1072 2087 1212 2115 campum
1234 2087 1330 2115 seg-es,
1360 2076 1423 2103 urit
1445 2085 1564 2103 arenae.
1614 2076 1749 2103 Ponitur
1769 2079 1796 2101 et
1818 2085 1878 2112 pro
1902 2073 2020 2101 calamo

1071 2121 1242 2158 aliquoties.
1293 2119 1449 2147 Lolium
1482 2117 1574 2145 herba
1600 2118 1791 2145 amarissimi
1822 2118 1952 2144 seminis.
1981 2129 2021 2135 -

1071 2162 1116 2201 71)
1140 2163 1268 2190 Zzzania
1291 2166 1319 2190 et
1341 2162 1474 2189 Faenum
1498 2170 1553 2188 om.
1575 2160 1608 2188 Ζ.
1633 2175 1676 2182 --
1711 2158 1756 2198 72)
1780 2158 1829 2187 Sic
1851 2160 1905 2187 Gu.
1925 2161 1951 2188 1,
1974 2165 2017 2182 W·

1073 2223 1110 2228 —-
1137 2216 1213 2243 quae
1241 2205 1341 2236 Gu.2.
1372 2218 1413 2224 -—
1445 2201 1529 2241 quod
1555 2202 1634 2240 vulg.
1667 2218 1707 2223 —-
1746 2202 1792 2241 73)
1815 2201 1853 2230 ab
1881 2197 1979 2228 addidi
1999 2206 2017 2243 'e

1071 2248 1128 2275 Gu.
1146 2251 1171 2277 1.
1188 2250 1218 2278 2.
1243 2263 1279 2268 —
1308 2246 1353 2284 74)
1378 2245 1425 2274 Sic
1449 2246 1478 2274 Z.
1503 2245 1561 2274 Gu.
1582 2247 1607 2276 1.
1620 2246 1648 2275 2.
1673 2255 1719 2273 va.
1740 2261 1773 2265 —
1797 2243 1895 2271 dictu-5
1919 2248 2017 2267 manz-

1066 2290 1162 2328 pulus
1191 2289 1273 2327 vulg.
1313 2305 1346 2309 —-
1396 2288 1442 2317 Ad
1475 2289 1606 2324 foenum
1641 2287 1756 2316 addunt
1784 2286 1819 2314 al.
1848 2294 1894 2320 ap.
1925 2281 2016 2308 Arev.

1071 2333 1203 2368 Famem,
1244 2329 1328 2370 quod
1353 2336 1394 2358 est
1418 2331 1528 2368 palea,
1558 2340 1615 2368 per
1646 2342 1660 2358 e
1689 2330 1785 2357 solam
1811 2321 2016 2353 scribendam:

1067 2375 1208 2410 foenum,
1234 2372 1318 2413 qaod
1338 2379 1380 2402 est
1402 2374 1538 2410 lucrum,
1563 2383 1619 2411 per
1642 2385 1657 2400 υ
1682 2377 1707 2399 ει
1730 2382 1742 2397 e
1764 2367 1916 2396 scribitur.

1444 2418 1616 2449 Aaaa*
