2264 2830
790 95 1036 130 ORlGlNUM
1073 98 1217 133 LIBER
1244 101 1316 135 XV.

78 194 154 238 Ipsa
182 196 230 224 est
258 196 290 224 ct
325 189 537 234 delapidata,
575 189 607 222 id
638 195 686 222 est
720 191 886 234 lapidibus
918 198 1027 226 strata.

1955 109 2030 144 487

1082 194 1228 227 Primum
1258 200 1367 228 autem
1403 196 1506 228 Poeni
1544 196 1699 230 dicuntur
1733 198 1898 242 lapidibus·
1928 201 2026 234 vias'¹

77 245 244 283 stravisse,
279 248 396 287 postca
424 242 567 274 Romani
597 254 651 275 eas
679 253 740 286 per
767 253 900 276 (minem
928 255 1016 287 pene
1044 246 1161 278 orbem
1177 243 1198 263 '²
1226 247 1475 292 disposuerunt,
1504 254 1643 292 propter
1678 250 1907 284 rectitudinem
1935 254 2029 287 itine-

78 309 168 337 rum,
197 301 229 328 et
256 307 297 327 ne
312 291 332 309 Η
360 294 455 338 plebs
486 299 568 325 essct
595 294 710 326 otiosa.

242 354 275 387 7.
331 355 450 398 Agger
477 358 523 386 est
552 354 662 386 media
684 359 803 387 stratae
821 352 859 393 Η,
891 356 1066 389 eminentia
1080 353 1103 372 ⁴⁵
1130 359 1343 402 coaggeratis
1356 355 1380 375 ⁴¹⁵
1409 359 1576 403 lapidibus
1610 366 1709 393 strata
1739 362 1781 394 ab
1811 374 1958 407 aggere,
1995 365 2029 396 id

77 413 124 441 est
153 420 168 439 a

184 403 207 423 ⁴⁷
234 406 484 440 coacervatione
512 402 656 447 dictam,
685 418 785 450 quam
798 403 821 422 μ’
846 407 991 441 liis-[orici
1025 409 1108 440 viam
1138 410 1313 442 militarem
1343 410 1479 449 dicunt,
1508 408 1592 443 ut⁵⁰z

308 465 433 512 Qualis
458 476 566 510 saepe
593 467 673 500 viae
701 467 893 512 ‹Isprcnsus
920 468 953 500 in
982 480 1126 513 aggere
1153 480 1308 514 serpens.

245 526 277 559 8.
331 525 396 558 lter
420 526 470 557 vel
495 526 557 558 itus
585 532 633 559 est
656 524 760 567 via⁵¹„
789 540 854 570 qua
884 529 921 561 iri
934 525 958 544 ⁵²
987 530 1028 562 ab
1057 529 1194 562 homine
1222 540 1488 573 quaquaversum
1517 535 1628 573 potest
1639 528 1671 563 ⁵¹³.

178 578 243 610 lter
270 582 378 610 autem
407 583 440 609 et
466 577 559 610 itiner
586 579 749 611 diversam
772 581 1049 624 significationem
1077 577 1246 614 habentffl.

664 632 763 663 ltinei·
791 637 900 664 autem
929 639 975 665 est
1003 634 1064 665 itus
1086 634 1211 678 longae
1239 633 1329 673 viae,
1366 638 1399 665 et
1426 633 1497 677 ipse
1526 633 1622 665 labor
1651 634 1860 677 ambulandi,
1895 642 1930 669 ut
1958 649 2025 680 quo

75 630 162 663 unde
189 635 221 662 et
248 629 457 673 appellamus
481 630 564 663 itum
575 627 609 663 ⁵⁶.

73 683 152 715 velis
179 681 360 725 pervenias.

238 740 272 773 9.
324 741 451 773 Semita
476 741 599 773 itineris
620 741 794 775 dimidium
806 738 841 784 ³⁷,
869 754 887 775 a
914 743 1041 775 semiim
1056 740 1080 760 ⁵3
1107 735 1207 777 dicta.

72 794 110 825 lis
138 792 283 825 ferarum
305 798 337 825 et
364 792 544 836 pecudum.

1302 582 1369 613 lter
1397 582 1483 614 enim
1513 587 1560 613 est
1588 581 1680 615 locus
1692 578 1716 599 ⁵⁵
1751 584 1886 617 transim
1910 584 2027 623 facilis,

1262 744 1388 777 Semita
1416 749 1526 777 autern
1555 744 1728 777 hominum
1756 747 1808 778 via
1836 743 1928 790 θείω,
1955 750 2025 782 cal-

236 852 294 886 10.
351 853 452 885 Callis
479 858 527 886 est
553 854 615 886 iter
642 853 812 898 pecudum
846 854 930 885 inter
962 860 1091 887 montes
1118 860 1295 900 angustum
1324 861 1357 888 et
1384 857 1520 894 tritum,
1563 868 1581 887 a
1609 856 1698 889 callo
1731 856 1859 900 pedum
1871 855 1897 874 ‘³⁰
1925 870 2026 892 voca—

70 910 138 938 tum
152 902 187 944 ⁸¹,
215 905 282 937 sive
309 902 365 937 11⁰²
392 905 480 937 callo
508 905 677 949 pecudum
706 905 925 949 perduratum
936 902 970 939 ‘'³3.

172 957 337 989 Tramites
363 961 435 988 sunt
462 962 642 989 transversa
670 957 702 988 in
729 957 818 1000 agris
842 957 974 998 itinera,
1002 957 1070 990 sive
1096 963 1189 991 recta
1217 958 1285 997 via,
1315 955 1446 999 dictim,
1471 958 1565 1002 quod
1593 959 1814 991 transmittant
1825 956 1860 993 ¹⁵⁵.

236 1007 294 1040 ll.

348 1008 496 1040 Divortia
523 1014 595 1040 sunt
615 1009 717 1040 flexus
729 1006 754 1025 ‘⁵¹5
782 1009 925 1050 viarum,
968 1009 1035 1042 hoc
1063 1015 1110 1042 est
1135 1010 1208 1042 viae
1219 1006 1243 1026 ⁶⁷
1278 1011 1311 1042 in
1339 1010 1469 1043 diversa
1501 1010 1691 1051 tendentes,
1728 1011 1818 1044 idem

1829 1007 1854 1027 ⁶¹³
1888 1011 2025 1044 diverti-

70 1054 181 1092 culaffl’
208 1064 290 1097 sunt,
319 1059 387 1092 hoc
416 1065 462 1091 est
493 1060 642 1092 diversae
670 1071 709 1093 ac
736 1060 860 1092 divisae
886 1061 971 1101 viae,
998 1062 1065 1094 sive
1093 1067 1295 1095 transversae
1322 1062 1457 1095 semitae
1471 1058 1505 1101 ⁷⁰,
1533 1074 1619 1106 quae
1643 1068 1716 1095 sunt
1738 1075 1756 1095 a
1775 1063 1879 1096 latere
1892 1059 1913 1079 Π
1944 1064 2024 1096 viae.

234 1110 291 1143 12.
347 1111 499 1150 Bivium,
535 1112 613 1154 quia
641 1112 767 1156 duplex
795 1118 843 1144 est
869 1113 931 1146 via.

170 1161 329 1206 Compita
343 1158 378 1202 ⁷²,
407 1163 483 1206 quia
511 1164 624 1207 plures
645 1164 677 1196 in
706 1176 744 1195 ea
773 1169 969 1208 competunt
984 1160 1009 1179 ⁷³

1036 1165 1126 1205 viae,
1154 1165 1247 1208 quasi
1274 1165 1390 1198 triviae
1406 1161 1438 1197 ³⁴.

168 1214 322 1247 Ambitus
350 1214 434 1247 inter
461 1215 644 1248 vicinorum
668 1215 822 1249 aedilicia
851 1216 962 1256 locus,
987 1215 1130 1248 duorum
1157 1216 1286 1260 pedum
1316 1222 1349 1249 et
1376 1215 1556 1259 semipedis
1584 1216 1626 1248 ad
1656 1215 1885 1249 circumeundi
1912 1216 2021 1248 facul-

65 1269 166 1298 tatem
194 1266 343 1307 relictus‚
373 1271 406 1299 et
419 1263 443 1282 ⁷⁵
471 1267 513 1299 ab
542 1267 747 1299 ambulando
774 1267 891 1301 dictus.

232 1316 292 1351 13.

167 1368 274 1400 Porro
298 1373 406 1407 actus,
435 1379 502 1411 quo
526 1381 630 1413 pecus
658 1370 714 1414 agi
741 1370 834 1402 solet.

167 1419 338 1452 Clivosum
366 1420 427 1452 iter
453 1420 647 1454 flexuosum.

346 1317 466 1350 Orbita
494 1318 669 1362 vestigium
698 1318 802 1358 carri,
830 1319 872 1351 ab
899 1318 982 1350 orbe
1009 1322 1102 1350 rotae
1131 1318 1221 1351 dicta
1237 1314 1269 1350 ⁷¹².

166 1470 316 1516 Vestigia
339 1477 414 1504 sunt
446 1469 610 1516 ΙηεὼηῐιΠ
636 1472 732 1516 signa
745 1468 770 1488 ⁷⁹
803 1471 917 1516 primis
950 1467 1107 1515 plantis⁷⁹
1142 1483 1313 1515 expressa,
1350 1476 1485 1511 vocata,
1519 1470 1611 1513 quod
1639 1470 1676 1502 iis
1700 1470 1771 1503 viae
1798 1481 2019 1514 praecurren-

159 1519 184 1539 80

63 1522 144 1555 tium
209 1523 446 1567 investigentur
459 1521 500 1563 θ’,
534 1524 569 1556 id
598 1529 645 1556 est
673 1529 920 1568 cognoscantur
934 1520 968 1555 ⁸².

60 1714 107 1757 39)
131 1717 180 1745 Sic
205 1717 261 1746 Gn.
289 1719 319 1747 1.
348 1732 388 1738 —
420 1718 511 1756 quasi
540 1717 621 1755 vulg.
646 1733 687 1739 --
717 1718 762 1754 40)
787 1716 848 1745 Lib.
870 1716 920 1753 1V,
944 1716 1014 1748 416.

61 1775 102 1780 -
123 1760 169 1796 41)
197 1761 279 1787 uiam
301 1759 331 1787 Z.
362 1775 403 1780 —
437 1760 485 1795 42)
511 1771 565 1798 per
594 1771 710 1788 omnem
733 1765 845 1788 terram
868 1766 893 1787 et
918 1769 1015 1797 paene

58 1812 111 1839 per
135 1812 249 1829 omnem
270 1801 369 1829 orbem
392 1802 448 1832 Gu.
463 1803 489 1833 1.
508 1821 545 1825 —
572 1803 618 1842 43)
641 1809 667 1831 et
691 1814 748 1834 om.
777 1803 833 1832 Gu.
851 1806 879 1833 2.
905 1819 939 1823 -
966 1800 1013 1841 44)

60 1849 160 1872 strata
184 1845 238 1873 Gu.
255 1847 283 1875 2.
307 1861 345 1865 -
368 1845 414 1881 45)
439 1846 569 1873 eminens
593 1846 649 1874 Gu.
667 1848 694 1877 2.
717 1862 751 1868 —-
781 1847 828 1881 46)
852 1854 1014 1873 coacerva-

60 1888 100 1914 tis
123 1886 169 1916 ed.
197 1885 286 1915 Goth.
322 1904 360 1907 —
390 1890 602 1925 quoacerratis
625 1889 656 1919 Z.
687 1905 725 1909 —
757 1888 801 1922 47)
830 1899 849 1915 (ι
872 1886 975 1916 addidi
999 1896 1014 1916 e

60 1929 90 1958 Z.
115 1929 171 1957 Gu.
196 1930 224 1960 1.
247 1945 289 1950 —
318 1931 362 1962 4⁸)
388 1928 490 1957 dictus
514 1931 570 1959 Gu.
590 1935 618 1964 2.
642 1948 683 1953 —
711 1931 759 1968 49)
782 1942 867 1970 quem
897 1930 956 1959 Cu.
982 1931 1011 1960 2.

60 1989 100 1993 —-
122 1972 168 2008 50)
181 1971 276 1999 Locus
301 1976 346 1999 est
359 1971 438 2009 Virg.
456 1971 529 2001 Aen.
546 1973 580 2008 V,
602 1974 673 2006 273.
691 1990 733 1995 —
756 1973 802 2013 51)
814 1974 926 2002 lterum
949 1974 1012 2000 itus

60 2020 101 2043 eat
125 2016 176 2041 νέα
201 2014 255 2042 Gu.
280 2017 309 2046 2.
332 2031 373 2035 —-·
402 2017 445 2049 52)
471 2016 546 2054 qula
569 2016 652 2045 adiri
677 2017 732 2045 Gu.
752 2019 778 2047 l.
797 2033 839 2039 —
863 2016 954 2055 quasi
970 2017 1011 2043 iri

59 2068 105 2087 va.
130 2074 163 2078 -
197 2057 245 2094 53)
269 2057 342 2085 Item
364 2057 478 2085 salitus
502 2065 542 2086 est
566 2061 635 2095 via,
674 2070 736 2098 qua
768 2061 807 2087 iri
831 2059 869 2087 ab
892 2059 1011 2086 homine

58 2110 253 2139 nequaquam
284 2110 343 2127 usn
366 2105 466 2138 potest
497 2101 551 2129 Gu.
574 2104 601 2132 2,
631 2112 676 2130 va.
703 2102 770 2132 add.
810 2119 846 2124 —
884 2099 932 2140 54)
962 2101 1010 2129 Sic

59 2143 114 2172 Gu.
141 2145 167 2172 1.
189 2142 239 2170 Ar.
267 2159 300 2163 -—
327 2142 437 2170 (labent
468 2144 545 2180 sign.
569 2142 650 2181 vulg.
680 2161 722 2167 —
750 2143 797 2186 55)
828 2145 875 2173 Sic
898 2145 928 2172 Z.
952 2145 1007 2172 Gu.

60 2190 86 2218 1,
105 2189 135 2217 2.
151 2195 197 2213 va.
215 2201 255 2206 —
279 2185 362 2212 locu-s·
389 2190 431 2212 est
458 2186 538 2224 vulg.
575 2203 611 2206 —
636 2188 681 2221 56)
708 2188 820 2215 exitum
845 2188 901 2216 Gu.
923 2189 950 2218 1.
966 2202 1006 2208 —-

58 2228 179 2258 aditum
201 2227 229 2255 Z.
254 2227 290 2255 al.
316 2245 350 2249 —
377 2227 456 2255 unde
486 2239 556 2266 app.
584 2234 609 2256 et
641 2230 719 2256 itum
750 2229 805 2260 Gu.
831 2232 859 2261 2.
892 2230 941 2258 Ar.
965 2245 1007 2250 —

57 2271 105 2312 57)
131 2276 172 2298 est
196 2269 262 2298 add.
289 2270 369 2308 vulg.
384 2287 425 2293 —
449 2270 514 2299 Om.
538 2271 595 2299 Gu.
623 2273 648 2302 1.
672 2276 743 2298 sunt
765 2273 796 2299 Z.
825 2290 859 2293 —
894 2271 940 2311 58)
964 2283 1007 2299 Se—

58 2316 134 2343 mitu
155 2313 210 2343 Gu.
229 2316 254 2343 1.
277 2330 317 2333 —
347 2311 394 2353 59)
417 2313 467 2341 Sic
490 2313 546 2344 Gu.
568 2316 594 2344 1.
616 2330 656 2334 —-
685 2313 841 2343 hominum
865 2320 907 2342 est
926 2314 1006 2352 vulg.

59 2373 98 2379 -—
120 2362 162 2385 est
181 2366 238 2385 om.
263 2356 292 2383 Z.
315 2373 355 2377 —
378 2354 425 2394 60)
449 2355 497 2384 Sic
520 2356 550 2386 Z.
581 2355 636 2385 Gu.
664 2359 691 2387 1.
716 2356 767 2386 Ar.
791 2373 825 2379 —-
852 2356 1006 2396 pecudum

1059 1715 1138 1754 vulg.
1162 1731 1203 1737 --
1236 1713 1284 1754 61)
1307 1721 1418 1742 vocata
1441 1715 1471 1742 Z.
1504 1730 1543 1735 ——
1574 1717 1619 1751 62)
1643 1725 1661 1742 α
1685 1713 1788 1742 addidi
1812 1724 1826 1743 e
1852 1715 1908 1742 Gu.
1938 1717 1963 1746 1.
1987 1718 2014 1746 2.

1058 1775 1099 1781 --
1123 1759 1169 1795 63)
1187 1757 1336 1797 praedur.
1360 1757 1409 1786 Ar.
1434 1772 1473 1780 κ-
1500 1756 1547 1796 64)
1570 1755 1654 1784 dicta
1679 1757 1775 1787 Gu.1.
1794 1775 1831 1779 —
1857 1755 1902 1796 65)
1917 1762 2017 1785 trans-

1058 1803 1161 1829 mittat
1186 1802 1216 1832 Z,
1249 1801 1306 1830 Gu.
1330 1803 1358 1831 1.
1388 1816 1429 1822 --
1462 1801 1524 1827 sive
1556 1799 1639 1838 quod
1667 1805 1795 1830 transm.
1819 1809 1865 1828 va.
1897 1815 1937 1821 —
1967 1801 2015 1833 65)

1049 1845 1193 1883 flexuosa
1224 1844 1280 1872 Gu.
1304 1844 1332 1874 2.
1362 1858 1403 1864 —
1432 1843 1480 1881 67)
1510 1845 1578 1870 via-9
1606 1841 1661 1870 Gu.
1687 1846 1714 1873 1.
1755 1854 1794 1863 ·-
1824 1840 1873 1882 68)
1905 1843 1953 1870 Sic
1985 1843 2015 1871 Ζ.

1060 1888 1115 1917 Gu.
1136 1890 1162 1919 1.
1182 1887 1218 1915 al.
1243 1903 1286 1909 -
1308 1887 1384 1914 llem
1407 1885 1489 1923 vulg.
1516 1900 1553 1907 —·
1578 1883 1697 1912 Eadem
1720 1885 1800 1922 vulg.
1828 1902 1861 1906 —
1897 1888 1943 1922 69)
1965 1886 2015 1912 ἄι-

1060 1930 1225 1958 verticulae
1247 1930 1279 1958 Z.
1303 1945 1343 1949 ——
1366 1929 1414 1964 ΤΟ)
1437 1927 1485 1955 Sic
1513 1928 1570 1956 Gn.
1592 1930 1618 1957 1.
1639 1943 1671 1948 ——
1700 1936 1768 1955 sem.
1793 1933 1908 1956 tran-512
1933 1928 2012 1965 vulg.

1054 1988 1096 1994 —
1124 1971 1171 2011 71)
1198 1972 1247 2000 Sic
1278 1971 1327 1999 Ar.
1357 1980 1372 1998 e
1404 1972 1484 2000 serv.
1518 1970 1555 1998 ad
1578 1970 1650 1999 Aen.
1675 1970 1724 1998 IX.
1770 1970 1929 1998 Obia'cizmt
1957 1972 2010 1998 all:

1055 2020 1111 2043 etc.
1134 2032 1174 2036 —
1202 2015 1316 2042 alterae
1338 2013 1417 2051 vulg.
1443 2028 1482 2035 -ι
1515 2014 1649 2041 alternae
1673 2013 1730 2043 Gn.
1761 2016 1785 2043 l.
1818 2031 1853 2034 —
1895 2014 1940 2050 72)
1964 2013 2012 2042 Sir

1053 2057 1145 2086 Arev.
1169 2073 1210 2077 —
1240 2057 1383 2094 Competa
1404 2056 1483 2094 vulg.
1514 2071 1555 2078 —-
1582 2057 1627 2089 73)
1652 2061 1820 2094 competant
1844 2057 1874 2085 Z.
1900 2072 1944 2077 -—
1965 2057 2011 2088 742

1054 2100 1141 2138 Vulg.
1172 2098 1240 2128 add.
1269 2099 1461 2137 quatriviae,
1501 2098 1583 2137 quod
1614 2108 1671 2129 om.
1696 2099 1726 2128 Z.
1754 2098 1810 2127 Gu.
1836 2102 1863 2130 1.
1894 2113 1935 2120 -——
1967 2100 1997 2125 75

1053 2147 1078 2170 et
1103 2153 1158 2171 om.
1184 2142 1242 2172 Gu.
1265 2144 1295 2173 2.
1321 2160 1358 2164 —
1395 2143 1439 2176 76)
1463 2141 1502 2169 ab
1530 2141 1598 2169 orbe
1623 2141 1709 2169 dicta
1731 2147 1816 2169 rotae
1839 2142 1894 2170 Gu.
1918 2143 1946 2171 2.
1970 2155 2010 2161 -

1051 2184 1096 2224 77)
1115 2184 1231 2224 pedum
1252 2189 1325 2212 sunt
1347 2184 1402 2213 Gu.
1431 2187 1458 2215 2.
1485 2200 1520 2205 -
1554 2187 1598 2214 78)
1623 2187 1715 2223 signa
1747 2194 1804 2213 om.
1832 2184 1863 2212 Z.
1897 2199 1930 2204 -
1963 2182 2006 2218 79)

1047 2227 1159 2267 pedum
1185 2227 1252 2256 add.
1277 2227 1332 2256 Gu.
1349 2230 1377 2258 2.
1401 2237 1447 2256 va.
1463 2243 1504 2248 —
1523 2227 1622 2265 plant.
1642 2227 1777 2266 prim.Z.
1795 2243 1835 2248 —
1858 2224 2005 2264 80)pra‹-

1052 2272 1205 2299 currentia
1228 2271 1277 2307 Z.‚
1321 2269 1431 2298 omisso
1456 2271 1531 2299 siae.
1561 2287 1600 2292 —
1624 2272 1668 2307 81)
1693 2272 1875 2308 instigentur
1899 2267 1954 2294 Gu.
1984 2268 2004 2294 l-

1051 2317 1078 2346 2.
1103 2313 1140 2342 al.
1166 2324 1212 2352 pr.
1239 2322 1283 2342 va.
1308 2330 1348 2349 ⁴—
1373 2311 1419 2352 82)
1443 2318 1651 2351 agnoscantur
1675 2313 1706 2342 Z.
1731 2313 1786 2340 Gu.
1813 2314 1836 2339 1.
1864 2311 1890 2338 2.
1915 2307 1950 2335 al.
