2264 2830
809 87 1055 122 ORlGlNUM

1089 89 1234 123 LIBER
1262 89 1335 123 Vll.
1977 95 2051 129 231

196 187 303 221 Milia
330 185 463 219 milium
492 180 738 215 ministrabant
767 183 816 222 ei,
844 187 876 215 ct
905 183 1022 216 (let-ies
1049 180 1194 216 milics⁴¹
1223 189 1369 217 cemma
1397 186 1496 219 milia
1524 186 1734 220 assistebant
1764 189 1804 221 ei.

260 238 319 271 20.

375 235 624 270 Dominationes
652 238 725 266 sunt
746 234 782 273 ii,
812 235 868 277 qui
896 235 995 267 etiam
1025 235 1207 267 Virtutibus
1237 242 1268 268 et
1292 237 1536 281 l'rincipatibus
1560 239 1798 283 praeeminent,
1825 240 1883 283 qui
1909 251 1972 284 pro
1996 253 2049 281 eo,

95 290 188 335 quod
216 290 353 324 caeteris
378 288 575 333 angelorum
604 285 793 329 agminibus
821 286 1050 329 dominantur,
1078 287 1330 321 nominationes
1359 296 1528 325 vocantur.

257 349 317 383 21.

368 346 500 381 Throni
523 348 596 377 sunt
619 345 753 389 agmina
773 346 982 389 angelorum,
1004 346 1059 390 qui
1082 347 1201 379 Latino
1213 345 1238 364 ⁴²
1260 349 1394 391 eloquio
1417 350 1511 383 sedes
1532 351 1703 385 dicuntur:
1725 354 1757 384 et
1780 351 1888 383 vocati
1905 351 2049 393 Throni,

93 401 171 445 quia
196 401 261 434 illis
289 400 442 435 conditor
466 396 652 443 praesidet,
677 401 708 429 et
734 409 796 441 per
821 396 933 431 illos⁴³
960 409 1017 431 sua
1045 396 1202 432 iudicia⁴¹
1231 397 1421 445 disponit⁴⁵.

258 461 317 495 22.

370 458 543 493 Cherubin
571 462 682 489 autem
711 463 744 489 et
771 458 864 502 ipsae
876 455 899 475 '¹¹⁵
929 460 1087 492 sublimes
1114 460 1290 493 coelorum
1317 466 1499 504 potestates
1526 467 1559 493 vt
1586 462 1739 505 angelica
1765 462 1942 495 ministeria
1970 473 2045 506 per—

95 512 267 553 hibentur,
300 513 357 556 qui
393 522 431 543 ex
466 509 624 542 Hebraeo
651 508 908 554 interpretantur
941 511 972 543 in
1000 512 1150 555 linguam
1179 518 1324 544 nostram
1342 509 1364 528 ³⁷
1393 512 1548 545 scientiae
1576 514 1762 547 multitudo.

1817 516 1902 547 Sunt
1931 515 2017 547 enim
2026 511 2050 531 ⁴⁸

95 560 320 597 sublimiora⁴⁹
346 562 482 608 agmina
509 560 719 605 angelorum,
748 561 804 604 qui
831 573 894 606 pro
924 574 982 604 eo,
1024 563 1116 606 quod
1145 563 1280 596 vicinius
1313 564 1413 607 positi
1442 564 1552 597 divina
1580 565 1713 598 scientia
1739 567 1878 599 caeteris
1906 567 2050 611 amplius

96 620 168 650 sunt
194 615 286 661 pleni
297 611 340 655 ⁵⁰,
367 613 558 653 Cherubin,
586 612 620 644 id
649 609 728 645 est⁵¹
756 613 932 657 plenitudo
960 614 1114 648 scientiae
1141 615 1366 659 appellantur,

259 674 319 708 23.

370 673 447 717 Ipsa
474 678 547 705 sunt
574 673 642 704 duo
671 672 824 705 animalia
852 674 909 706 illa
921 671 945 691 ³²
972 671 1106 719 super¹³³3
1134 676 1410 719 propiciatorium
1439 686 1538 707 arcae
1566 675 1643 708 ficta

1656 672 1680 692 ⁵¹
1708 687 1748 709 ex
1776 676 1932 718 metallo,
1965 687 2047 721 pro-

95 732 170 772 pter
195 725 450 772 significandam
478 725 674 769 angelorum
702 725 940 769 praesentiam,
974 727 1005 758 in
1030 738 1172 770 quorum
1202 727 1313 759 medio
1342 727 1524 759 ostenditur
1550 726 1651 761 Deus.

260 785 319 819 24.
372 781 573 829 Seraphin-‘³⁶
600 796 737 827 quoque
764 785 912 818 similiter
936 787 1116 819 multitudo
1142 792 1189 820 est
1216 788 1413 831 augelorum
1428 783 1463 830 ⁵⁰,
1492 788 1549 830 qui
1578 798 1617 819 ex
1646 787 1806 820 Hebraeo
1834 787 1865 819 in
1891 786 2048 820 Latinum

94 837 269 877 ardentes,
297 837 351 870 vel
378 836 592 870 incendentes
619 836 886 880 interpretantur.

95 941 225 974 luminis
252 940 402 974 claritate
412 936 437 956 ‘⁵⁰
463 940 718 972 inflammantur.

940 839 1006 878 Qui
1035 839 1162 872 idcirco
1190 840 1343 872 ardentes
1371 844 1547 879 vocantur,
1585 839 1663 882 quia
1690 840 1774 871 inter
1798 850 1854 871 eos
1882 844 1913 871 et
1940 838 2048 870 Deum

95 889 178 922 nulli
205 889 258 922 alii
268 885 293 906 ⁵⁷
320 889 433 933 angeli
461 884 686 922 consistuntffl:
714 893 746 920 et
773 888 851 922 ideo
879 896 1004 933 quanto
1031 890 1167 923 vicinius
1194 902 1307 924 coram
1336 891 1410 924 Deo

1425 887 1448 907 ⁵⁰
1476 891 1673 932 consistunt,
1699 895 1793 923 tanto
1820 890 1926 935 magis
1948 890 2048 922 divini

261 998 321 1035 25.
376 999 475 1033 Unde
511 1005 543 1032 et
576 1000 639 1044 ipsi
673 996 817 1032 velant⁶¹
854 1000 975 1035 faciem
1012 1007 1044 1035 et
1071 1001 1178 1046 pedes
1205 1002 1347 1035 sedentis
1374 1003 1408 1034 in
1436 1002 1558 1034 throno
1587 1002 1669 1035 Dei:
1704 1008 1738 1035 et
1763 1001 1890 1035 idcirco
1917 1004 2048 1034 caetera

95 1052 293 1097 angelorum
321 1052 416 1084 turba
444 1051 558 1084 videre
584 1052 647 1085 Dei
675 1053 848 1085 essentiam
877 1054 976 1097 plene
1003 1066 1067 1087 non
1091 1054 1194 1094 valet,
1223 1054 1381 1097 quoniam
1410 1054 1584 1087 Cherubin
1597 1051 1622 1071 '⁵²
1648 1065 1722 1086 eam
1749 1054 1844 1098 tegit.

260 1111 320 1144 26.
372 1112 469 1145 Haec
494 1111 597 1156 igitur
631 1112 796 1145 vocabula
831 1115 1003 1158 agminum
1038 1114 1236 1159 angelorum
1269 1115 1314 1147 ita
1351 1119 1424 1147 sunt
1457 1114 1615 1159 specialia
1644 1113 1798 1146 ordinum
1829 1111 2046 1157 singulorum,

96 1169 130 1197 ut
155 1169 267 1196 tamen
294 1163 355 1196 sint
382 1174 422 1196 ex
445 1168 540 1208 parte
567 1164 757 1197 communia
784 1165 940 1197 omnium.
977 1167 1064 1199 Nam
1092 1166 1172 1198 dum
1199 1166 1332 1199 Throni
1355 1166 1450 1199 sedes
1472 1166 1535 1199 Dei
1558 1166 1590 1198 in
1618 1165 1829 1208 quorundam
1840 1161 1865 1181 ⁰³
1893 1162 2009 1196 ordine
2021 1158 2045 1178 θ’

95 1215 283 1261 specialiter
309 1215 542 1259 designentur,
569 1220 680 1248 tamen
710 1227 772 1259 per
800 1214 1060 1258 Psalmistmnffi,

1101 1217 1172 1262 Qui
1196 1218 1298 1250 sedes
1323 1228 1430 1262 super
1461 1217 1657 1258 Cherubin,
1686 1217 1814 1250 dicitur.

262 1266 322 1301 27.
376 1266 445 1299 Sed
473 1266 551 1299 ideo
579 1266 628 1298 isti
656 1266 789 1300 ordines
817 1268 1013 1311 angelorum
1042 1269 1177 1312 privatis
1200 1269 1386 1301 nominibus
1410 1269 1633 1312 appellantur,
1661 1268 1739 1310 quia
1764 1267 1833 1300 hoc
1859 1266 1968 1309 ipsum
1991 1263 2046 1296 of-

95 1319 210 1352 ficium
236 1319 270 1350 in
298 1317 438 1362 proprio
467 1317 584 1350 ordine
610 1316 740 1361 plenius
753 1315 777 1334 ⁶⁸

98 1382 173 1403 men
200 1370 287 1402 haec
313 1369 447 1401 nomina
461 1365 485 1384 ¹⁵⁹

804 1325 1014 1362 acceperunt.

512 1369 575 1401 suis
602 1369 772 1402 ordinibus
799 1369 1010 1413 deputantur.

1066 1320 1111 1352 Et
1138 1331 1215 1354 cum
1243 1321 1307 1352 sint
1333 1320 1486 1352 omnibus
1514 1319 1703 1352 communia
1714 1316 1756 1361 ⁶⁷,
1791 1313 1968 1363 propriam
1994 1321 2045 1347 ta-

263 1419 321 1453 28.
373 1420 564 1463 Unicuique
597 1417 749 1460 etiam⁷⁰‚
777 1421 860 1454 sicut
886 1433 985 1465 supra
1012 1422 1137 1454 dictum
1165 1417 1268 1462 estu,
1303 1421 1441 1465 propria
1477 1421 1592 1453 officia
1625 1425 1700 1454 sunt
1731 1415 1926 1459 iniunctam,
1960 1428 2046 1460 quae

95 1472 320 1518 promeruisse
347 1468 438 1504 eos⁷³
464 1472 498 1503 in
532 1471 647 1504 mundi
680 1476 809 1504 constat
844 1473 992 1507 exordio„

1046 1474 1130 1506 Nam
1159 1473 1237 1515 quia
1271 1473 1381 1516 angeli
1409 1478 1442 1505 et
1478 1473 1559 1505 locis
1595 1477 1627 1504 et
1660 1471 1852 1504 hominibus
1879 1473 2046 1514 praesunt,

96 1536 158 1569 per
180 1523 384 1569 prophetam
409 1527 546 1555 testatur
572 1522 710 1567 angelus
738 1521 901 1556 dicens⁷⁴z
929 1524 1100 1569 Princeps
1126 1524 1232 1569 regni
1258 1523 1452 1556 Persarum
1479 1524 1604 1556 restitit
1631 1523 1726 1555 mihi.

261 1574 322 1609 29.
375 1573 477 1607 Unde
503 1578 662 1618 apparet,
704 1574 833 1607 nullum
865 1575 978 1609 locum
1007 1588 1076 1609 esse
1088 1571 1130 1616 ⁷5,
1175 1575 1229 1609 cui
1256 1575 1370 1620 angeli
1397 1586 1463 1608 non
1490 1575 1635 1620 praesint
1649 1571 1684 1608 ⁷⁰.

96 1632 130 1660 et
155 1626 308 1670 auspiciis
335 1636 476 1670 operum
504 1626 662 1658 omnium.

1737 1574 1898 1607 Praesunt
1925 1570 2010 1604 enim
2022 1565 2046 1585 ⁷⁷

260 1677 319 1710 30.
374 1677 441 1710 Hic
468 1682 518 1709 est
543 1677 646 1717 ordo,
686 1677 740 1710 vel
766 1676 932 1711 distinctio
960 1677 1177 1722 angelornm,
1218 1677 1276 1721 qui
1305 1682 1383 1722 post
1408 1677 1541 1721 lapsum
1577 1677 1743 1710 malorum
1778 1676 1811 1707 in
1836 1674 1970 1708 caelesti
1996 1673 2045 1705 vi-

94 1740 180 1775 gore
204 1733 372 1762 steterunt.
425 1728 510 1761 Nam
537 1734 716 1773 postquam
744 1734 916 1774 apostatae
948 1730 1061 1774 angeli

96 1823 126 1857 7⁷
142 1823 191 1852 10,
213 1836 254 1843 —
276 1818 324 1860 42)
348 1821 381 1847 in
401 1821 518 1848 Latino
542 1820 597 1849 Gu.
620 1823 650 1852 2.
672 1838 715 1843 -
750 1822 796 1854 43)
819 1821 868 1849 Sic
883 1821 941 1849 Gu.
965 1824 992 1851 1.
1009 1837 1049 1843 —

96 1864 184 1902 Vulg.
202 1874 257 1901 per
281 1873 337 1891 eoS.
361 1880 398 1885 —
422 1864 467 1893 44)
490 1863 539 1891 Sic
560 1864 614 1893 Gu.
633 1867 659 1895 1.
681 1879 722 1885 —
745 1864 866 1891 iudicia
889 1875 947 1891 Sua
970 1864 1049 1901 vulg.

96 1922 137 1929 ——
165 1908 210 1940 45)
234 1906 283 1933 Sic
311 1906 367 1933 Gu.
385 1907 412 1936 1.
434 1907 464 1936 2.
481 1905 529 1934 Ar.
549 1923 584 1927 —
614 1906 700 1945 Vulg.
726 1906 856 1935 decernit
880 1907 926 1934 t'el
947 1905 1050 1944 dispo-

96 1950 151 1978 ηἰΙ.
174 1963 214 1971 -—
245 1948 295 1976 vel
315 1947 451 1985 disponit
473 1958 532 1978 om.
557 1958 604 1977 va.
638 1964 678 1971 -—-
707 1949 755 1988 46)
785 1951 846 1988 ipsi
868 1950 917 1977 Ar.
941 1959 986 1976 va.
1009 1966 1051 1970 -—

95 1992 144 2029 47)
162 1991 210 2019 Sic
234 1991 291 2019 Gu.
316 1994 341 2021 1.
365 2006 408 2011 —
433 1990 519 2028 Vulg.
544 1992 578 2018 in
600 1991 675 2030 ling.
703 1997 795 2020 nostr.
827 1994 978 2030 interpret.
1009 2008 1050 2012 —

96 2032 144 2074 48)
166 2033 214 2062 Sic
233 2034 289 2061 Gu.
305 2035 332 2063 1.
347 2034 377 2062 2.
397 2032 446 2061 Ar.
463 2049 505 2054 —
527 2039 627 2062 autem
649 2034 729 2072 vulg.
753 2052 792 2056 ——
817 2036 865 2072 49)
883 2035 1048 2062 sublimio-

96 2086 167 2104 rum
179 2077 217 2105 al.
231 2086 295 2104 var.
312 2075 379 2103 lect.
403 2085 450 2114 ap.
473 2075 563 2104 Goth.
587 2094 625 2099 —
651 2078 697 2116 50)
717 2078 765 2106 Sic
780 2078 836 2106 Gu.
858 2081 886 2108 1.
904 2094 941 2098 -
961 2077 1048 2112 Vulg.

92 2119 179 2158 pleni
202 2124 283 2147 sunt.
309 2133 346 2139 —
367 2118 454 2156 pleni
477 2128 535 2146 orn.
557 2117 627 2147 edit.
650 2119 740 2148 Goth.
760 2135 802 2143 -—
825 2119 871 2158 51)
890 2120 939 2147 Sic
955 2120 1010 2148 Gn.
1024 2121 1049 2149 1.

97 2164 126 2194 2.
140 2171 187 2190 va.
208 2177 249 2184 --
267 2161 323 2188 lzoc
345 2166 387 2187 est
402 2160 483 2197 vulg.
512 2159 577 2190 Om.
592 2171 638 2199 pr.
658 2178 694 2182 —
718 2163 765 2200 52)
782 2163 840 2190 illa
863 2162 923 2191 duo
947 2162 1003 2190 Gu.
1020 2164 1048 2192 2.

97 2204 135 2233 Ut
156 2214 228 2241 nos,
250 2203 292 2231 sic
317 2203 373 2233 Gu.
392 2206 417 2233 1.
435 2219 474 2224 —
499 2202 584 2240 Vulg.
608 2202 669 2230 duo
686 2204 752 2234 illa.
769 2222 804 2226 —
830 2208 875 2243 53)
890 2216 987 2243 supra
1002 2215 1048 2244 pr.

97 2262 140 2269 —
160 2247 209 2283 54)
229 2247 336 2283 factae
360 2246 417 2275 Gn.
443 2248 469 2275 1.
491 2261 529 2266 —-
561 2247 609 2281 55)
628 2246 786 2284 Seraphim
809 2248 864 2276 Gu.
887 2252 914 2280 2.
940 2264 977 2269 -—
1000 2247 1048 2286 56)

97 2289 147 2317 Sic
166 2289 223 2318 Gu.
240 2291 267 2320 1.
288 2304 330 2310 -
351 2288 436 2315 mult.
468 2287 568 2325 angel.
592 2293 634 2315 est
656 2289 735 2326 vulg.
764 2305 806 2311 —-
839 2290 885 2329 57)
909 2290 967 2318 alii
990 2300 1047 2318 om.

98 2332 149 2361 Ar.
172 2347 214 2353 -—
236 2333 284 2368 58)
301 2332 472 2358 consistunt
496 2340 553 2358 om.
569 2340 615 2368 pr.
637 2347 678 2352 —
699 2332 747 2368 59)
765 2342 796 2359 eo
820 2333 876 2362 Gu.
892 2335 920 2363 2.
943 2333 1047 2361 Ar.—

97 2373 143 2413 60)
160 2374 209 2402 Sic
227 2374 283 2402 Gu.
306 2377 333 2405 1.
353 2388 395 2394 —
426 2373 513 2412 Vulg.
535 2373 610 2402 clar.
639 2372 735 2404 divin.
757 2374 830 2403 lum.
855 2391 897 2398 —
927 2378 975 2413 61)
999 2374 1048 2403 vel

1094 1729 1305 1771 ceciderunt,
1340 1729 1376 1761 hi
1409 1725 1688 1774 perseverantia⁷⁸
1714 1733 1868 1761 aeternae
1903 1725 2046 1758 beatitu-

1093 1827 1162 1850 ante
1185 1821 1242 1850 Gu.
1263 1824 1292 1853 2.
1314 1838 1357 1843 -
1385 1822 1430 1858 62)
1453 1822 1502 1850 Sic
1519 1822 1576 1850 Gu.
1598 1824 1622 1852 1.
1639 1821 1674 1849 al.
1692 1836 1731 1842 —-
1758 1818 1917 1848 Cherubim
1940 1818 1995 1848 Gu.
2014 1819 2043 1847 2.

1094 1881 1132 1886 -
1152 1865 1237 1902 Vulg.
1261 1864 1420 1902 Seraphin,
1437 1880 1473 1886 -—
1499 1862 1545 1903 63)
1564 1863 1646 1901 Vulg.
1669 1863 1737 1891 add.
1754 1862 1943 1900 angelorum,
1965 1860 2045 1898 quod

1093 1918 1151 1937 om.
1176 1908 1231 1936 Gu.
1261 1911 1286 1938 1.
1313 1923 1355 1928 -
1385 1906 1434 1945 64)
1450 1906 1570 1934 ordines
1594 1907 1649 1934 Gu.
1671 1909 1702 1937 2.
1725 1905 1764 1934 al.
1791 1921 1834 1926 ——
1869 1906 1919 1940 65)
1945 1909 2045 1930 tamen

1090 1950 1257 1988 psalmista
1282 1950 1340 1978 Gu.
1359 1952 1387 1980 2.
1427 1951 1523 1977 Locus
1546 1954 1590 1978 est
1610 1949 1717 1977 Psalm.
1736 1951 1786 1984 80,
1804 1950 1834 1978 2.
1856 1963 1899 1968 -
1921 1944 1968 1984 66)
1979 1945 2045 1983 ple-

1093 1994 1165 2020 nius
1189 2004 1248 2022 om.
1268 1992 1337 2020 edit.
1360 1991 1496 2020 Gothofr.
1520 2008 1553 2013 —
1584 1993 1631 2029 67)
1647 1992 1753 2029 officia
1775 2000 1851 2018 omn.
1874 1998 1978 2016 comm.
1996 1997 2042 2015 va.

1092 2051 1134 2056 --
1150 2036 1254 2073 officia
1279 2037 1453 2062 communia
1477 2036 1532 2063 Gu.
1554 2036 1582 2065 2.
1606 2051 1640 2055 -
1664 2035 1711 2072 68)
1723 2034 1848 2072 proprie
1871 2032 1927 2060 Gu.
1943 2032 1974 2061 2.
1994 2040 2042 2059 va.

1092 2094 1134 2098 —
1155 2081 1202 2113 69)
1222 2078 1297 2105 llaec
1321 2082 1347 2104 «ι
1369 2088 1448 2107 nom.
1472 2077 1528 2107 Gu.
1544 2080 1571 2109 2.
1589 2087 1635 2105 va.
1653 2093 1694 2098 —
1716 2078 1760 2114 70)
1782 2077 1861 2103 enim
1884 2074 1940 2101 Gu.
1955 2073 2042 2104 2.Ar.

1094 2136 1132 2142 --
1160 2120 1208 2159 71)
1233 2121 1281 2148 Sic
1307 2120 1363 2148 Gu.
1388 2123 1414 2150 1.
1437 2136 1478 2142 —·-
1502 2119 1699 2158 praedictum
1720 2119 1803 2155 vulg.
1828 2133 1869 2139 —
1897 2114 1945 2154 72)
1969 2126 2041 2143 con-

1093 2164 1201 2191 iuncta
1225 2164 1280 2191 Gu.
1297 2165 1321 2193 1.
1343 2179 1380 2184 —
1397 2168 1469 2190 sunt
1493 2174 1549 2193 om,
1569 2173 1617 2191 va.
1633 2179 1674 2183 --
1696 2163 1741 2198 73)
1761 2161 1809 2188 Sic
1829 2160 1884 2188 Gu.
1902 2161 1928 2189 1.
1944 2161 1973 2190 2.
1993 2158 2040 2185 Ar.

1092 2221 1134 2226 —
1156 2217 1203 2233 eos
1222 2215 1354 2243 promer.
1376 2206 1454 2242 vulg.
1478 2221 1520 2227 ——
1549 2207 1691 2232 meruisse
1712 2214 1761 2232 eos
1783 2204 1820 2232 al.
1848 2217 1888 2223 --·
1916 2203 1960 2236 Τά)
1982 2200 2039 2226 Da-

1092 2248 1159 2276 niel.
1182 2251 1230 2282 10,
1254 2249 1300 2279 13.
1326 2263 1366 2269 —
1396 2249 1445 2285 75)
1469 2248 1517 2276 Sic
1541 2248 1596 2276 Gu.
1616 2251 1642 2278 1.
1663 2263 1706 2269 --
1739 2257 1800 2274 esse
1831 2246 1928 2273 locum
1956 2241 2037 2277 vulg.

1092 2308 1130 2312 —
1152 2291 1200 2329 76)
1225 2290 1274 2318 Sic
1298 2290 1355 2318 Gu.
1372 2292 1397 2320 1.
1412 2292 1440 2321 2.
1458 2300 1503 2329 pr.
1518 2301 1564 2319 va.
1584 2291 1633 2318 Ar.
1662 2306 1701 2311 --
1720 2293 1867 2327 praesunt
1887 2284 1966 2320 vulg.
1997 2297 2037 2329 —'-

1088 2335 1133 2365 77)
1157 2335 1235 2361 enim
1259 2343 1314 2362 om.
1339 2333 1395 2363 Gu.
1413 2336 1440 2365 2.
1462 2345 1502 2356 -—
1536 2332 1582 2372 78)
1607 2332 1693 2370 Vulg.
1718 2334 1750 2360 in
1770 2339 1899 2370 perseam,
1931 2324 1980 2354 sed
2004 2334 2034 2350 m

1088 2384 1146 2404 om.
1168 2376 1224 2405 Gu.
1243 2378 1269 2408 1.
1292 2375 1330 2405 al.
1346 2385 1394 2404 va.
