2264 2830
803 109 1050 145 ORIGINUM
1089 112 1234 148 LIBER
1263 116 1354 152 Vlll.

1979 121 2054 156 269

270 207 327 240 16.
381 207 488 241 Arioli
516 207 624 242 vocati
637 203 678 249 ³⁰,
706 212 847 252 propter
874 206 966 250 quod
996 207 1084 241 circa
1112 221 1184 242 aras
1210 211 1380 245 idolorum
1408 211 1549 245 nefarias
1577 223 1695 256 preces
1731 213 1901 253 emittunt,
1938 222 1971 247 et
1998 216 2051 249 fu-

100 266 192 296 nesta
220 260 381 293 sacrificia
406 259 569 299 offerunt,
597 260 702 302 iisque
731 259 978 292 celebritatibus
1000 259 1203 295 daemonum
1233 275 1390 307 responsa
1418 260 1629 307 accipiunt³¹.

581 308 593 327 2

267 311 325 345 17.
377 312 556 355 Aruspices
567 307 578 326 ³

619 312 816 355 nuncupati,
846 311 937 354 quasi
965 311 1124 344 horarum
1138 311 1162 329 ³2⁵
1191 315 1426 359 inspectatores
1440 313 1481 347 ³⁸:
1509 315 1580 347 dies
1604 316 1690 348 enim
1712 321 1745 348 et
1763 315 1865 349 horas
1889 317 1921 349 in
1948 329 2053 361 agen-

101 365 153 398 dis
180 364 322 409 negotiis
350 363 574 407 operibusque
598 363 807 401 custodiunt,
836 369 868 395 et
894 362 974 405 quid
1002 375 1065 407 per
1092 365 1221 410 singula
1249 373 1402 412 tempora
1429 367 1607 399 observare
1636 368 1759 401 debeat
1786 367 1910 409 homo,
1947 369 2053 402 inten-

103 417 186 451 dunt
200 414 234 449 35.

289 415 374 447 Exta
403 414 501 447 etiam
530 414 564 446 hi
592 415 762 459 pecudum
790 415 983 459 inspiciunt,
1012 421 1044 447 et
1072 427 1110 448 ex
1139 418 1183 449 eis
1211 419 1321 450 futura
1348 415 1588 463 praedicunt³⁰.

268 466 325 499 18.
378 462 569 510 Augures³⁷
596 473 687 508 sunt,
715 467 770 510 qui
798 468 926 499 volatus
954 467 1063 499 avium
1098 474 1129 500 et
1156 480 1254 502 voces
1282 471 1471 511 intendunt,
1506 466 1673 512 aliaque³⁸
1700 470 1795 514 signa
1829 482 1961 515 rerum,
2005 473 2055 505 vel

103 519 349 555 observationes
376 518 570 562 improvisas
597 518 788 552 hominibus
809 524 1030 553 occurrentes.

103 573 259 608 facientes
285 569 470 604 observant,

1081 519 1187 553 Iidem
1217 527 1249 553 et
1275 522 1436 567 auspices

1490 522 1576 554 Nam
1603 522 1750 565 auspicia
1769 528 1861 564 sunt,
1887 535 1973 567 quae
1995 524 2057 557 iter

266 620 326 657 19.
381 621 479 655 Dicta
506 626 616 654 autem
646 628 719 654 sunt
732 618 756 638 ³⁰
780 622 944 667 auspicia,
986 622 1078 665 quasi
1106 624 1215 656 avium
1245 624 1387 668 aspicia,
1425 629 1458 656 et
1485 625 1644 670 auguria,
1679 625 1770 667 quasi
1799 626 1909 658 avium
1936 627 2057 671 garria,

102 675 170 709 hoc
197 680 243 707 est
264 673 372 705 avium
400 684 516 713 voces,
547 678 579 705 et
602 670 783 719 linguae‘¹⁰.

840 674 922 706 ltem
951 675 1145 718 arrgurfflm,
1174 676 1265 718 quas-i
1295 673 1532 721 avigerium⁴¹7
1562 675 1654 720 quod
1679 688 1754 709 aves
1783 683 1913 721 gerunt.

266 724 326 758 20.
379 725 456 757 Duo
483 731 556 757 sunt
583 733 694 758 autem
706 722 730 742 ⁴²
751 737 876 770 genera
901 727 1142 770 auspiciorum:
1171 739 1273 760 unum
1302 728 1344 760 ad
1368 728 1501 762 oculos:
1529 729 1670 762 alterum
1695 728 1739 760 ad
1765 740 1859 761 aures
1881 730 2056 773 pertinens.

102 777 156 812 Ad
185 776 302 811 oculos
331 776 457 810 scilicet
484 777 628 810 volatus:
655 777 698 810 ad
728 789 821 810 aures
850 789 913 810 vox
941 778 1059 810 avium.

268 827 327 860 21.

228 915 233 918 ,
268 879 328 913 22.

267 931 327 964 23.

383 826 634 872 Ρ)’ῑῐιοηίεεειε”
661 841 679 862 a
707 829 829 873 Pythio
857 830 1017 873 Apolline
1045 826 1208 872 ‹lictae²⁴‚
1244 831 1336 874 quod
1365 832 1390 864 is
1418 837 1535 865 auctor
1563 831 1659 865 fuerit
1688 831 1867 866 divinandi.

383 881 557 925 Astrologi
585 880 681 922 dicti,
711 892 751 913 eo
780 881 871 924 quod
893 881 924 913 in
949 881 1040 914 astris
1068 879 1326 926 auguriantur⁴⁷².

383 928 632 965 Genethliaci⁴⁶
665 933 828 977 appellati
870 939 1011 977 propter
1046 930 1312 968 nataliciorum⁴⁷
1355 934 1637 967 considerationes
1651 931 1675 950 ⁴⁸

1710 934 1849 967 dierum.
1912 933 2060 967 Geneses

103 985 190 1019 enim
217 982 393 1016 hominum
406 980 430 1000 ⁴⁹
456 995 519 1029 per
546 984 726 1018 duodecim
754 985 840 1018 coeli
867 985 961 1030 signa
990 985 1200 1025 describunt,
1229 987 1442 1029 siderumque
1471 998 1567 1019 cursu
1592 987 1798 1020 nascentium
1822 996 1941 1027 mores,
1969 992 2060 1019 actus

104 1043 137 1071 et
149 1033 175 1053 ⁵⁰
201 1041 336 1069 eventus
349 1031 373 1052 5¹
400 1036 597 1079 praedicare
609 1032 634 1053 ⁵²
670 1042 848 1078 conantur,
886 1037 920 1069 id
949 1043 1013 1079 est„
1049 1038 1122 1081 quis
1149 1039 1241 1081 quali
1274 1038 1370 1083 signo
1398 1038 1497 1071 fuerit
1526 1044 1640 1080 natus,
1683 1043 1738 1070 aut
1765 1049 1864 1081 quem
1901 1037 2060 1071 effectum

102 1088 228 1122 habeat
254 1087 340 1120 vitae
367 1088 423 1130 qui
449 1088 599 1121 nascitur.

269 1138 327 1171 24.
383 1139 429 1171 Hi
456 1145 545 1183 sunt,
573 1140 630 1183 qui
658 1141 762 1185 vulgo
790 1140 1025 1174 Mathematici
1052 1146 1232 1183 vocantur,
1268 1143 1360 1175 cuius
1388 1141 1624 1186 superstitionis
1652 1152 1757 1186 genus
1785 1139 2061 1174 Constellationes

103 1192 213 1226 Latini
238 1196 358 1224 vocant
369 1187 410 1232 ⁵³,
437 1191 471 1223 id
501 1198 550 1224 est
577 1192 762 1224 notationes
790 1192 956 1233 siderum,
983 1193 1157 1235 quomodo
1186 1205 1220 1226 se
1247 1193 1395 1226 habeant
1406 1191 1448 1233 ⁵⁴,
1477 1204 1553 1226 cum
1581 1190 1688 1236 quis5'5
1714 1193 1866 1226 nascitur.

269 1241 327 1275 25.

380 1243 528 1275 Primum
558 1249 668 1276 autem
696 1243 796 1276 iidem
829 1244 998 1276 stellarum
1027 1245 1225 1288 interpretes
1253 1245 1344 1288 magi
1381 1241 1713 1288 nuncupabantur⁵⁶‚
1749 1244 1831 1276 sicut
1859 1242 1902 1274 de
1930 1241 1981 1273 his
2009 1241 2061 1274 le-

105 1295 209 1341 gitur,
237 1295 293 1338 qui
313 1290 382 1326 ὶιι5ἲ
411 1295 598 1339 Evangelio
627 1300 739 1326 natum
768 1294 938 1327 Christum
967 1295 1263 1334 annunciaverunt;
1291 1302 1408 1339 postea
1436 1295 1506 1328 hoc
1533 1295 1667 1327 nomine
1696 1294 1761 1326 soli
1789 1293 2034 1326 Mathematici.

271 1345 330 1377 26.
763 1341 788 1362 ⁵³

386 1344 486 1378 Cuius
514 1346 590 1377 artis
619 1346 752 1378 scientia

811 1357 914 1388 usque
943 1346 984 1377 ad
1015 1346 1238 1391 Evangelium
1267 1348 1328 1380 fuit
1356 1358 1523 1387 concessa,
1551 1352 1586 1379 nt
1597 1342 1621 1363 ⁵⁹
1650 1345 1784 1379 Christo
1808 1345 1899 1378 edito
1910 1341 1935 1361 55
1962 1355 2061 1377 nemo

107 1396 225 1431 exinde
251 1397 456 1429 nativitatem
485 1397 623 1430 alicuius
652 1396 695 1429 de
723 1398 820 1431 coelo
848 1398 1128 1441 interpretaretur.

271 1447 329 1480 27.

104 1511 201 1534 verso
228 1505 313 1532 statu
323 1496 357 1533 ⁶¹.

391 1449 585 1493 Horoscopi
622 1448 701 1482 dicti
712 1475 721 1491 ,

777 1449 870 1492 quod
909 1448 1009 1481 horas
1053 1449 1228 1482 nativitatis
1276 1450 1451 1482 hominum
1487 1449 1703 1493 speculantur
1744 1447 1893 1480 dissimili
1935 1451 1968 1479 et
2008 1445 2062 1478 di-

271 1550 330 1583 28.
383 1547 580 1595 Sortilegi⁶²
619 1547 743 1591 sunt⁸³‚
789 1551 846 1593 qui
874 1551 934 1583 sub
965 1552 1101 1585 nomine
1127 1552 1227 1584 fictae
1261 1551 1434 1595 religionis
1468 1562 1530 1595 per
1563 1550 1725 1594 quasdam
1760 1561 1841 1593 quas
1875 1553 2062 1582 sanctorum

105 1608 209 1636 sortes
234 1606 372 1643 vocant,
401 1602 609 1635 divinationis
635 1599 842 1636 scientiamfi*

104 1655 214 1689 futura
235 1654 442 1700 promittunt,

272 1705 332 1740 29.

876 1603 1094 1647 profitentur,
1138 1609 1193 1637 aut
1226 1599 1540 1647 quarumcunque⁶³
1580 1602 1817 1647 scripturarum
1859 1600 2062 1645 inspectione

385 1706 579 1739 Salisatores
605 1706 713 1739 vocati
742 1711 834 1745 sunt,
862 1706 940 1749 quia
951 1704 975 1723 55
1000 1707 1080 1740 dum
1108 1708 1153 1740 eis
1181 1706 1409 1739 membrorum
1438 1717 1660 1750 quaecunque
1680 1710 1792 1750 partes
1819 1704 1973 1745 salierint‚
1998 1702 2061 1735 ali-

106 1758 187 1802 quid
215 1757 276 1791 sibi
303 1757 421 1791 exinde
449 1769 665 1802 prosperum,
694 1769 750 1791 seu
761 1754 784 1774 ⁶⁷
813 1758 903 1790 triste
935 1756 1150 1803 signiticari⁰⁸
1177 1758 1377 1803 praedicunt
1388 1754 1422 1789 ⁶⁹.

272 1808 333 1843 30.
384 1809 439 1842 Ad
467 1809 554 1843 haec
580 1810 691 1842 omnia
718 1810 882 1854 pertinent
916 1816 949 1843 et
976 1811 1141 1856 ligaturae
1169 1810 1406 1844 execrabilium
1433 1809 1680 1849 remediorum,
1715 1819 1802 1851 quae
1829 1818 1880 1839 ars
1909 1805 2059 1839 medico-

110 1897 135 1924 1.
156 1892 193 1921 al.
213 1908 253 1914 —
281 1898 375 1920 artem
397 1893 476 1931 vulg.
500 1910 541 1915 —
569 1894 616 1933 30)
638 1894 715 1922 dicti
738 1895 767 1922 Z.
790 1911 831 1916 —
863 1892 910 1934 31)
935 1896 1060 1933 capiunt

108 1936 163 1964 Gu.
185 1938 214 1967 2.
238 1951 280 1957 —-
313 1937 359 1971 32)
383 1936 518 1975 Auru-sp.
542 1937 571 1965 Z.
598 1955 637 1959 —
665 1938 715 1977 33)
737 1947 863 1965 orarum
879 1938 916 1966 al.
935 1954 968 1958 —-
992 1948 1062 1966 ara-

107 1988 174 2007 rum
196 1978 233 2006 al.
256 1993 296 1999 --
319 1979 365 2013 34)
390 1979 568 2017 inspectore-s·
588 1980 637 2011 Ar.
659 1990 707 2019 pr.
729 1990 775 2008 va.
802 1997 841 2001 —
871 1980 916 2018 35)
933 1980 1062 2008 intendit

107 2022 137 2050 Z.
165 2037 202 2042 —
240 2018 286 2060 36)
304 2019 489 2058 praedicant
511 2022 549 2050 al.
573 2039 614 2043 —
642 2024 725 2052 Exta
748 2024 841 2051 etiam
870 2023 905 2051 lzi
936 2033 992 2062 pro
1017 2024 1064 2051 Ha·

108 2065 200 2092 etiam
223 2069 290 2091 exta
312 2063 418 2102 scripsi
442 2074 457 2093 e
481 2065 578 2096 Gu.1.
602 2080 639 2086 —
663 2067 711 2094 Hi
732 2068 809 2094 enim
834 2068 925 2094 etiam
948 2072 1014 2093 exta
1030 2067 1063 2097 Ζ.

107 2122 149 2128 —
171 2107 247 2134 extis
272 2115 328 2144 pro
360 2116 393 2133 ex
415 2106 465 2134 his
489 2107 545 2135 Gu.
570 2110 596 2138 1.
619 2123 660 2129 —-
697 2108 744 2147 37)
770 2109 857 2146 Vulg.
885 2109 954 2139 add.
987 2120 1062 2146 vero,

108 2149 192 2188 quod
215 2158 273 2179 om.
296 2149 327 2178 Z.
353 2149 408 2178 Gu.
428 2152 454 2181 1.
471 2151 500 2180 2.
517 2150 568 2180 Ar.
589 2167 632 2171 —
653 2150 699 2190 38)
715 2151 782 2179 alta
805 2162 941 2191 quaeque
964 2152 1062 2184 Gu.2.

108 2208 150 2214 —
178 2190 225 2231 39)
249 2191 298 2220 Sic
321 2191 377 2220 Gu.
404 2195 429 2222 1.
450 2195 477 2223 2.
506 2209 543 2214 -
573 2193 670 2220 Dicta
692 2199 764 2222 sunt
794 2201 893 2223 aulem
916 2195 997 2233 vulg.
1020 2210 1063 2216 -

108 2235 153 2271 40)
177 2234 305 2273 linguas
328 2235 385 2264 Gu.
411 2237 436 2264 1.
460 2237 489 2266 2.
513 2234 551 2263 al.
573 2250 615 2256 —
638 2237 684 2272 41)
709 2238 864 2266 aviarium
887 2239 917 2268 Ζ,
948 2255 982 2259 -
1014 2238 1062 2273 4Ξ)

108 2283 210 2305 autem
233 2287 290 2306 om.
312 2276 384 2306 edit.
410 2276 499 2306 Goth.
527 2293 567 2299 —
597 2276 644 2315 43)
662 2278 710 2306 Sic
733 2279 764 2309 Z.
789 2280 888 2312 Gu,1,
905 2283 932 2312 2,
957 2290 1002 2319 pr.
1017 2290 1060 2308 va.

108 2335 150 2342 —
173 2320 262 2358 Vulg.
284 2320 446 2357 Rttlzones.
472 2338 506 2342 —
532 2320 578 2357 44)
601 2318 677 2348 dicti
700 2321 749 2350 Ar.
771 2338 813 2344 -—
835 2322 1062 2361 45)az1guran.

111 2367 160 2390 {ur
182 2362 252 2392 edit.
275 2362 366 2392 Goth.
390 2363 446 2391 Gu.
468 2365 496 2394 2.
519 2361 569 2391 Ar.
587 2372 634 2391 va.
658 2381 693 2384 —
725 2363 773 2401 46)
792 2365 979 2394 Genitaliaci
1006 2366 1062 2394 Gu.

113 2411 139 2438 2.
155 2421 195 2427 —
217 2406 264 2443 47)
285 2405 336 2435 Sic
358 2406 415 2435 Gu.
434 2408 462 2438 1.
479 2421 522 2428 —
543 2405 699 2435 natalium
723 2407 803 2446 vulg.
827 2424 864 2430 —
887 2411 933 2443 48)
958 2409 1006 2437 Sic
1030 2409 1062 2438 Z.

1106 1895 1161 1923 Gn.
1181 1898 1207 1926 1.
1233 1896 1283 1924 Ar.
1308 1911 1344 1916 —
1371 1893 1641 1922 con-siderationem
1663 1893 1745 1931 vulg.
1769 1909 1811 1915 —
1840 1893 1885 1927 49)
1903 1892 2059 1918 hominum

1106 1939 1143 1968 al.
1167 1948 1225 1966 om.
1247 1954 1291 1960 —
1313 1940 1360 1975 50)
1383 1943 1408 1965 et
1432 1947 1490 1966 om.
1517 1936 1571 1965 Gu.
1590 1939 1616 1967 1.
1631 1938 1660 1967 2.
1682 1951 1723 1957 -
1754 1937 1800 1972 51)
1822 1940 1927 1963 eventa
1951 1934 2007 1964 Gu.
2030 1936 2057 1963 2.

1106 1981 1144 2010 al.
1167 1990 1231 2011 var.
1256 1981 1323 2009 lect.
1350 1990 1398 2019 ap.
1422 1978 1511 2008 Goth.
1533 1995 1575 2000 —
1597 1977 1643 2017 5⁵2)
1665 1976 1841 2018 praedicere
1865 1977 1916 2006 Ar.
1943 1993 1981 1998 —-
2012 1978 2056 2011 53)

1107 2029 1215 2052 vocant
1238 2023 1346 2052 Latini
1361 2023 1395 2052 Z.
1418 2038 1459 2044 —
1481 2019 1527 2061 54)
1544 2021 1594 2050 Sic
1611 2022 1666 2050 Gn.
1680 2024 1706 2052 1.
1725 2021 1775 2050 Ar.
1790 2037 1832 2043 —
1851 2020 1963 2048 haheat
1977 2018 2058 2056 vulg.

1105 2083 1147 2088 —
1169 2069 1217 2102 55)
1238 2067 1287 2094 Sic
1311 2067 1365 2094 Gu.
1383 2068 1409 2097 1.
1427 2081 1464 2086 -—·
1483 2066 1612 2103 quisque
1634 2064 1716 2102 vulg.
1736 2080 1778 2086 —
1804 2063 1853 2102 56)
1873 2072 2057 2101 nuncupan-

1106 2115 1156 2137 tur
1177 2119 1221 2148 pr.
1244 2125 1286 2131 —
1315 2112 1362 2144 57)
1384 2109 1415 2136 in
1440 2107 1543 2136 addidi
1567 2118 1582 2137 e
1605 2107 1663 2137 Gu.
1685 2110 1712 2139 1.
1728 2107 1766 2136 al.
1791 2117 1837 2146 pr.
1855 2116 1900 2134 va.
1923 2121 1959 2126 -
1986 2103 2055 2132 cod.

1107 2152 1214 2182 Zittav.
1239 2162 1295 2181 om.
1312 2162 1362 2182 vv.
1381 2152 1413 2178 in
1433 2162 1530 2189 evang
1532 2171 1632 2179 .....
1656 2151 1742 2178 artis.
1769 2166 1803 2170 —
1829 2150 1878 2185 53)
1896 2148 2054 2177 inscientia

1107 2195 1137 2225 Z.
1160 2212 1202 2216 —
1224 2197 1267 2229 59]
1288 2194 1342 2222 ubi
1357 2195 1388 2223 Z.
1411 2211 1444 2215 —
1472 2193 1520 2233 60)
1547 2193 1667 2222 Christo
1691 2191 1774 2220 edita
1795 2191 1918 2230 gothici.
1940 2206 1981 2212 ·—
2007 2191 2051 2218 51)

1107 2238 1154 2266 Sic
1173 2238 1228 2266 Gu.
1247 2241 1275 2269 1.
1289 2254 1328 2259 —
1340 2238 1417 2274 fatu
1431 2236 1513 2274 vulg.
1530 2237 1656 2273 —fatu
1673 2236 1704 2267 Ζ,
1726 2235 1782 2264 Gu.
1799 2238 1827 2267 2.
1851 2244 1898 2265 va.
1913 2232 2051 2268 -facto

1106 2279 1143 2310 al.
1165 2285 1192 2309 et
1211 2290 1274 2310 var.
1294 2280 1362 2309 lect.
1387 2290 1434 2319 ap.
1453 2278 1543 2309 Goth.
1569 2297 1608 2301 —
1627 2279 1757 2316 factum
1779 2277 1816 2306 al.
1839 2293 1877 2298 —-
1900 2278 1944 2308 ΘΞ)
1957 2272 2051 2300 Sorti-

1105 2323 1170 2361 logi
1190 2324 1220 2353 Z.
1243 2333 1290 2353 va.
1315 2339 1357 2344 —
1390 2321 1436 2362 63)
1460 2321 1537 2350 dicti
1559 2328 1630 2349 sunt
1644 2322 1676 2351 Z.
1696 2337 1739 2342 —
1764 2322 1807 2354 64)
1827 2317 2004 2345 sententiam
2018 2314 2049 2342 Z.

1107 2381 1144 2386 —
1169 2364 1216 2404 65)
1240 2376 1429 2404 quarumque
1451 2365 1482 2395 Ζ.
1508 2381 1547 2387 -
1571 2367 1617 2399 66)
1641 2365 1696 2402 qui
1715 2364 1746 2391 Z.
1766 2378 1806 2383 —-
1831 2358 1877 2398 67)
1895 2358 1941 2386 vel
1961 2357 1992 2384 Z.
2007 2371 2050 2377 —

1105 2408 1153 2446 63)
1170 2409 1219 2437 Sic
1241 2409 1298 2439 Gu.
1314 2412 1340 2441 1.
1358 2425 1394 2430 —
1407 2408 1584 2447 signficare
1598 2407 1680 2444 vulg.
1700 2421 1736 2426 —
1756 2402 1802 2441 69)
1814 2399 1995 2439 praedicant
2011 2398 2048 2427 al·
