2255 2819
224 115 299 149 474
921 115 1095 149 lSIDORl
1121 116 1300 151 HISPAL.
1329 116 1472 151 EPISC.

326 208 446 242 Cubile
475 204 574 240 vero¹
603 205 746 239 cubandi
773 205 864 240 locus
891 212 946 239 est.

324 256 520 295 Secessus²‚
548 257 638 300 quod
667 257 707 288 sit
733 258 826 290 locus
852 263 1013 299 secretus,
1042 258 1077 290 id
1106 265 1154 292 est
1180 262 1249 293 sine
1275 271 1418 294 accessu.

388 311 444 342 10.
499 308 721 341 Diversorium
749 309 892 349 dictum,
921 321 960 343 eo
989 310 1080 353 quod
1109 323 1148 344 ex
1175 312 1310 344 diversis
1335 313 1391 344 viis
1419 311 1462 344 ibi
1484 315 1705 349 conveniatur.

323 361 513 404 Hospitium
540 371 648 393 sermo
677 360 825 394 Graecus
852 366 917 402 est,
946 362 1002 395 ubi
1029 363 1102 405 quis
1130 363 1173 395 ad
1200 369 1330 407 tempus
1359 363 1515 407 hospitali
1541 365 1612 398 iure
1642 366 1821 404 inhabitat.
1857 372 1890 398 et
1915 362 2057 398 iterum³
2083 367 2160 399 inde

220 413 374 447 transiens
402 412 532 455 migrat.
584 411 667 445 Inde
695 417 726 444 et
754 417 930 453 metatum,
958 410 1076 456 qu0d⁴
1110 419 1263 449 mutatur.
1325 415 1424 447 Unde
1452 412 1507 447 et5
1538 416 1678 462 legitur:
1721 422 1752 452 et
1782 421 1902 450 castra
1927 418 2049 451 metati
2082 422 2159 451 sant

218 475 281 508 pro
308 466 522 496 mutaverunt.
576 463 652 495 Non
680 461 789 496 enimfi
816 470 989 508 permanet
1017 467 1194 506 exercitus,
1222 466 1279 499 sed
1309 467 1492 510 pertransit.

383 513 441 545 11.
495 512 673 547 Μοειιῑιιε,7
700 516 834 560 collega
858 516 965 549 Crassi
993 517 1024 548 in
1052 517 1126 549 soro
1154 518 1297 561 proiecit
1317 519 1480 558 materias,
1507 524 1542 550 ut
1563 524 1667 551 essent
1693 519 1785 561 loca,
1813 520 1846 552 in
1869 519 1985 563 quibus
2004 524 2159 564 spectan-

217 571 263 597 tes
291 564 490 607 insisterent,
535 578 619 609 quae
648 577 687 598 ex
714 568 847 600 nomine
876 569 942 600 eius
977 568 1157 601 Moeniana
1189 570 1357 614 appellata
1394 566 1496 602 suntfl.
1558 570 1653 603 Haec
1687 566 1740 603 et⁹
1773 571 1908 612 solaria,
1942 571 2019 614 quia
2046 576 2158 615 patent

216 616 293 656 soli,
319 621 395 661 post
421 617 507 650 haec
534 618 587 650 alii
614 618 745 662 lapide,
773 619 826 651 alii
855 620 989 652 materia
1017 620 1236 654 aedificavere
1264 621 1448 665 porticibus
1462 616 1485 636 ¹⁰
1520 621 1708 664 moeniana,
1737 627 1769 654 et
1794 622 1922 656 foribus
1951 628 1983 655 et
2006 622 2158 655 domibus

215 667 413 703 adiecerunt.

379 719 437 752 12.
491 720 659 753 Tabulata
686 720 766 753 olim
790 721 912 754 fiebant
938 722 1069 766 ligneae
1097 723 1216 755 domus
1231 719 1265 757 ¹¹.
1316 723 1399 756 Inde
1426 734 1547 756 nomen
1571 728 1742 767 permanet
1770 724 1992 757 tabulatorum
2004 721 2039 759 ¹².

315 768 563 817 Hypogeu1n¹³
603 777 649 805 est
689 777 910 806 constructum
945 774 1005 806 sub
1039 774 1131 806 terris
1173 775 1387 816 aedificium,
1437 775 1530 818 quod
1568 787 1627 808 nos
1663 780 1819 815 antrum,
1867 776 1922 808 vel
1963 776 2156 820 speluncam

214 821 362 856 dicimus.

314 873 480 906 Solarium
491 870 535 914 ¹⁴,
563 874 654 918 quod
683 875 745 908 soli
772 880 804 907 et
831 876 915 908 auris
929 872 951 892 ¹⁵¹
979 881 1091 920 pateat
1106 872 1145 917 '‘⁵‚
1173 877 1280 919 qualis
1308 877 1368 910 fuit
1391 873 1537 919 locus¹⁷‚
1565 878 1597 910 in
1625 888 1691 921 quo
1714 878 1823 911 David
1851 873 2079 910 Bethsabee¹⁸
2104 877 2155 909 la-

212 928 342 956 vantem
353 920 377 940 ¹⁹
406 925 531 969 aspexit
558 931 590 958 et
614 925 790 959 adamavit.

376 975 434 1010 13.
489 976 573 1009 Cum
602 977 870 1021 Hierosolymam
898 977 1083 1011 Antiochus
1108 977 1293 1021 obsideret,
1322 979 1486 1012 Hircanus
1507 979 1662 1024 princeps
1687 979 1888 1012 ludaeorum
1911 984 2056 1012 reserato
2083 979 2154 1012 Da—

211 1024 264 1056 vid
293 1027 467 1069 sepulcro5
496 1028 556 1060 tria
584 1029 675 1061 milia
703 1030 773 1061 auri
800 1030 920 1061 talenta
932 1026 956 1046 ²⁰
983 1029 1059 1062 inde
1088 1027 1293 1071 abstraxitffl,
1323 1043 1361 1063 ex
1385 1032 1503 1075 quibus
1531 1030 1622 1064 CCC
1634 1027 1659 1047 ²²
1685 1032 1853 1065 Antiocho
1884 1031 1995 1073 dedit,
2024 1036 2059 1064 nt
2089 1031 2153 1063 ob—

209 1076 370 1109 sidionem
399 1079 617 1121 reanueret,
646 1085 745 1122 atque
772 1085 807 1112 ut
833 1080 912 1113 facti
939 1081 1095 1113 invidiam
1123 1082 1289 1125 demeret,
1318 1083 1421 1115 fertur
1449 1095 1489 1115 ex
1507 1083 1636 1125 reliqua
1664 1084 1806 1126 pecunia
1833 1083 2002 1115 instituisse
2028 1082 2154 1127 primus

208 1127 450 1171 Xenodocllia‚
478 1130 594 1173 quibus
622 1131 799 1163 adventum
827 1132 1008 1175 susciperet
1036 1144 1222 1176 pauperum
1259 1130 1324 1166 et²³
1351 1136 1626 1179 peregrinorum,
1660 1134 1749 1166 unde
1777 1140 1808 1167 et
1836 1135 2035 1166 vocabulum
2063 1145 2153 1165 sum-

208 1179 281 1222 psit.
334 1180 420 1213 Nam
450 1192 488 1213 ex
516 1181 649 1215 Graeco
676 1183 708 1214 in
736 1182 890 1215 Latinum
926 1184 1145 1226 ξενοδοχεῑον
1180 1185 1435 1229 peregrinorum
1464 1186 1630 1229 susceptio
1658 1191 1874 1230 nuncupatur.
1942 1185 2011 1217 Ubi
2042 1189 2152 1217 antem

208 1236 416 1276 aegrotantes
440 1233 483 1265 de
509 1233 628 1277 plateis
654 1234 876 1278 colliguntur,
916 1237 1146 1278 νοσοκομεῖον
1177 1236 1309 1270 Graece
1341 1233 1512 1278 ‹licitur²⁴,
1553 1237 1587 1268 in
1620 1247 1687 1279 quo
1715 1242 1909 1282 consumpta
1936 1237 2152 1281 languoribus

207 1286 305 1326 atque
332 1283 448 1317 inediis
458 1280 483 1301 ²⁵
509 1286 705 1318 miserorum
735 1286 886 1318 membra
913 1285 1076 1318 foventur.

670 1387 698 1422 C
726 1389 755 1422 A
784 1389 820 1422 P.
873 1389 930 1421 lv.

1006 1389 1079 1421 De
1132 1389 1440 1435 aedificiis
1492 1391 1685 1423 sacris.

372 1461 404 1493 l.
457 1462 560 1496 Sacra
594 1469 668 1496 sunt
694 1465 787 1505 loca,
827 1465 942 1497 divinis
968 1465 1111 1499 cultibus
1138 1466 1300 1507 instituta,
1341 1471 1459 1510 utpote
1494 1478 1549 1507 ea,
1583 1468 1615 1499 in
1652 1467 1771 1510 quibus
1797 1466 1964 1499 litantibus
1991 1465 2035 1498 de
2059 1476 2150 1498 more

206 1512 419 1555 pontificibus
446 1520 677 1548 consecrantur
707 1516 823 1548 altaria
833 1513 868 1551 ²¹⁵,

307 1564 429 1597 Sancta
442 1563 466 1582 ²⁷
494 1565 583 1597 iuxta
610 1572 735 1599 veteres
763 1568 924 1599 exterIOra
951 1567 1070 1611 templi
1096 1572 1177 1599 sunt.

368 1614 401 1647 2.
456 1614 613 1650 Sancta28
641 1624 750 1651 autem
776 1624 965 1651 sanctorum
994 1620 1086 1651 locus
1114 1619 1230 1663 templi
1256 1618 1427 1659 secretior,
1455 1619 1500 1651 ad
1526 1630 1626 1662 quem
1650 1618 1733 1651 nulli
1746 1615 1770 1634 ²⁹
1798 1623 1868 1651 erat
1894 1629 2061 1658 accessum,
2088 1618 2148 1650 nisi

206 1669 331 1697 tantum
361 1667 587 1700 sacerdotibus
599 1665 634 1702 ³⁰.

206 1716 257 1748 vel
271 1712 295 1731 ³³
331 1718 407 1759 quia
448 1724 635 1753 sanctorum
670 1720 956 1765 comparationem
993 1723 1155 1755 sanctiora

687 1670 784 1702 Dicta
812 1676 921 1702 autem
950 1667 1106 1703 Sancta³¹
1134 1676 1341 1711 sanctorum,
1369 1671 1446 1713 quia
1474 1671 1635 1702 exteriore
1649 1666 1674 1686 ³²
1706 1670 1843 1703 oraculo
1872 1670 2037 1702 sanctiora
2064 1675 2147 1709 sunt,

1195 1728 1285 1763 sunt,
1333 1723 1415 1754 sicut
1442 1721 1580 1755 Cantica
1622 1722 1827 1755 canticorum
1864 1717 2030 1754 cantica35
2072 1722 2145 1753 uni-

291 1829 319 1862 1)
344 1836 409 1854 vero
439 1838 493 1866 pro
524 1835 624 1857 antem
657 1830 713 1860 Gn.
734 1834 759 1861 1.
785 1847 827 1852 —
854 1829 882 1868 2)
904 1837 937 1858 ut
967 1842 1099 1858 Secessus
1121 1831 1152 1861 Ζ,
1197 1831 1244 1859 Sic
1269 1832 1300 1859 Z.
1325 1831 1383 1862 Cu.
1406 1834 1432 1863 1.
1455 1833 1485 1862 2.
1515 1841 1561 1860 va.
1584 1831 1634 1859 Ar.
1662 1846 1699 1850 —
1724 1831 1893 1859 Bersabeae
1914 1831 1994 1868 vulg.
2027 1846 2068 1852 —
2099 1829 2144 1868 19)

205 1882 245 1888 -—-
275 1865 304 1903 3)
328 1868 435 1896 iterum
458 1881 513 1900 om.
539 1872 569 1900 Z.
589 1889 628 1894 —
652 1873 683 1909 4)
705 1873 753 1901 Sic
778 1874 833 1901 Gu.
856 1876 881 1904 1.
903 1889 944 1894 —
974 1875 1048 1911 quia
1072 1874 1152 1911 vulg.
1196 1885 1226 1900 se
1248 1873 1315 1901 add.
1340 1875 1370 1902 Z.
1400 1889 1442 1895 —-
1480 1870 1527 1912 20)
1551 1874 1665 1900 talenta
1690 1874 1761 1900 auri
1783 1883 1830 1902 va.
1861 1890 1904 1895 —
1939 1872 1987 1913 21)
2017 1873 2145 1900 extraxit

208 1925 243 1930 -—-
274 1907 304 1947 5)
322 1916 347 1938 et
371 1922 428 1940 οω,
455 1913 508 1942 Gu.
526 1915 552 1943 2.
577 1924 621 1951 pr.
641 1925 686 1944 va.
712 1932 754 1937 —
782 1917 812 1952 6)
836 1916 902 1943 illic
924 1915 992 1945 add.
1017 1917 1094 1953 vulg.
1112 1933 1153 1937 —
1197 1918 1252 1944 (ἆυ.
1274 1919 1300 1946 1.
1322 1933 1364 1937 -
1393 1915 1442 1954 22)
1466 1916 1595 1954 triginta
1619 1916 1674 1943 Gn.
1701 1919 1728 1946 1.
1761 1931 1802 1937 -·
1832 1914 1878 1957 23)
1904 1922 1930 1944 et
1953 1927 2009 1944 om.
2034 1916 2082 1943 Ar.
2106 1932 2141 1936 —

206 1961 263 1980 om.
287 1952 343 1980 Gu.
364 1956 389 1984 1.
413 1969 454 1975 —
478 1954 504 1991 7)
523 1957 685 1985 ,lloenimm
708 1957 791 1985 dictu
815 1964 904 1993 sunt,
927 1958 1011 1997 quod
1032 1970 1152 1986 ηιαηιά-
1195 1960 1243 1996 24)
1264 1958 1324 1988 dic.
1353 1959 1405 1987 Gr.
1429 1959 1460 1987 Z.
1484 1974 1522 1979 -—
1555 1961 1602 1994 25)
1622 1956 1725 1986 inedia
1748 1958 1836 1988 Arev.
1866 1975 1908 1980 —
1946 1958 1992 1995 26)
2016 1958 2065 1986 Sic
2088 1957 2143 1985 Gu.

205 2003 271 2021 mus
294 1995 374 2032 vulg.
397 1997 558 2034 praeeedit,
582 1999 632 2027 sed
657 2001 799 2028 omittunt
822 2011 854 2029 ea
885 2001 915 2028 Ζ.
945 2002 1000 2029 Gu.
1018 2005 1043 2032 1.
1059 2004 1088 2032 2.
1106 2012 1151 2029 va.
1198 2004 1224 2032 1.
1248 2017 1287 2022 —-
1320 2001 1405 2038 Vulg.
1434 2002 1465 2029 in
1488 2000 1600 2038 quillus
1622 2002 1675 2028 alt.
1704 2017 1746 2021 —
1781 1999 1828 2041 ⁶27)
1853 2002 1948 2029 Sacra
1970 2001 2001 2029 Ζ.
2022 2015 2064 2022 -—
2093 1996 2141 2037 28)

208 2037 258 2065 Ar·
288 2053 326 2060 --
358 2038 497 2066 Mvem'us
526 2049 581 2077 pro
612 2042 692 2079 vulg.
726 2044 907 2070 Moenimms
947 2044 1052 2082 scripsi
1083 2054 1149 2072 cum
1195 2046 1291 2072 Sacra
1314 2044 1344 2071 Z.
1370 2060 1407 2064 -—
1430 2044 1478 2077 29)
1501 2044 1617 2071 nullius
1641 2044 1696 2071 Gu.
1712 2046 1740 2074 2,
1764 2059 1806 2065 ——
1834 2042 1881 2082 30)
1903 2044 1951 2071 Sic
1974 2043 2027 2071 Gu.
2055 2044 2082 2073 1.
2104 2041 2141 2069 al.

205 2078 293 2107 Arev.
316 2095 357 2100 —
387 2079 414 2118 8)
438 2081 487 2108 Sic
517 2082 573 2110 Gu.
598 2085 623 2113 1.
647 2086 674 2114 2.
699 2102 740 2105 -
763 2086 920 2123 appellata
943 2093 984 2114 est
1008 2087 1088 2122 vulg.
1113 2103 1146 2107 ψ-

1195 2103 1236 2110 --
1258 2084 1408 2114 sacerdoti
1437 2085 1515 2122 vulg.
1552 2102 1588 2107 —
1618 2085 1785 2114 sacerdotis
1814 2085 1869 2114 Gu.
1892 2089 1920 2116 2.
1944 2095 1989 2124 pr.
2017 2100 2058 2106 —-
2092 2084 2142 2120 31)

206 2126 248 2148 cst
278 2131 334 2150 om.
368 2122 416 2152 Ar.
463 2123 532 2152 Cod.
560 2125 663 2153 Zntav.
695 2137 750 2156 om.
781 2138 830 2156 vv.
861 2139 954 2157 moen.
978 2129 1086 2166 appell.
1110 2153 1117 2158 ,
1143 2152 1149 2159 ,
1196 2130 1292 2158 Sacra
1314 2129 1344 2156 Z.
1369 2144 1401 2147 —
1427 2126 1474 2166 32)
1497 2128 1544 2156 Sic
1569 2129 1626 2157 Gu,
1648 2131 1672 2158 1.
1697 2146 1734 2151 -
1758 2129 1896 2155 exteriori
1916 2128 1995 2165 vulg.
2019 2144 2058 2149 —
2084 2126 2140 2154 Vv-

201 2163 381 2201 Pffl'll'sl'buss·
401 2181 443 2187 -·
472 2168 499 2199 9)
523 2166 579 2193 hoc
601 2173 640 2194 est
666 2168 721 2198 GU.
742 2173 769 2200 1.
793 2185 833 2191 —-
855 2170 929 2199 haec
951 2177 1021 2198 aaut
1045 2172 1100 2199 Gn.
1123 2174 1151 2202 2.
1196 2177 1280 2200 exter.
1304 2181 1382 2198 orac.
1407 2180 1463 2198 om.
1491 2171 1545 2199 Gn.
1569 2173 1599 2202 2.
1624 2187 1666 2192 —
1687 2173 1732 2208 33)
1757 2171 1804 2198 vel
1825 2172 1897 2208 quia
1921 2193 1925 2198 .
1955 2192 1961 2198 .
1984 2170 2139 2198 sanctiora

206 2216 251 2244 pr.
266 2216 311 2233 va.
326 2222 368 2228 —
392 2206 434 2245 10)
450 2208 588 2246 perillum
607 2219 652 2240 vn,
676 2226 710 2230 ——
738 2214 783 2245 ll)
799 2212 846 2239 Sic
863 2213 918 2240 Gn.
933 2216 957 2243 1.
975 2229 1015 2233 —
1035 2214 1153 2251 ligneae
1194 2219 1263 2242 sunt
1293 2223 1348 2241 om.
1382 2211 1438 2240 Gu.
1466 2215 1493 2242 2.
1526 2214 1645 2241 Caesen.
1668 2213 1689 2242 Ι.
1728 2229 1764 2234 -
1804 2212 1851 2251 34)
1884 2211 1927 2241 ad
1954 2213 2139 2240 sanctiorum

205 2247 314 2276 domu-5
340 2249 451 2285 fiebant
474 2250 553 2287 vulg.
579 2269 615 2273 —
660 2251 701 2290 12)
725 2259 750 2280 et
774 2254 867 2281 tahal.
897 2256 927 2282 Z.
960 2273 997 2277 —
1037 2256 1079 2293 13)
1104 2257 1151 2284 Sic
1195 2255 1389 2295 (sanctorum
1420 2255 1473 2282 Gu.
1500 2253 1546 2295 1.)
1576 2257 1831 2294 comparationem
1854 2256 1884 2284 Z.
1915 2271 1955 2276 —
1985 2251 2032 2293 35)
2062 2253 2137 2291 qula

206 2291 291 2318 Arev.
313 2307 355 2312 —
377 2292 535 2330 Apogeum
559 2294 636 2329 vulg.
661 2310 703 2316 -—
744 2297 786 2331 14)
811 2295 924 2324 dictum
950 2297 1016 2324 add.
1042 2299 1096 2326 Gn.
1120 2301 1149 2329 2.
1195 2304 1273 2328 canl.
1297 2299 1375 2335 vulg.
1402 2314 1434 2318 -—
1462 2299 1535 2336 quia
1559 2309 1615 2326 om.
1640 2299 1694 2326 Gn.
1719 2301 1744 2329 1.
1768 2314 1809 2319 —
1832 2301 1876 2329 323)
1900 2298 1977 2325 enim
2001 2306 2057 2323 om.
2081 2296 2136 2323 Gu-

206 2342 251 2360 va.
277 2349 309 2354 —
340 2335 385 2370 15)
409 2337 483 2364 solis
506 2337 593 2363 auris
613 2336 667 2364 Gn.
687 2339 716 2367 2.
740 2353 778 2358 --
803 2348 897 2365 (naue
920 2338 964 2367 ed.
980 2339 1067 2368 Goth.
1083 2341 1150 2370 cod.
1196 2344 1221 2373 1.
1258 2357 1290 2361 ——
1321 2340 1367 2378 37)
1394 2340 1441 2367 Sic
1466 2340 1521 2368 Gu.
1540 2344 1563 2370 1.
1589 2359 1625 2363 --
1653 2346 1750 2368 exstat
1776 2340 1854 2376 vulg.
1877 2355 1918 2360 -—
1946 2340 1989 2373 38)
2012 2339 2136 2366 Sancise

207 2375 311 2403 Zittav.
345 2393 381 2398 —
422 2380 464 2411 16)
484 2384 571 2416 patet
593 2379 623 2408 Z.
652 2394 694 2400 -
726 2377 772 2418 17)
795 2379 877 2407 locus
899 2382 968 2416 fuzt
991 2382 1020 2408 Z.
1044 2399 1084 2403 —
1107 2382 1149 2421 18)
1192 2389 1234 2411 est
1257 2389 1358 2411 αιιιεηι
1381 2384 1413 2412 Ζ.
1436 2382 1491 2410 Gu.
1510 2385 1541 2413 2.
1564 2393 1609 2421 pr.
1632 2392 1677 2410 va.
1704 2398 1740 2403 -—
1764 2381 1810 2419 39)
1830 2381 2055 2418 confirmatione
2079 2381 2133 2408 Gn.
