2264 2830
539 535 1557 594 PRAEFATIONES.

138 717 189 744 10.
210 719 357 748 PIERIUS
383 722 565 750 CYMINIUS
591 724 830 750 COSENTINUS
854 723 1076 749 AMPLISSIMO
1102 722 1281 748 PRAESULI
1306 723 1520 751 CORIOLANO
1543 725 1776 753 MARTYRANO
1805 726 1834 751 S.
1854 725 1966 751 MARCI

549 785 728 811 EPISCOPO
753 783 968 815 UTRIUSQUE
993 781 1158 809 LINGUAE
1183 782 1424 810 PERITISSIMO
1451 785 1479 812 S.
1508 784 1541 811 D.

78 914 225 981 Annus
258 949 318 983 iam
352 952 479 995 agitur,
512 952 543 985 ni
577 949 688 997 fallor,
724 954 850 995 quartus
883 954 915 985 et
948 951 1104 996 decimus,
1139 953 1330 995 amplissime
1363 952 1455 985 simul
1485 955 1516 985 et
1544 952 1754 986 eruditissime
1787 951 1943 997 Praesul,
1977 963 2017 986 ex

79 1014 139 1045 quo
172 1003 213 1036 A.
249 1005 343 1037 lanus
378 1005 587 1051 Parrhasius,
630 1010 819 1051 praeceptor
854 1007 926 1039 olim
960 1016 1066 1049 meus,
1101 1005 1205 1038 Flavii
1237 1005 1395 1050 Sosipatri
1425 1006 1563 1041 Charisii
1595 1006 1761 1040 Romanae
1794 1007 1924 1050 linguae
1959 1017 2012 1038 ac-

79 1056 267 1087 curatissimi
294 1057 504 1090 observatoris
527 1058 721 1091 describendi
746 1059 865 1101 copiam
892 1058 964 1089 milii
993 1057 1075 1091 feeit.
1128 1056 1317 1090 Parrhasius
1345 1059 1469 1101 inquam
1494 1062 1621 1102 noster,
1651 1059 1700 1100 qui
1728 1058 1897 1090 doctissimi
1924 1060 2017 1100 atque

80 1105 187 1148 optimi
218 1107 368 1150 cuiusque
399 1108 510 1142 iudicio
537 1109 788 1155 fulgentissimus
821 1109 942 1153 quidam
969 1108 1171 1141 candidarum
1202 1109 1366 1141 literarum
1396 1110 1444 1142 sol
1477 1110 1692 1153 existimatur,
1728 1120 1785 1141 nec
1818 1109 1902 1142 ullus
1937 1108 2015 1142 adeo

78 1155 215 1189 invidiae
241 1157 359 1191 facibus
387 1160 571 1205 infestatur,
599 1161 678 1194 adeo
702 1171 817 1205 expers
844 1162 938 1194 totius
966 1160 1165 1192 humanitatis
1193 1163 1258 1204 est,
1286 1162 1357 1203 quin
1381 1163 1560 1203 asseveret,
1591 1161 1746 1193 nemmem
1773 1171 1902 1203 usquam
1928 1171 2015 1205 gen-

79 1207 154 1239 tium
181 1218 219 1241 eo
246 1212 387 1254 tempore
414 1214 574 1256 extitisse,
609 1214 659 1255 qui
687 1212 864 1245 absolutam
885 1212 1038 1244 Rhetoris
1067 1221 1235 1255 personam
1262 1213 1385 1245 actione
1412 1213 1682 1256 eloquentissima,
1712 1214 1740 1244 et
1769 1212 1929 1255 multiplici
1959 1222 2014 1243 re-

78 1269 148 1290 rum
170 1262 350 1304 cognitione
371 1261 493 1295 felicius
516 1266 623 1297 nostro
650 1264 726 1295 Iano
751 1264 951 1307 sustinuerit,
979 1264 1199 1307 propriumque
1222 1263 1354 1296 Latinae
1377 1264 1507 1307 linguae
1530 1263 1699 1296 candorem
1724 1263 1810 1296 illum
1833 1262 2012 1295 Romanurn

78 1311 217 1343 naturali
242 1312 376 1354 <pradum
403 1324 507 1346 rerum
531 1315 762 1357 verborumque
788 1315 879 1358 copia
904 1315 1059 1348 retulerit.
1111 1315 1230 1347 Audivi
1262 1315 1322 1347 hoe
1354 1325 1373 1347 a
1400 1316 1516 1349 teneris
1543 1316 1650 1358 annis‘,
1690 1315 1861 1357 ubicunque
1893 1315 1956 1357 sui,
1984 1322 2010 1345 et

79 1370 161 1393 nunc
187 1362 217 1393 in
245 1362 312 1395 dies
342 1366 444 1409 magis
470 1367 635 1409 magisque
662 1366 754 1399 audio
782 1365 976 1399 doctissiinos
1002 1376 1140 1409 quosque
1167 1366 1245 1399 haee
1268 1366 1379 1399 eadem
1405 1378 1467 1400 uno
1494 1377 1549 1400 ore
1578 1368 1714 1411 ingenue
1740 1365 1830 1398 fateri
1859 1369 1886 1397 et
1914 1376 2013 1409 prae-

80 1410 194 1445 dicare.
248 1413 355 1454 Quare
382 1427 581 1460 summopere
608 1417 775 1449 dolendum
803 1421 871 1462 est,
899 1417 990 1461 quod,
1017 1419 1123 1451 nescio
1148 1419 1234 1450 cuius
1258 1418 1415 1462 iniquitate
1437 1418 1515 1464 (pro
1541 1418 1648 1461 dolor,
1676 1419 1731 1449 vix
1751 1419 1919 1461 suppetunt
1935 1415 2012 1458 C>-

78 1463 172 1495 minio
188 1466 240 1496 tuo
256 1466 367 1508 verba)
392 1469 459 1500 eius
485 1478 582 1512 opera
605 1468 730 1501 fuerunt
754 1470 939 1513 intercepta,
962 1470 1098 1502 maximo
1122 1470 1283 1502 literarum
1307 1470 1512 1503 inconnnodo.
1566 1470 1719 1513 Imprimis
1740 1472 1846 1501 autem
1869 1467 2012 1500 deflenda

79 1517 128 1546 est
156 1515 238 1547 illius
263 1516 358 1550 divini
385 1520 490 1562 operis
516 1520 654 1564 iactura,
682 1520 731 1552 De
757 1521 850 1553 rebus
877 1521 995 1553 scilicet
1021 1531 1078 1564 per
1102 1521 1267 1565 epistolam
1295 1523 1461 1565 quaesitis,
1489 1520 1569 1564 quod
1592 1522 1659 1565 ipse
1681 1529 1909 1564 saepenumero
1936 1519 2011 1562 vidi,

78 1568 146 1597 erat
173 1567 255 1600 enim
280 1568 321 1601 ad
349 1568 516 1603 editionem
542 1572 603 1603 iam
630 1571 749 1615 pridem
775 1575 932 1617 paratum,
958 1573 1106 1616 librisque
1133 1573 1293 1605 constabat
1321 1575 1443 1606 circiter
1469 1574 1601 1616 quinque
1626 1575 1656 1604 et
1683 1572 1805 1615 viginti.
1830 1572 1879 1603 ubi
1901 1570 2011 1602 diver—

77 1627 185 1649 sorum
211 1621 373 1652 auctorum
401 1621 470 1654 loca
492 1632 573 1665 pene
596 1623 729 1667 infinita,
756 1622 977 1668 Platonisque,
1004 1626 1037 1655 ut
1064 1624 1168 1667 aiunt,
1195 1625 1333 1656 numeris
1362 1626 1561 1667 obscuriora,
1595 1624 1732 1655 animata
1761 1622 1926 1665 divinaque
1956 1621 2009 1653 illa

77 1667 201 1701 dicendi
223 1671 366 1705 ubertate
390 1673 644 1718 explicabantur,
672 1674 698 1707 Ο
724 1674 888 1708 doctorum
912 1676 1047 1707 onmium
1073 1685 1247 1720 consensu,
1274 1675 1376 1708 Musis
1399 1680 1430 1708 et
1452 1675 1593 1719 Apollini
1616 1673 1815 1716 damnosam,
1845 1684 1862 1705 o
1886 1683 2011 1716 semper

77 1718 266 1766 dolendam,
294 1733 479 1767 semperque
506 1725 678 1770 lugendam
703 1725 868 1759 Parrhasii
898 1730 1039 1760 mortem.
1094 1725 1163 1759 Sed
1196 1726 1235 1758 de
1262 1727 1477 1760 eruditissimis
1510 1727 1593 1758 illius
1620 1726 1757 1770 vigiliis,
1794 1731 1825 1757 et
1850 1725 2009 1766 utriusque

76 1771 207 1815 linguae
232 1774 428 1817 irreparabili
454 1777 593 1822 iactura,
628 1789 717 1821 quam
745 1779 833 1810 nobis
859 1779 1040 1810 immaturus
1068 1777 1135 1810 Iani
1161 1779 1305 1811 interitus
1333 1779 1452 1822 attulit,
1486 1777 1676 1811 commodius
1706 1775 1858 1808 scribendi
1885 1776 1915 1807 in
1944 1776 2008 1807 eius

78 1823 160 1865 vita,
188 1835 280 1867 quam
306 1825 407 1858 adhuc
429 1837 488 1859 nos
510 1829 669 1873 eudimus,
700 1829 823 1861 dabitur
842 1828 989 1862 facultas.
1041 1829 1167 1862 Redeat
1188 1831 1285 1874 igitur
1308 1830 1382 1863 illuc
1404 1830 1522 1872 oratio,
1548 1828 1630 1861 unde
1652 1828 1746 1872 paulo
1770 1829 1842 1859 ante
1867 1825 2007 1859 defluxit.

79 1872 261 1907 Chai-isium
294 1880 405 1920 postea
438 1878 736 1922 improbissimorum
770 1881 927 1914 hominum
953 1880 1084 1924 perfidia
1109 1882 1216 1924 amisi,
1248 1892 1326 1923 quae
1354 1892 1404 1913 res
1432 1884 1578 1923 quantum
1605 1880 1678 1912 mihi
1712 1878 1829 1911 doloris
1856 1878 2007 1920 attulerit.

77 1925 168 1956 testis
195 1929 242 1958 est
268 1926 316 1960 Io.
338 1927 526 1962 Franciscus
551 1932 726 1965 Decoratus
752 1932 860 1975 Eques
887 1933 1096 1976 clarissimus,
1124 1936 1214 1975 atque
1237 1932 1319 1964 idem
1343 1934 1391 1964 vir
1414 1932 1653 1976 intcgerrinms,
1681 1937 1712 1963 et
1733 1940 1821 1973 quem
1843 1929 1929 1961 nulla
1953 1939 2009 1960 re-

79 1977 193 2008 motior
219 1976 381 2021 disciplina
412 1981 506 2023 latet,
537 1984 666 2027 eiusque
693 1984 772 2016 tilius
799 1984 846 2016 lo.
872 1983 1011 2016 Rutilius
1044 1985 1094 2026 qui
1122 1985 1203 2016 omni
1230 1984 1377 2015 virtutum
1409 1993 1530 2027 genere
1564 1982 1678 2015 nomini
1700 1981 1855 2026 gentilitio
1883 1981 1923 2012 ita
1952 1990 2007 2011 rc-

80 2026 231 2072 spondet,
259 2032 292 2061 ut
313 2031 389 2062 nihil
415 2042 453 2064 eo
478 2032 654 2068 decoratius
675 2036 773 2079 possit
796 2036 946 2078 inveniri,
974 2033 1089 2067 Nescio
1114 2034 1195 2078 quod
1216 2045 1265 2066 nie
1290 2035 1372 2067 illius
1399 2038 1551 2079 temperet
1577 2036 1714 2076 astrum,
1738 2032 1904 2075 [ti-iusque
1928 2032 2008 2062 enim

80 2089 169 2110 amor
194 2082 311 2112 tantum
334 2082 408 2114 mihi
433 2085 546 2116 crescit
571 2086 601 2117 in
626 2087 741 2131 horas,
770 2089 915 2130 quantum
941 2096 1018 2118 vere
1044 2096 1126 2119 novo
1149 2085 1258 2118 viridis
1283 2095 1319 2117 se
1348 2086 1469 2118 subiicit
1498 2086 1607 2128 alnus,
1635 2084 1710 2121 hos,
1738 2085 1879 2126 inquam,
1910 2091 2006 2125 prac-

79 2130 163 2161 teriti
188 2131 250 2163 mei
276 2131 396 2165 doloris
422 2137 519 2167 testes
544 2136 665 2181 habeo,
694 2150 753 2181 quo
779 2141 864 2171 certe
886 2148 1041 2180 nunquam
1065 2137 1193 2170 fuissem
1214 2138 1359 2181 levatus,
1388 2138 1447 2169 nisi
1469 2136 1617 2180 Pyrrhus
1639 2135 1796 2168 Antonius
1819 2132 2006 2166 Parrhasius

80 2180 202 2213 iuvenis
229 2183 387 2227 eruditus,
415 2185 566 2231 elegans,
595 2192 685 2231 atque
709 2191 910 2223 sanctissimis
938 2189 1073 2221 moribus
1102 2192 1249 2232 ornatus,
1286 2192 1316 2221 et
1343 2189 1494 2222 Nicolaus
1524 2188 1647 2221 Marius
1676 2185 1860 2218 Parrhasius
1888 2182 2006 2213 iuvenis

79 2231 227 2276 iugenio,
260 2237 292 2281 et
318 2237 468 2269 memoria
493 2238 667 2283 singulari,
698 2241 738 2272 ad
765 2251 844 2285 quae
871 2240 988 2273 accedit
1013 2241 1106 2272 etiam
1134 2241 1209 2272 iuris
1237 2240 1337 2272 civilis
1362 2240 1496 2272 studium
1524 2238 1726 2279 admirabile,
1761 2245 1834 2266 mox
1862 2231 2006 2264 defuncto

80 2281 159 2317 Iano
184 2284 320 2329 Patrue,
351 2287 484 2320 eundem
511 2288 651 2322 Charisii
677 2292 814 2325 codicem
839 2293 914 2325 mihi
939 2291 1206 2324 transcribcmlum
1235 2291 1466 2335 exhibuissent,
1502 2302 1561 2335 quo
1588 2294 1727 2331 tempore
1755 2287 1910 2328 ingenuos
1937 2286 2007 2315 stu-

81 2333 249 2380 diososque
271 2335 461 2372 Cosentinos
483 2340 703 2374 adulescentes
727 2344 849 2388 annuis,
876 2346 909 2376 ut
930 2344 1004 2377 scis.
1032 2347 1153 2375 centum
1176 2343 1384 2387 instituebam,
1412 2344 1461 2386 qui
1484 2352 1591 2375 omnes
1618 2339 1655 2370 ad
1679 2346 1771 2369 mmm
1793 2334 1924 2366 35ἕῖἂῦἷέ
1943 2343 2007 2366 VO*

82 2385 166 2419 cibus
192 2398 212 2420 a
234 2398 285 2421 me
310 2388 508 2435 flagitabant,
536 2396 570 2426 ut
596 2404 677 2437 quae
700 2392 865 2438 Sosipater
890 2394 1111 2429 lucubraverat
1137 2396 1167 2427 in
1195 2404 1387 2427 communem
1414 2394 1623 2427 studiosorum
1649 2387 1806 2420 hominum
1832 2385 2007 2428 ufifflsttfi'ma

83 2446 145 2481 ego
173 2441 307 2473 omnium
340 2441 457 2485 primus
491 2444 522 2476 in
555 2447 697 2489 apertum
722 2445 917 2489 proferrem.
949 2457 1078 2490 quorum
1112 2447 1255 2490 precibus
1288 2445 1431 2490 equidem
1459 2445 1509 2477 diu
1540 2442 1727 2480 multumque
1756 2433 1799 2469 fui
1825 2437 2006 2478 reluctatus,
