2264 2830
765 102 1009 137 ORlGlNUM
1044 104 1190 139 LIBER
1222 106 1315 141 Xlll.

561 197 589 231 C
615 198 646 230 A
671 197 711 231 P.
764 198 855 231 xu'.
934 198 971 231 1)
989 209 1007 231 e

239 276 268 308 l.
324 276 421 308 Mare
449 280 495 307 est
521 285 680 318 aquarum
701 274 863 319 generalis
884 275 1049 309 collectio.

1939 111 2013 144 ⁴23

1059 201 1230 233 maris
1282 200 1504 233 nominc.

1105 277 1221 310 Omnis
1249 278 1335 309 enim
1363 277 1584 322 congregatio
1612 288 1785 321 aquarum,
1813 279 1879 312 sive
1908 280 2012 313 salsae

70 329 141 369 sint,
165 328 231 360 sive
267 328 400 368 dulces,
435 327 565 359 abusive
595 326 696 358 maria
731 332 963 370 nuncupantur
977 324 1011 367 ²²⁴,
1047 327 1133 360 iuxta
1161 328 1262 370 illud,
1298 325 1631 373 congregationes²³
1666 340 1841 374 aquarum
1875 333 2011 365 vocavit

70 380 195 413 maria.

250 380 390 424 Proprie
416 383 524 411 autem
548 390 638 410 mare
667 379 873 422 appellatum
885 375 919 419 ³⁰,
944 390 984 411 eo
1012 381 1104 422 quod
1128 392 1234 423 aquae
1262 380 1328 413 elus·
1356 392 1488 414 amarae
1515 381 1587 415 sint.

232 447 264 480 2.
318 449 454 490 Aequor
480 451 590 480 autem
619 452 785 488 vocatum,
806 448 883 490 quia
907 448 1091 490 aequaliter
1117 461 1244 482 sursum
1269 454 1333 482 est:
1357 454 1388 481 et
1406 450 1555 492 quamvis
1573 460 1679 492 aquae
1700 448 1897 483 fluctuantes
1921 452 2012 484 velut

68 504 195 533 montes
221 499 396 543 erigantur,
419 498 539 531 sedatis
566 510 676 531 rursus
691 496 712 514 ³¹
741 500 990 544 tempestatibus
1018 501 1257 545 adaequantur.

67 551 206 585 discreta
233 557 342 583 tamen
370 551 459 583 dorsi
486 551 553 583 eius
580 551 769 594 aequalitas.

1310 501 1463 534 Altitudo
1491 502 1579 533 enim
1606 501 1703 534 maris
1719 501 1849 535 diversa
1876 507 1933 543 est,
1960 504 2011 536 in-

229 619 263 652 3.
316 619 399 651 ldeo
427 624 537 652 autem
549 616 574 636 ³²
600 631 691 653 mare
718 620 958 653 incrementum
984 631 1050 652 non
1077 631 1216 664 capere,
1252 631 1329 654 cum
1356 620 1467 652 omnia
1500 620 1634 652 ssumina
1657 624 1689 653 et
1704 617 1727 637 ³³
1759 632 1874 655 omnes
1903 622 2011 655 fontes

66 670 219 714 recipiat,
245 670 331 703 haec
352 682 449 704 causa
472 677 537 704 est:
575 673 713 716 partim,
747 671 839 714 quod
868 672 1038 704 influentes
1066 672 1170 704 undas
1197 672 1269 716 ipsa
1296 671 1493 716 magnitudo
1522 672 1591 704 eius
1619 683 1683 704 non
1711 674 1841 715 sentiat,
1876 673 2009 713 deinde,

63 721 156 765 quod
183 733 295 755 amara
321 734 407 765 aqua
436 723 535 757 dulce
549 719 573 739 ³¹¹
603 724 758 756 lluentum
787 728 968 762 cons-urnac,
997 723 1047 755 vel
1077 723 1169 765 quod
1196 723 1286 767 ipsae
1312 724 1416 756 nubes
1443 723 1584 756 multum
1614 735 1774 766 aquarum
1810 725 1852 757 ad
1880 737 1914 757 se
1941 730 2010 757 tra-

62 769 199 813 hant³⁵,
230 775 297 807 sive
323 775 415 818 quod
454 771 580 807 illam³¹¹⁵
616 776 735 819 partim
772 775 920 807 auserazat
954 771 1096 814 venum,
1136 776 1255 818 partim
1283 776 1331 807 sol
1360 775 1518 814 exsiccet,
1547 780 1762 818 postremum,
1787 776 1879 819 quod
1908 787 1970 820 per

1984 772 2009 793 38

61 825 194 858 occulta
221 827 387 868 quaedam
415 833 522 859 terrae
549 827 709 859 foramina
738 822 982 870 percolatur3'·,
1010 831 1041 857 et
1065 826 1107 857 ad
1136 832 1238 871 caput
1266 827 1410 860 amnium
1440 828 1613 869 fontesque
1641 825 1867 859 revolutu1n⁴⁰
1893 838 2008 860 recur-

61 881 119 911 rat.

60 928 183 962 flavum
211 934 270 969 est,
293 930 396 962 modo
425 930 623 963 lutulentum
642 926 678 967 ⁴³¹,
706 929 810 961 modo
838 933 955 961 atrum.

678 1023 706 1057 C
734 1024 763 1057 A
786 1024 823 1056 P.
877 1023 947 1056 XV.

172 877 277 910 Maris
294 874 316 893 ⁴¹
345 883 454 911 autem
483 883 609 911 certum
637 875 739 910 nonM
766 890 835 910 esse
863 877 1024 917 colorem,
1050 877 1108 910 sed
1136 890 1200 922 pro
1228 879 1387 922 qualitate
1414 884 1586 911 ventorum
1615 879 1743 912 mutari.

1022 1022 1094 1055 De

1798 879 1882 910 Nam
1904 878 2007 910 modo

1151 1022 1375 1057 Oceano.

227 1100 256 1133 l.
311 1100 484 1134 Oceanum
512 1100 635 1133 Graeci
648 1097 672 1117 Η
706 1104 737 1133 et
764 1099 873 1132 Latini
904 1099 982 1132 ideo
1014 1100 1194 1141 nominant,
1233 1111 1273 1132 eo
1303 1096 1433 1143 qu0d⁴⁵
1459 1101 1491 1132 in
1525 1100 1638 1133 circuli
1678 1099 1817 1132 modum
1831 1097 1851 1116 ¹⁶
1883 1099 2006 1131 ambiat

58 1152 198 1194 orbem,
229 1151 297 1184 sive
334 1164 353 1184 a
387 1152 574 1192 celeritate,
610 1163 650 1184 eo
684 1152 776 1195 quod
815 1148 943 1186 οὶῑῑιιεΠ

56 1204 144 1237 nitet.
197 1203 351 1236 Oceanus
380 1204 471 1247 quasi
499 1201 654 1242 κυάνεος.

55 1255 103 1288 dit
124 1258 223 1298 atque
250 1255 386 1289 recedit.

978 1157 1096 1184 currat.

706 1204 771 1235 Iste
799 1208 856 1243 est,
883 1202 939 1245 qui
967 1213 1040 1234 oras
1068 1207 1230 1235 terrarum
1258 1203 1481 1246 amplectitur,
1509 1203 1710 1245 alternisque
1737 1202 1878 1235 aestibus
1904 1213 2001 1236 acce—

440 1255 689 1298 Respirantibus
722 1255 809 1287 enim
842 1254 874 1285 in
902 1253 1109 1297 profundum
1143 1254 1246 1286 ventis
1282 1259 1338 1285 aut
1374 1259 1524 1286 removet
1539 1251 1560 1270 ⁸⁹
1594 1254 1714 1294 maria,
1751 1259 1806 1286 aut
1841 1254 1999 1286 resorbet.

1157 1152 1241 1184 Item
1271 1149 1398 1195 quodffi
1434 1156 1470 1184 ut
1505 1151 1639 1185 coelum
1673 1161 1845 1196 purpureo
1889 1150 2005 1184 colore

219 1322 251 1354 2.
304 1323 440 1365 Quique
467 1334 485 1354 a
508 1322 665 1366 proximis
692 1322 884 1366 regionibus
911 1321 1040 1353 diversa
1062 1322 1227 1355 vocabula
1253 1322 1402 1365 sumpsit,
1429 1327 1463 1354 ut
1479 1321 1639 1363 Gallicus,
1665 1321 1893 1363 Germanicus,
1914 1321 2001 1364 Scy-

54 1373 182 1413 thicus,
209 1373 366 1417 Caspius,
394 1374 576 1414 Hircanus,
613 1373 823 1407 Athlanticus
835 1369 869 1404 ³⁰.
923 1373 1008 1405 Nam
1037 1372 1243 1405 Gaditanum
1278 1373 1400 1406 fretum
1435 1385 1454 1405 a
1482 1373 1634 1406 Gadibus
1662 1373 1809 1413 dictum,
1837 1372 1894 1405 ubi
1930 1373 2001 1416 pri-

53 1437 144 1457 mum
156 1422 178 1442 ⁵³
208 1426 250 1457 ab
279 1425 417 1459 Oceano
444 1425 541 1458 maris
568 1425 681 1470 magni
708 1425 808 1471 limen
835 1424 991 1468 aperitur.

1045 1424 1146 1457 Unde
1171 1430 1203 1457 et
1229 1425 1394 1458 Hercules
1421 1435 1498 1458 cum
1528 1424 1681 1458 Gadibus
1699 1424 1910 1468 pervenisset,
1939 1435 2000 1457 co-

52 1472 214 1510 lu1n11a55²
239 1476 285 1509 ibi
312 1477 432 1521 posuit,
460 1488 606 1520 sperans,
634 1476 702 1509 iilic
730 1487 799 1508 esse
825 1476 915 1508 orbis
942 1480 1105 1508 terrarum
1133 1476 1244 1510 finem.

469 1569 497 1602 C
525 1569 556 1602 A
581 1570 620 1603 P.
673 1569 763 1602 XVI.

844 1568 918 1601 De
969 1569 1389 1602 mediterraneo

1442 1569 1587 1601 mari.

216 1637 247 1670 l.
300 1637 399 1670 Mare
418 1649 578 1681 magnum
605 1641 670 1679 est,
703 1637 795 1680 quod
823 1637 866 1670 ab
894 1647 1014 1671 occasu
1042 1649 1081 1671 ex
1112 1636 1252 1671 Oceano
1273 1637 1359 1676 fluit,
1394 1642 1426 1670 et
1452 1637 1485 1669 in
1516 1635 1692 1669 meridiem
1720 1634 1844 1680 vergit,
1877 1634 1999 1667 deinde

50 1689 92 1722 ad
119 1689 377 1734 septentrionem
403 1689 517 1722 tendit.

49 1742 176 1774 minora
203 1745 285 1774 sunt.

48 1911 84 1939 al.
108 1926 150 1931 —
176 1909 224 1947 27)
250 1910 300 1938 Sic
322 1910 377 1939 Gu.
396 1912 423 1940 1.
445 1910 494 1938 Ar.
527 1927 563 1931 —
587 1913 743 1950 marisque
771 1911 817 1939 ed.
841 1909 930 1938 Goth.
953 1927 993 1931 —

47 1954 191 1990 mirisque
212 1952 293 1990 vulg.
322 1968 356 1972 —-
383 1953 545 1991 nimiisque
567 1953 624 1983 Gu.
642 1956 671 1985 2.
695 1970 732 1975 —-
762 1951 811 1994 28)
833 1953 992 1991 appellan-

47 2002 97 2024 tur·
120 1996 175 2023 Gn.
192 1997 211 2025 2
229 2011 270 2015 —
292 2000 488 2032 nuncupatur
510 1995 548 2024 al.
573 2012 609 2017 —
633 1995 679 2035 2³9)
700 1996 786 2033 vulg.
810 1997 851 2024 Et
875 2006 991 2033 congr„

45 2038 97 2067 sed
114 2043 140 2065 et
156 2047 213 2065 om.
229 2037 286 2066 Gu.
304 2039 378 2066 1.—
390 2037 485 2066 Locus
501 2043 545 2066 est
562 2039 666 2068 Genes.
690 2041 717 2076 1,
743 2042 792 2070 10.
806 2055 848 2060 —
869 2040 915 2075 30)
939 2049 991 2076 ap-

40 2081 177 2119 pellatur
200 2080 257 2109 Gu.
277 2082 305 2110 2.
328 2089 374 2109 va.
398 2095 439 2101 —
467 2078 513 2119 31)
536 2091 658 2109 rursum
679 2092 727 2110 va.
751 2097 793 2103 —
820 2082 865 2116 32)
891 2086 991 2108 autem

44 2134 101 2152 om.
131 2122 187 2151 GU.
211 2125 237 2153 1.
266 2139 308 2144 —
338 2123 421 2159 capit
453 2132 507 2159 pro
531 2133 634 2162 capere
656 2133 702 2153 va.
731 2140 773 2146 —-
809 2123 858 2161 33)
881 2129 907 2151 ft
931 2134 989 2152 om.

44 2166 101 2196 Gu.
119 2167 149 2195 2.
173 2179 210 2185 -
235 2165 280 2199 34)
305 2163 423 2192 dulcem
447 2165 504 2192 Gu.
522 2167 548 2195 1.
568 2181 610 2187 -—
631 2165 676 2203 35)
698 2166 745 2195 Sic
769 2167 824 2195 Gu.
844 2169 870 2197 1.
895 2169 924 2197 2.
943 2177 990 2197 va.

43 2224 84 2230 —-
103 2206 265 2235 alit-allant
285 2207 368 2244 vulg.
393 2223 432 2228 —
451 2205 497 2246 35)
521 2208 611 2235 illam
633 2208 689 2238 Gu.
713 2211 740 2240 1.
763 2225 805 2231 —
827 2207 912 2236 illud
934 2210 989 2237 Gu.

43 2252 71 2281 2.
92 2260 140 2280 va.
169 2265 210 2270 -—
247 2248 294 2287 37)
317 2250 366 2277 Sic
389 2250 444 2278 Gu.
472 2252 497 2279 1.
520 2251 548 2280 2.
570 2266 611 2271 -
632 2252 714 2278 venti
741 2253 885 2288 auferant
909 2251 990 2290 vulg.

43 2308 85 2314 —
105 2290 150 2330 38)
169 2303 224 2330 per
245 2302 302 2320 om.
327 2292 383 2321 Gu.
407 2295 436 2323 2.
457 2307 499 2313 --
527 2289 574 2332 39)
593 2293 784 2330 percolatum
808 2294 865 2323 Gu.
897 2297 924 2326 1.
950 2312 987 2317 -

40 2335 211 2371 percolata-5
233 2334 270 2364 al.
294 2351 334 2356 —
354 2335 524 2372 percoletur
539 2334 658 2364 Arevali
679 2335 858 2366 coniectura.
880 2353 922 2358 —
943 2337 989 2373 40)

570 1689 673 1730 Quod
701 1689 778 1722 inde
805 1700 965 1734 magnum
993 1688 1192 1733 appellatur,
1219 1689 1297 1732 quia
1324 1693 1435 1723 cetera
1462 1688 1565 1721 maria
1589 1688 1621 1720 in
1649 1687 1902 1731 comparatione
1930 1687 1999 1719 eius

338 1741 430 1774 Istud
457 1746 505 1774 est
527 1745 559 1774 et
584 1741 884 1781 mediterraneum,
920 1740 997 1784 quia
1022 1752 1085 1785 per
1112 1740 1257 1774 mediam
1284 1745 1407 1773 terram
1435 1751 1540 1783 usque
1562 1739 1606 1772 ad
1635 1739 1796 1772 orientem
1822 1737 1996 1782 perfundi-

48 1798 111 1832 tur,
138 1793 312 1836 Europam
340 1797 373 1825 et
398 1792 547 1826 Africam
574 1793 756 1836 Asiamque
778 1792 1014 1826 disterminans.

1045 1910 1202 1938 reuolutus
1225 1910 1282 1938 Gu.
1297 1911 1327 1939 2.
1353 1924 1394 1930 —-
1416 1910 1462 1945 41)
1485 1908 1569 1936 Man·
1594 1909 1651 1936 Gn.
1676 1910 1704 1938 2.
1727 1917 1774 1938 va.
1797 1922 1837 1928 —
1867 1906 1916 1942 42)
1937 1916 1994 1933 nun

1045 1962 1101 1983 om.
1127 1952 1183 1981 Gn.
1201 1955 1227 1983 1.
1240 1954 1269 1984 2.
1292 1961 1338 1990 pr.
1363 1961 1410 1980 va.
1434 1950 1471 1979 al.
1496 1969 1533 1973 —
1566 1949 1612 1989 43)
1636 1949 1684 1978 Sic
1709 1949 1765 1979 Gu,
1786 1951 1811 1979 1.
1827 1950 1857 1979 2.
1884 1958 1930 1977 va.
1953 1963 1995 1969 —

1044 1995 1233 2023 luculentum
1252 1994 1333 2031 vulg.
1359 2010 1393 2014 —
1425 1991 1473 2031 44)
1495 1999 1523 2021 et
1548 1994 1657 2022 Graeci
1680 1992 1736 2021 Gu.
1759 1995 1788 2024 2.
1810 2001 1856 2020 va.
1881 1990 1931 2019 Ar.
1954 2006 1994 2011 —

1042 2039 1090 2075 45)
1113 2038 1162 2066 Sic
1188 2037 1245 2065 Gu.
1267 2039 1293 2067 1.
1316 2038 1346 2066 2.
1371 2046 1416 2074 pr.
1439 2045 1486 2063 va.
1517 2036 1562 2064 ed.
1585 2034 1675 2064 Goth.
1700 2051 1737 2057 --
1762 2040 1788 2062 et
1810 2032 1894 2072 quod
1913 2032 1992 2070 vulg.

1042 2096 1084 2101 —
1106 2079 1188 2119 qnod
1210 2079 1388 2118 simpliciter
1409 2078 1497 2107 Arev.
1519 2095 1554 2100 —
1582 2080 1629 2114 46)
1652 2077 1703 2106 Sic
1717 2078 1774 2107 Gu.
1790 2079 1816 2108 1.
1840 2093 1880 2098 —-—
1904 2074 1993 2103 modo

1042 2123 1120 2161 vulg.
1145 2139 1184 2144 —
1208 2123 1253 2156 47)
1278 2121 1327 2149 Sic
1350 2121 1404 2149 Gn.
1429 2123 1456 2152 1.
1472 2123 1501 2152 2.
1527 2137 1564 2142 —-
1588 2123 1673 2149 ocius
1685 2121 1768 2159 vulg.
1785 2135 1827 2141 —
1848 2119 1893 2154 48)
1913 2115 1994 2156 quod

1041 2175 1096 2203 pro
1126 2167 1202 2204 quia
1232 2165 1288 2193 Gu.
1316 2167 1342 2194 1.
1374 2180 1415 2185 -—
1451 2164 1500 2201 49)
1522 2170 1649 2192 removet
1672 2173 1788 2192 erasum
1820 2161 1940 2190 videtur
1960 2160 1990 2186 in

1042 2208 1097 2235 Gu.
1116 2211 1143 2238 1.
1157 2224 1198 2229 —
1213 2207 1244 2235 ln
1259 2207 1326 2235 loco
1342 2216 1410 2235 raso
1428 2210 1472 2234 est
1487 2209 1621 2244 revomit,
1644 2211 1675 2236 ut
1697 2205 1820 2235 exhibet
1839 2204 1926 2232 Arev.
1950 2217 1985 2245 '—

1042 2252 1087 2287 50)
1114 2250 1292 2279 Gaditanus
1315 2248 1382 2277 add.
1405 2249 1502 2286 vulg.,
1526 2249 1579 2278 sed
1600 2260 1657 2278 om.
1686 2249 1743 2277 Gu.
1757 2251 1783 2279 1.
1806 2262 1846 2268 -—
1873 2242 1918 2280 51)
1939 2242 1986 2268 5¹⁰

1042 2293 1098 2320 Gn.
1118 2295 1145 2324 1.
1165 2295 1195 2324 2.
1217 2293 1253 2322 al.
1276 2303 1323 2321 va.
1346 2308 1388 2315 —
1412 2293 1514 2330 primo
1537 2292 1618 2330 vulg.
1651 2309 1685 2313 —
1726 2291 1771 2326 52)
1795 2287 1984 2321 columpnam

1042 2335 1098 2364 Gu.
1116 2338 1141 2367 1.
1163 2338 1190 2366 2.
1213 2346 1258 2365 va.
