2203 2829
712 247 825 292 [psum
861 248 979 289 Titan,
1019 248 1111 291 quasi
1145 259 1245 281 unum
1283 260 1324 281 ex
1357 248 1502 290 Titanis,
1543 250 1599 292 qui
1635 245 1816 282 adversus²
1849 250 1964 283 lovem
1998 253 2126 286 bellum

176 102 251 136 276
880 101 1058 136 ISlDORI
1083 101 1265 136 HISPAL.
1293 102 1436 137 EPlSC.

341 193 400 229 53.
456 196 651 241 Apollinem
686 194 835 238 quamvis
869 195 1089 229 divinatorem
1124 200 1156 229 et
1193 196 1363 230 medicum
1398 196 1539 239 vellent,
1582 197 1691 242 ipsum
1719 203 1829 230 tamen
1865 198 1964 232 etiam
1996 199 2125 234 solem¹

177 247 347 288 dixerunt,
391 249 482 292 quasi
517 249 636 281 solum.

176 310 242 332 non
269 299 358 332 fecit.

341 349 400 383 54.

453 351 567 394 Ipsum
595 349 773 382 Phoebum
801 350 893 392 quasi
922 349 1116 395 ephebum,
1142 351 1177 384 id
1206 348 1277 385 est³
1312 351 1571 388 adolescentem.

175 401 340 446 pingitur,
369 413 408 434 eo
436 401 528 444 quod
553 398 700 434 cotidie⁵
727 399 889 443 oriatur⁶‚
918 407 950 435 et
976 414 1063 435 nova
1090 403 1167 436 luce
1194 408 1355 438 nascatur.

1627 352 1728 387 Unde
1758 358 1791 386 et
1817 353 1868 386 sol
1895 351 2014 398 quasi⁴
2042 367 2126 400 puer

1411 403 1570 447 Pythium
1597 416 1732 448 quoque
1760 405 1905 439 eundem
1931 407 2127 451 Apollinem

176 454 288 487 vocari
315 453 404 485 aiunt
435 465 454 485 a
486 453 642 496 Pythone
676 454 858 487 immensae
894 454 991 487 molis
1024 460 1196 499 serpente,
1240 455 1329 489 cuius
1363 466 1430 487 non
1465 458 1572 502 magis
1605 468 1748 498 venena,
1791 468 1892 500 quam
1928 459 2126 504 magnitudo

175 506 330 538 terrebat.

340 553 398 588 55.
454 555 554 590 Hunc
581 556 710 600 Apollo
737 557 932 602 sagittarum
959 557 1080 591 ictibus
1103 563 1248 591 sternens
1276 557 1374 591 huius
1397 569 1532 602 quoque
1559 570 1680 592 nomen
1709 564 1741 592 et
1768 556 1898 604 spolia⁷
1933 562 2126 605 reportavit,

176 613 211 640 ut
238 606 378 651 Pythius
408 612 592 641 vocaretur.

646 608 748 642 Unde
775 614 807 641 et
834 610 878 642 ob
905 609 1033 654 insigne
1061 610 1217 642 victoriae
1249 609 1372 653 Pythia
1399 622 1490 644 sacra
1518 611 1719 644 celebranda
1747 611 1921 645 constituit.

339 658 398 691 56.
452 659 593 692 Dianam
621 672 757 704 quoque
784 659 1004 705 germanamH
1030 661 1097 693 eius
1125 661 1271 693 similiter
1299 662 1410 694 lunam
1442 667 1473 694 et
1497 663 1621 694 viarum
1649 663 1838 706 praesidem
1871 664 1969 696 aiunt.

2024 663 2125 698 Unde

175 716 208 743 et
235 706 421 754 virginem⁹
449 711 581 752 volunt,
608 712 700 756 quod
728 712 780 744 via
808 712 889 744 nihil
918 712 1042 756 pariat,
1078 718 1109 745 et
1143 713 1222 745 ideo
1250 714 1351 745 ambo
1381 714 1515 758 sagittas
1551 713 1677 746 habere
1704 714 1890 758 finguntur,
1929 715 2022 758 quod
2054 716 2126 760 ipsa

174 762 243 794 duo
277 762 385 795 sidera
419 762 462 795 de
498 764 596 796 coelo
631 764 742 796 radios
778 775 882 807 usque
916 764 958 796 ad
995 769 1096 796 terras
1124 765 1277 797 emittunt
1292 762 1323 796 ¹⁰.

174 824 250 846 nam
261 810 301 856 ¹¹,
329 813 421 856 quod
450 814 505 846 die
533 820 565 847 et
592 821 689 849 nocte
716 817 794 848 luna
820 820 983 860 appareat
996 812 1027 848 ¹².

338 864 398 897 57.

173 915 277 949 tribus
304 916 450 961 fingatur
477 917 603 962 figuris.

657 919 709 952 ne
736 930 802 962 qua
829 919 988 963 Virgilius
1004 914 1041 951 ¹⁰:

452 866 564 910 Ipsam
592 872 625 899 et
655 868 818 900 Lucinam
846 863 1044 907 asserunt¹³,
1083 878 1124 900 eo
1159 867 1252 911 quod
1287 868 1407 902 luceat.

1390 765 1531 798 Dianam
1568 770 1678 798 autem
1715 772 1866 799 vocatam
1902 768 1994 810 quasi
2031 767 2125 800 Dua-

1472 869 1627 902 Eandem
1659 873 1690 902 et
1716 868 1883 909 Triviam,
1917 880 1958 903 eo
1971 865 1993 885 ¹⁴
2031 870 2124 912 quod

876 970 960 1004 Tria
987 970 1138 1015 virginis
1164 980 1230 1003 ora
1259 970 1412 1005 Dianae.

173 1019 251 1062 quia
279 1018 399 1052 eadem
425 1020 502 1052 luna
515 1017 556 1062 ¹⁰,
584 1020 703 1054 eadem
731 1021 857 1062 Diana,
885 1028 917 1055 et
929 1019 951 1038 ¹⁷
980 1022 1099 1055 eadem
1127 1022 1328 1067 Proserpina
1355 1028 1500 1057 vocatur.

339 1069 398 1105 58.
451 1072 522 1105 Sed
550 1083 626 1106 cum
653 1074 731 1106 luna
757 1073 894 1119 fingitur
905 1070 945 1105 ¹8:

878 1123 1056 1158 Sublustri
1081 1124 1240 1169 splendet
1269 1125 1410 1158 amictu.

405 1173 492 1207 Cum
519 1176 696 1208 succincta
723 1176 806 1208 iacit
835 1177 1014 1215 calamos,
1044 1176 1194 1208 Latonia
1220 1176 1325 1220 virgo
1353 1180 1420 1209 est:

407 1225 494 1258 Cum
523 1226 674 1259 subnixa
705 1227 804 1259 sedet
833 1228 936 1267 solio,
974 1227 1139 1259 Plutonia
1167 1227 1324 1260 coniunx.

172 1273 313 1306 Latonia
338 1279 450 1308 autem
478 1277 602 1318 Diana,
631 1289 671 1310 eo
702 1278 794 1322 quod
824 1279 973 1311 Latonae
988 1275 1011 1294 ¹⁰
1038 1278 1136 1310 suerit
1163 1278 1241 1309 tilia.

338 1323 397 1359 59.
453 1327 630 1369 Cererem,
658 1328 693 1361 id
725 1335 772 1363 est
798 1334 919 1363 terram
948 1342 967 1362 a
995 1329 1146 1363 creandis
1173 1328 1326 1373 frugibus
1360 1334 1508 1361 asserunt
1542 1328 1685 1369 dictam,
1727 1329 1935 1372 appellantes
1962 1342 2034 1363 eam
2061 1341 2122 1363 no-

172 1376 314 1410 minibus
344 1378 507 1421 plurimis.

336 1428 395 1463 60.

337 1478 397 1513 61.

450 1432 684 1476 Proserpinam
695 1430 720 1450 ²⁰

561 1381 683 1414 Dicunt
711 1382 808 1414 etiam
836 1394 909 1415 eam
938 1387 970 1414 et
997 1381 1128 1425 Opem,
1157 1380 1248 1424 quod
1278 1391 1382 1424 opere
1411 1381 1528 1414 melior
1554 1381 1612 1412 liat
1639 1386 1736 1414 terra.

728 1458 737 1473 ,
766 1434 859 1475 quod
887 1445 926 1466 ex
954 1430 1024 1465 ea²¹
1054 1437 1254 1477 proserpant
1282 1432 1407 1476 fruges.

454 1482 607 1527 Vestam,
636 1484 729 1526 quod
756 1484 887 1525 herbis,
914 1484 968 1516 vel
995 1485 1092 1516 variis
1119 1485 1233 1517 vestita
1261 1484 1299 1515 sit
1326 1484 1433 1523 rebus,
1462 1483 1514 1515 vel
1543 1494 1562 1514 a
1590 1483 1621 1514 vi
1649 1493 1706 1514 sua
1734 1481 1862 1515 stando.
1908 1483 2062 1516 Eandem
2091 1489 2124 1516 et

172 1527 346 1562 Tellurem
375 1536 408 1563 et
442 1532 587 1566 Matrem
618 1547 777 1579 magnam
804 1537 952 1580 fingunt,
989 1536 1136 1568 turritam
1166 1546 1242 1568 cum
1269 1531 1466 1578 tympano²²
1501 1539 1533 1565 et
1562 1534 1655 1578 gallo
1667 1530 1691 1549 ²³
1727 1539 1759 1567 et
1786 1534 1924 1578 strepitu
1948 1535 2123 1578 cymbalo-

175 1591 258 1612 rum.
314 1581 460 1616 Matrem
489 1591 661 1627 vocatam,
689 1587 782 1629 quod
806 1588 950 1632 plurima
977 1587 1094 1631 pariat.

174 1642 265 1664 versa
292 1633 446 1667 animalia
475 1636 638 1670 fructibus
662 1638 725 1671 suis
753 1639 818 1672 alat
830 1636 864 1671 ²³.

1148 1586 1329 1630 Magnam,
1355 1585 1447 1629 quod
1476 1585 1588 1618 cibum
1615 1586 1748 1629 gignat,
1776 1586 1917 1627 almam,
1945 1587 2021 1629 quia
2049 1588 2122 1620 uni-

919 1639 979 1671 Est
1006 1639 1092 1671 enim
1120 1638 1352 1671 alimentorum
1380 1637 1486 1670 nutrix
1513 1641 1608 1669 terra.

338 1684 398 1718 62.
453 1688 555 1728 Quod
585 1689 798 1724 simulacrum
824 1691 891 1723 eius
919 1702 995 1723 cum
1024 1691 1107 1723 clavi
1132 1690 1279 1734 lingitur,
1311 1689 1388 1732 quia
1415 1688 1514 1721 tellus
1541 1687 1664 1731 hyeme
1691 1686 1875 1728 clauditur,
1903 1684 2014 1721 vere²⁵
2039 1700 2121 1733 ape—

175 1733 273 1776 ritur,
300 1740 335 1767 ut
359 1736 473 1782 fruges
501 1746 684 1774 nascantur.
740 1742 842 1783 Quod
870 1748 1066 1786 tympanum
1094 1741 1214 1781 habet,
1239 1741 1426 1786 significare
1437 1737 1461 1756 ²¹³
1488 1741 1600 1772 volunt
1626 1738 1741 1770 orbem
1769 1743 1885 1772 terrae.

337 1787 395 1821 63.
450 1791 551 1832 Quod
580 1803 677 1826 curru
704 1793 782 1826 vehi
793 1791 818 1810 ²²
846 1794 983 1834 dicitur,
1013 1794 1090 1837 quia
1115 1794 1187 1838 ipsa
1214 1798 1262 1825 est
1291 1797 1399 1834 terra,
1427 1788 1546 1835 quae²⁸
1580 1787 1740 1835 pendet²⁹
1774 1790 1808 1822 in
1835 1788 1956 1824 aere³⁰.
2017 1791 2119 1832 Quod

259 1872 288 1904 1)
311 1871 358 1900 Sic
383 1874 438 1903 Gu-
462 1879 489 1905 1.
515 1879 542 1906 2.
565 1877 614 1906 Ar.
639 1896 676 1900 -—
700 1878 792 1905 sulem
815 1880 906 1906 eliam
927 1878 1007 1915 vulg.
1030 1893 1072 1898 -—-
1095 1879 1125 1916 ἲ)
1169 1877 1247 1905 luna
1269 1882 1295 1904 ct
1318 1876 1367 1905 die
1389 1882 1415 1904 ct
1439 1881 1523 1905 nocte
1545 1875 1600 1903 Gu.
1626 1876 1654 1905 2.
1686 1890 1727 1895 —-
1760 1871 1804 1913 13)
1828 1874 1877 1902 Sic
1899 1874 1956 1903 Gu.
1977 1878 2003 1906 1.
2021 1875 2059 1905 al.
2081 1892 2118 1897 —

175 1911 223 1939 Sic
239 1911 295 1941 Gu.
314 1917 339 1944 1.
362 1932 404 1937 —
431 1917 590 1947 adversum.
621 1921 702 1958 vulg.
722 1937 763 1942 —-—
786 1921 894 1949 bellum
929 1920 998 1949 adv.
1022 1930 1066 1948 va.
1084 1937 1126 1942 —
1169 1926 1341 1948 asseverant
1363 1920 1442 1957 vulg.
1463 1936 1504 1940 -
1528 1916 1574 1956 14)
1598 1928 1628 1944 eo
1653 1916 1756 1945 addidi
1778 1926 1793 1945 e
1814 1917 1871 1947 Gu.
1891 1919 1919 1949 1.
1939 1918 1975 1946 al.
1998 1935 2039 1941 —
2074 1917 2119 1958 15)

174 1954 285 1982 bellum
307 1966 363 1985 om.
387 1958 435 1987 Ar.
458 1977 498 1982 —
528 1960 557 2000 3)
581 1963 628 1990 Sic
649 1964 704 1992 Gu,
720 1966 746 1994 1.
763 1980 799 1985 -—
826 1964 913 2002 Vulg,
935 1964 992 1991 lmc
1014 1968 1066 1992 est.
1085 1980 1125 1984 —
1169 1963 1241 1992 Aen.
1262 1963 1317 1999 IV,
1341 1964 1411 1995 511.
1442 1977 1483 1983 —-
1529 1960 1574 2001 16)
1606 1961 1679 1998 quia
1702 1958 1805 1987 eadem
1828 1960 1903 1987 luna
1926 1971 1984 1990 om.
2010 1971 2055 1991 va,
2080 1979 2117 1984 -.

174 1995 205 2034 4)
228 2000 321 2035 quast
342 1999 441 2029 addidi
465 2012 479 2030 e
503 2003 558 2031 Gu.
583 2008 607 2035 1.
632 2022 673 2028 —
695 2008 726 2042 5)
750 2007 798 2035 Sic
818 2007 874 2036 Gu.
895 2010 921 2037 1.
936 2009 965 2037 2.
993 2022 1025 2027 -
1055 2016 1125 2043 ‹luo-

175 2038 250 2067 tidie
271 2041 352 2079 vulg.
378 2060 413 2064 —
439 2042 468 2084 6)
492 2047 590 2073 orilur
607 2070 613 2075 .
633 2069 639 2075 .
656 2070 663 2076 .
687 2051 835 2078 nascitur.
878 2049 992 2088 Ap0ll0
1023 2054 1123 2076 “utrm

174 2081 262 2120 apud
282 2084 376 2112 Delos
397 2096 458 2114 esse
479 2086 595 2116 dicitur
617 2091 761 2128 Euhium
786 2092 822 2121 al.
845 2108 887 2114 —-
910 2095 936 2126 7)
959 2092 1007 2119 Sic
1025 2090 1080 2119 Gu.
1099 2095 1123 2122 2.

177 2142 213 2146 —
241 2136 344 2154 nomen
368 2139 487 2167 quoque
509 2136 534 2157 et
557 2133 629 2169 spol,
654 2134 709 2161 Gu.
734 2137 763 2165 2.
787 2152 827 2155 —
851 2136 983 2162 nominis
1005 2144 1124 2172 quoque

175 2168 275 2205 spolia
298 2170 392 2208 vulg„
416 2182 472 2200 om.
496 2174 568 2202 eius.
590 2190 631 2195 -—
654 2174 682 2214 8)
705 2176 754 2204 Sic
767 2177 824 2204 Gu.
843 2179 867 2207 1.
885 2179 913 2208 2.
938 2194 975 2198 --
994 2187 1123 2204 sororem

175 2209 255 2248 vulg.
287 2227 326 2233 ——
356 2211 386 2253 9)
408 2224 474 2242 eam
497 2215 565 2245 add.
591 2216 626 2244 al.
653 2234 687 2237 —
723 2216 769 2258 10)
796 2219 936 2247 Puritltes
958 2224 984 2246 ct
1007 2221 1123 2247 coriam<

176 2257 218 2279 tes
240 2251 320 2282 duae
339 2261 441 2293 gentes
462 2263 552 2296 apiae
574 2257 618 2285 ad
638 2258 765 2297 ludum,
787 2261 834 2289 Ιιίί
855 2263 1023 2289 cecinerunt
1051 2273 1123 2300 ορατ

176 2296 280 2322 uxoris
308 2297 450 2334 Saturni,
481 2299 555 2328 dum
579 2303 692 2339 peperit
726 2303 819 2331 Iovem
850 2304 917 2332 add.
953 2304 1009 2334 Gu.
1030 2308 1055 2335 1.
1082 2321 1123 2326 -—

175 2339 312 2367 emittant
335 2340 385 2369 Ar.
412 2357 453 2364 —
491 2342 536 2383 11)
559 2344 668 2372 Diana
684 2368 690 2374 .
708 2366 716 2373 .
732 2366 739 2373 .
756 2368 762 2374 .
794 2353 902 2374 vocata
918 2367 926 2375 .
944 2367 950 2373 .
968 2369 974 2375 .
1003 2348 1123 2376 Daana

176 2380 212 2408 al.
236 2397 276 2403 ——
310 2381 357 2423 12)
379 2383 429 2413 Sic
446 2385 502 2415 Gu.
519 2389 544 2417 1.
568 2404 605 2409 —
632 2386 720 2425 Vulg.
743 2388 820 2416 luna
843 2388 892 2417 dte
914 2399 950 2417 ac
971 2396 1060 2418 nocte.
1084 2409 1120 2412 —

1171 2009 1215 2039 15)
1239 2011 1265 2033 et
1282 2016 1339 2034 om.
1353 2006 1410 2034 Gu.
1430 2008 1458 2036 2.
1480 2020 1522 2026 —
1546 2003 1588 2042 18)
1607 2003 1701 2030 Locus
1726 2008 1770 2032 est
1792 2012 1808 2031 e
1829 2002 2005 2034 Prudent.1.
2023 2007 2117 2032 contr.

1168 2047 1335 2087 Symmach.
1360 2048 1429 2079 363.
1455 2063 1496 2068 —
1523 2049 1564 2080 19)
1588 2045 1637 2073 Sic
1655 2046 1712 2074 Gu.
1732 2048 1758 2076 1.
1772 2062 1814 2067 —
1836 2046 1986 2073 Latomiae
2010 2046 2061 2074 Ar.
2079 2065 2116 2069 -

1167 2092 1304 2119 Latonia
1327 2091 1382 2118 Gu.
1397 2092 1425 2120 2.
1446 2100 1491 2129 pr.
1516 2099 1562 2117 va.
1586 2104 1627 2110 —
1656 2089 1787 2116 Latonis
1810 2087 1889 2125 vulg.
1915 2088 2000 2116 Arev.
2024 2089 2120 2127 suspi-

1168 2139 1253 2162 catur
1276 2132 1426 2162 chtomis.
1457 2148 1498 2153 —
1520 2133 1565 2168 ⁶20)
1590 2132 1710 2159 Dicunt
1736 2136 1763 2159 et
1784 2131 2002 2168 Proserpinam
2020 2131 2056 2161 al.
2075 2147 2118 2153 —

1165 2174 1216 2217 21)
1239 2187 1272 2203 ex
1294 2187 1324 2203 eo
1347 2176 1396 2205 Ar.
1422 2191 1459 2196 -—
1492 2175 1539 2211 22)
1564 2174 1615 2202 Sic
1639 2174 1695 2202 Gu.
1716 2176 1742 2205 1.
1769 2176 1799 2205 2.
1823 2182 1869 2201 va.
1893 2174 1941 2203 Ar.
1965 2190 2016 2195 —›
2033 2179 2116 2214 tym-

1160 2229 1249 2258 pana
1271 2218 1352 2256 vulg.
1376 2236 1413 2240 —
1444 2217 1491 2255 23)
1519 2217 1618 2255 gallis
1649 2216 1700 2246 Ar.
1727 2231 1767 2236 —
1795 2215 1843 2252 24)
1866 2215 1915 2244 Sic
1944 2216 1999 2244 Gu.
2025 2219 2051 2246 1.
2077 2231 2117 2239 -

1166 2263 1222 2290 alit
1250 2261 1329 2298 vulg.
1352 2276 1393 2282 —
1420 2258 1466 2299 25)
1492 2271 1576 2288 verno
1594 2260 1631 2288 al.
1654 2275 1695 2280 —-
1718 2258 1766 2295 26)
1789 2257 1837 2286 Sic
1855 2258 1910 2286 Gu.
1929 2260 1996 2289 1.2.
2018 2258 2056 2288 al.
2069 2269 2115 2298 pr.

1164 2320 1206 2326 ·—
1224 2304 1397 2342 signficari
1419 2303 1498 2341 vulg.
1528 2320 1567 2324 -
1604 2305 1648 2336 27)
1673 2301 1722 2329 Sic
1751 2300 1806 2329 Gu.
1830 2303 1857 2332 1.
1876 2302 1905 2331 2.
1929 2311 1975 2330 va.
2002 2300 2054 2330 Ar.
2074 2317 2115 2322 —

1165 2346 1286 2375 vehitur
1307 2346 1386 2383 vulg.
1417 2363 1451 2367 —
1483 2343 1533 2386 23)
1556 2343 1641 2384 quod
1663 2344 1719 2372 Gu.
1739 2345 1768 2374 2.
1792 2358 1833 2366 ·-
1855 2342 1904 2380 29)
1926 2342 2034 2381 pendit
2059 2344 2114 2372 Gu.

1165 2391 1194 2421 2,
1218 2405 1258 2411 -
1280 2389 1331 2424 30)
1355 2399 1426 2417 aera
1450 2388 1487 2417 al.
1520 2404 1556 2409 —
1587 2385 1637 2427 31)
1657 2386 1779 2415 mobilis
1802 2385 1840 2415 al.
1859 2401 1895 2407 -
1924 2385 1970 2425 32)
1993 2386 2042 2414 sic
2058 2386 2113 2415 Gu.
