2203 2829
180 86 254 121 196

345 181 378 214 2.
431 180 532 214 Unde
567 185 599 213 et
633 179 724 225 apud
752 181 875 215 scribas
903 182 1097 216 dicebatur:
1135 182 1265 216 Geram
1288 182 1396 228 ferro
1432 194 1476 216 ne
1501 185 1651 219 caedito.

879 86 1058 122 lSlDORI
1083 87 1266 122 HISPAL.
1293 88 1439 124 EPISC.

1717 186 1839 219 Postea
1865 186 2048 222 institutum
2077 194 2135 232 est,

177 238 213 266 ut
240 230 370 267 ceram¹
400 233 526 265 ossibus
553 233 748 273 scriberent,
777 231 881 267 sicut²
907 234 1035 267 indicat
1061 235 1141 267 Atta
1166 235 1199 267 in
1227 241 1337 279 satyra
1364 235 1495 269 dicens:

411 282 596 317 l'ertdmus
622 283 796 317 vomerem
827 284 861 318 ίη
889 283 1052 328 οενάηι3,
1080 285 1313 331 mucroneque
1340 286 1480 320 aremus
1507 286 1614 324 osseo.

341 336 533 381 Graphium
561 340 671 368 autem
699 336 849 378 Graece,
876 337 995 371 Latine
1019 339 1230 383 scriptorium
1258 339 1388 374 dicitur.

797 422 948 457 CAP.
1003 425 1044 459 X.

1441 340 1529 372 Nam
1555 337 1677 388 γραφή
1705 340 1869 385 scriptura
1898 345 1946 374 est
1959 337 1981 375 ⁴.

1123 424 1209 458 De
1262 426 1504 459 cartis.

340 489 372 522 l.
427 488 603 522 Cartarum
630 501 724 523 usum
752 489 920 535 primum⁵
943 494 1122 539 Aegyptus
1149 494 1359 533 ministravit,
1387 499 1548 538 coeptum
1574 494 1665 539 apud
1689 492 1976 539 Memphiticam⁶
2003 495 2131 528 urbem.

174 539 348 585 Memphis
366 538 476 573 enim⁷
503 542 618 575 civitas
645 546 692 574 est
708 543 956 588 Aegyptiorum
968 542 990 587 ⁸,
1019 546 1074 578 ubi
1098 552 1209 578 cartae
1232 557 1307 578 usus
1332 547 1477 591 primum
1500 547 1649 579 inventus
1672 542 1764 589 est⁹‚
1797 547 1880 580 sicut
1902 547 1946 578 ait
1960 547 2131 581 Lucanus:

408 592 601 638 Conficitur
629 593 748 627 bibula
772 594 1016 641 Memphitisffl
1043 601 1147 630 carta
1167 608 1320 642 papyro.

172 642 331 675 Bibulam
360 649 472 677 autem
500 656 668 689 papyrum
696 646 777 679 dixit
804 648 896 691 quod
925 648 1103 682 humorem
1131 649 1232 683 bibat.

339 695 374 727 2.
428 696 528 729 Carta
555 702 666 730 autem
695 698 800 739 dicta,
831 700 924 743 quod
953 701 1094 745 carptim
1122 701 1244 745 papyri
1272 705 1408 745 tegmen
1436 700 1634 744 decerptum
1663 700 1855 745 glutinatur.
1897 699 1998 733 Cuius
2015 697 2037 716 ¹¹
2064 711 2128 745 ge-

171 757 248 778 nera
276 757 376 789 quam
404 748 550 792 plurima
562 744 586 765 ¹²
610 754 693 781 sunt.

171 797 345 831 Octaviani
359 795 382 815 ¹⁴
408 800 552 844 Augusti
579 801 759 844 appellata.

754 751 867 784 Prima
896 757 929 785 et
961 754 1144 797 praecipua
1179 754 1353 798 Augustea
1388 753 1501 798 regia,
1538 752 1672 786 maioris
1685 749 1707 769 ¹³
1733 752 1863 785 formae
1896 752 1929 784 in
1964 751 2127 785 honorem

336 849 371 884 3.
424 851 580 884 Secunda
608 850 793 896 Libyana¹⁵
821 855 864 886 ob
887 854 1050 887 honorem
1074 856 1205 899 Libyae
1229 855 1432 899 provinciae.
1467 855 1585 888 Tertia
1612 851 1807 889 hieratica¹⁶
1835 854 1938 895 dicta,
1965 865 2006 887 eo
2033 854 2126 898 quod

170 899 214 932 ad
242 912 353 934 sacros
381 901 484 935 libros
508 903 714 948 eligebatur,
741 906 854 938 similis
882 907 1091 951 Auguste-ae,
1120 908 1178 940 sed
1208 908 1431 942 subcolorata.

335 953 369 985 4.
424 954 552 995 Quarta
578 954 801 990 Teneotica¹⁷
825 969 843 989 a
870 957 947 991 loco
975 959 1217 1000 Alexandriae,
1258 959 1316 1002 qui
1342 959 1388 991 ita
1414 964 1570 997 vocatur,
1606 955 1700 991 ubi¹¹³
1727 958 1838 991 fiebat.

168 1002 233 1036 tica
260 1004 304 1036 ab
331 1006 462 1050 oppido
490 1002 588 1039 saiw.

334 1056 369 1092 5.
422 1057 522 1090 Sexta
552 1057 753 1091 Corneliana
786 1072 805 1092 a
832 1059 991 1094 Cornelio
1027 1061 1130 1095 Gallo
1164 1061 1339 1107 praefecto
1367 1061 1518 1106 Aegypti
1554 1061 1700 1105 primum
1737 1059 1900 1094 confecta.

1892 957 2016 999 Quinta
2050 956 2125 990 Sai-

1973 1059 2125 1104 Septima

169 1108 376 1150 emporetica
387 1104 429 1148 ²⁰,
457 1110 550 1152 quod
579 1121 618 1143 ea
645 1122 772 1145 merces
799 1112 1026 1156 involvuntur,
1054 1124 1130 1147 cum
1152 1116 1192 1146 sit
1219 1113 1387 1158 scripturis
1399 1110 1422 1130 ²¹
1452 1114 1558 1146 minus
1585 1113 1716 1145 idonea.

669 1195 697 1229 C
725 1197 754 1229 A
782 1197 819 1231 P.
872 1198 930 1230 xl.

335 1260 367 1292 l.
422 1259 659 1306 Pergameni²²
686 1276 784 1309 reges
827 1277 903 1299 cum
939 1263 1066 1298 carta²³
1102 1267 1309 1311 indigerent,
1356 1263 1586 1299 membrana²¹
1618 1264 1786 1312 primum2

1010 1198 1093 1232 De
1144 1198 1615 1244 pergamenis.

1788 1262 1799 1283 ⁵
1840 1266 2122 1310 excogitaverunt.

169 1309 269 1342 Unde
297 1315 330 1343 et
356 1311 674 1357 pergamenarum²⁰
702 1327 823 1348 nomen
852 1316 1026 1360 hucusque
1054 1318 1206 1351 tradente
1217 1315 1241 1335 ²⁷
1268 1319 1328 1350 sibi
1356 1319 1550 1363 posteritate
1561 1315 1586 1334 ²⁸
1609 1324 1773 1351 servatum
1802 1322 1857 1350 est.
1896 1314 2028 1351 Haec²q
2056 1314 2122 1350 et³⁰

166 1363 362 1395 membrana
389 1364 561 1405 dicuntur,
589 1366 667 1409 quia
694 1379 734 1400 ex
757 1369 915 1401 membris
944 1369 1116 1413 pecudum
1146 1369 1377 1404 detrahuntur.

331 1414 364 1448 2.
419 1416 560 1449 Fiebant
587 1424 698 1450 autem
711 1416 733 1435 ³¹
762 1420 907 1464 primum
944 1421 1066 1454 coloris
1100 1422 1197 1463 lutei,
1233 1422 1267 1454 id
1297 1427 1343 1454 est
1377 1421 1508 1461 crocei,
1545 1426 1662 1465 postea
1698 1431 1778 1453 vero
1812 1420 1943 1452 Romae
1975 1419 2121 1453 candida

167 1464 361 1497 membrana
388 1472 521 1510 reperta
548 1474 638 1509 sunt,
662 1471 755 1512 quod
783 1472 938 1515 apparuit
970 1472 1119 1505 inhabile
1147 1485 1234 1513 esse,
1261 1473 1355 1516 quod
1385 1478 1418 1505 et
1443 1473 1543 1506 facile
1569 1473 1773 1511 sordescant,
1801 1472 1975 1515 aciemque
2002 1472 2121 1516 legen*

165 1515 247 1548 tium
275 1517 429 1558 laedant,
473 1529 548 1551 cum
583 1521 756 1565 peritiores
791 1522 964 1555 architecti
1000 1535 1109 1567 neque
1136 1536 1235 1557 aurea
1272 1524 1441 1557 lacunaria
1470 1525 1626 1568 ponenda
1655 1525 1686 1556 in
1714 1523 1928 1556 bibliothecis
1956 1519 2119 1568 putent³²,

166 1579 275 1610 neque
301 1569 491 1613 pavimenta
518 1571 599 1614 alia,
627 1584 728 1615 quam
755 1585 773 1606 e
801 1573 961 1618 Carysteo
971 1571 997 1591 ³³
1023 1587 1210 1618 marmore,
1235 1575 1328 1619 quod
1352 1576 1421 1608 auri
1448 1575 1563 1620 fulgor
1575 1573 1599 1592 ³¹
1626 1575 1762 1608 hebetat
1776 1572 1810 1615 ³⁵,
1839 1580 1871 1608 et
1898 1575 2046 1619 Carystei
2069 1575 2119 1608 vi-

166 1618 279 1653 riditas
306 1621 434 1654 reficiat
457 1623 583 1657 oculos.

333 1671 366 1703 3.
420 1673 507 1706 Nam
535 1680 567 1707 et
593 1675 651 1718 qui
677 1677 930 1710 nummulariam
959 1677 1107 1720 discunt,
1149 1678 1362 1712 denariorum
1390 1677 1506 1711 formis
1533 1674 1714 1722 myrteos³⁶
1740 1688 1868 1721 pannos
1895 1673 2116 1717 subiiciunt³²‚

252 1774 280 1805 1)
304 1771 354 1799 Sic
371 1772 428 1801 Gu.
444 1776 470 1803 1.
485 1784 532 1813 pr.
549 1785 595 1804 va.
609 1773 659 1803 Ar.
679 1793 713 1797 -
732 1787 815 1805 cerae
829 1777 885 1805 Gu.
901 1782 929 1810 2.
947 1796 985 1801 -
1004 1781 1035 1806 in
1051 1790 1119 1807 cera

167 1812 248 1851 vulg.
293 1815 425 1843 Scribere
447 1822 491 1845 est
508 1816 536 1845 h.
549 1818 568 1846 I.
591 1819 745 1848 transitive
767 1820 898 1858 positum
919 1823 1063 1860 complere
1082 1823 1119 1849 li-

166 1857 247 1884 teri-⁵⁸.
270 1871 308 1877 ·—
328 1859 361 1885 in
383 1868 452 1886 cera
475 1860 530 1887 Gu.
549 1862 579 1891 3.
602 1877 644 1883 —
667 1860 698 1902 2)
722 1864 815 1890 sicuti
838 1864 895 1893 Gu.
914 1866 943 1895 2.
970 1881 1012 1885 --
1040 1864 1068 1903 3)
1087 1867 1118 1893 ἰη

166 1908 312 1927 vomerem
334 1902 367 1928 in.
389 1911 456 1929 cera
472 1902 527 1930 Gu.
543 1905 571 1933 2.
607 1903 716 1933 Versus
740 1910 784 1934 est
807 1905 954 1935 lambiens
975 1911 1120 1936 tetrame—

1163 1779 1269 1812 Arev..
1305 1779 1356 1817 qui
1377 1779 1529 1817 vulgatam
1553 1789 1589 1807 ex
1612 1778 1777 1806 scribarum
1801 1788 1902 1806 errore
1925 1783 2019 1806 ortam
2043 1787 2115 1805 cen-

1163 1828 1223 1857 set,
1248 1832 1340 1860 quum
1364 1823 1444 1861 apud
1469 1822 1544 1850 Plin.
1570 1821 1606 1849 Η.
1632 1822 1667 1849 Ν.
1691 1821 1770 1857 Xlll,
1797 1824 1862 1854 12,
1885 1820 1964 1849 unde
1986 1831 2039 1849 sua
2063 1819 2114 1849 ha-

1162 1865 1213 1893 bet
1239 1865 1360 1902 Isidor.,
1385 1865 1422 1893 sit
1438 1866 1558 1893 Liviae.
1606 1865 1642 1892 At
1666 1868 1699 1892 ut
1722 1864 1751 1891 in
1770 1864 1858 1892 tertio
1875 1873 1981 1901 genere
2003 1863 2115 1892 disces—

1162 1908 1201 1936 sit
1224 1918 1239 1936 a
1267 1908 1356 1943 plin„
1388 1907 1437 1945 qui
1462 1907 1745 1945 amphitheatricum
1776 1907 1908 1935 nominat
1931 1916 1987 1946 pro
2009 1906 2114 1934 hiera-

166 1945 214 1970 lel‘
230 1943 472 1973 acatalectus·—
492 1946 519 1982 4)
533 1945 582 1973 Sic
599 1946 654 1977 Gu.
671 1950 698 1979 1.
718 1950 747 1979 3.
764 1949 813 1978 Ar.
829 1966 871 1970 —
887 1949 1001 1977 dicitur
1016 1952 1118 1988 script.
1163 1952 1242 1988 tica,
1266 1951 1308 1979 sic
1331 1950 1420 1979 etiam
1444 1949 1501 1978 h.l.
1517 1949 1670 1979 discedere
1693 1949 1800 1988 potuit.
1830 1967 1861 1971 -
1890 1948 1937 1990 16)
1954 1950 2114 1977 hieraniea

166 1984 249 2022 vulg·
271 2002 310 2006 -
331 1988 433 2025 script·
460 1986 519 2015 (lic-
544 1988 600 2016 Gu.
625 1992 653 2019 2.
673 1990 709 2018 al.
733 2001 778 2029 pr.
801 2001 849 2020 va.
871 2009 914 2013 —
943 1995 970 2025 5)
996 1995 1120 2030 primns
1163 1994 1221 2023 Gu.
1245 1996 1272 2025 1.
1290 2009 1330 2015 -
1355 1995 1398 2023 17)
1423 1995 1594 2020 εεοηεοείςα
1617 1994 1673 2021 Gu.
1698 1996 1724 2023 1.
1741 2009 1774 2013 —
1800 1992 1979 2020 Taeniotica
2001 1992 2053 2020 Ar.
2071 2007 2113 2013 -

167 2027 221 2056 Gu.
239 2029 268 2058 2.
280 2044 322 2049 —
343 2032 374 2064 6)
396 2030 595 2068 memplu'cam
616 2032 672 2060 Gu.
688 2035 716 2063 2.
730 2049 772 2054 —
795 2035 1016 2073 memphiacam
1032 2035 1120 2064 al.—-
1164 2038 1210 2071 18)
1231 2035 1285 2063 nbi
1303 2046 1360 2064 om.
1379 2036 1434 2063 Gu.
1455 2038 1479 2066 1.
1498 2039 1526 2067 2.
1541 2053 1582 2057 —
1606 2034 1651 2075 19)
1669 2035 1717 2063 Sic
1740 2035 1829 2064 Arev.
1847 2045 1862 2064 e
1878 2035 1952 2063 Plin.
1972 2053 2006 2057 —
2025 2034 2111 2072 Vulg.

167 2072 194 2102 7)
217 2070 265 2098 Sic
280 2071 336 2099 GU·
353 2074 416 2103 1.2.
431 2082 475 2111 pr.
493 2083 539 2101 va.
564 2074 613 2103 Ar.
634 2091 677 2096 —
698 2086 830 2114 namque
852 2078 933 2116 vulg.
959 2096 996 2100 —
1024 2076 1054 2117 8)
1070 2078 1118 2106 Sic
1162 2080 1281 2106 Saltim
1298 2095 1341 2101 —
1355 2078 1436 2106 Salo.
1459 2094 1499 2100 —
1523 2077 1568 2117 ΞΟ)
1592 2079 1756 2116 emptorica
1781 2078 1881 2109 Gu.1.
1903 2093 1945 2099 —
1968 2075 2017 2117 21)
2037 2079 2111 2104 scri-

169 2112 224 2141 Gu.
246 2115 272 2144 1.
291 2129 333 2136 -
353 2114 429 2152 Aeg.
452 2121 495 2142 est
516 2115 594 2153 vulg.
619 2132 660 2138 —
682 2120 709 2151 9)
728 2118 776 2146 sic
801 2120 856 2149 Gu.
880 2124 906 2151 1.
928 2139 961 2142 —
988 2122 1049 2147 inv.
1076 2126 1118 2148 est
1155 2123 1242 2160 ptori
1262 2121 1298 2149 al.
1321 2136 1363 2142 —
1384 2120 1432 2156 29)
1450 2122 1631 2158 Pergameae
1655 2121 1712 2149 Gu.
1731 2124 1757 2152 1.
1780 2136 1822 2142 —
1842 2122 2032 2158 Pergamena
2054 2120 2111 2148 Gu.

164 2156 254 2191 prim.
277 2157 357 2194 vulg.
379 2173 422 2178 —
457 2155 502 2197 10)
525 2159 729 2196 stlemplziticis
753 2161 809 2189 Gu.
832 2162 861 2193 4.
886 2168 915 2191 et
938 2163 977 2191 ita
1000 2163 1032 2190 1¹11
1056 2162 1117 2193 MS.
1160 2167 1189 2195 2.
1214 2181 1251 2186 -
1276 2163 1324 2200 23)
1340 2163 1468 2190 cartulis
1485 2164 1522 2191 al.
1546 2180 1587 2184 —
1609 2162 1656 2203 ⁵24)
1672 2164 1721 2191 Sic
1738 2164 1794 2193 Gu.
1812 2166 1840 2194 1.
1856 2165 1885 2193 2.
1900 2163 1951 2192 Ar.
1968 2173 2111 2191 —mem-

169 2196 354 2235 Longobard.
378 2199 485 2228 Isidori
507 2210 537 2228 se
552 2201 696 2239 reperisse
712 2208 839 2232 testatur
850 2205 937 2234 Corte
956 2205 992 2233 ad
1007 2205 1116 2234 Lucan.
1160 2206 1275 2234 brana-5
1289 2206 1369 2243 vulg.
1390 2221 1429 2225 —
1452 2209 1497 2243 25)
1514 2206 1563 2234 Sic
1580 2208 1635 2235 Gu.
1654 2209 1679 2236 1.
1694 2223 1734 2228 —
1746 2207 1848 2244 primo
1865 2206 1945 2243 vulg.
1963 2206 2110 2244 —primi

168 2238 218 2272 IV,
236 2242 317 2279 135„
339 2242 419 2280 apud
442 2253 529 2281 quem
549 2248 607 2272 est:
632 2242 810 2273 Conseritur
824 2247 928 2276 bibula
943 2249 1118 2285 Memphitis
1160 2251 1216 2278 (ἆυ.
1236 2252 1263 2281 2⁴
1287 2248 1324 2277 al.
1348 2258 1393 2286 pr.
1412 2248 1460 2277 Ar.
1482 2265 1524 2269 -—
1547 2253 1591 2282 ⁶213)
1612 2259 1867 2287 pergamenorum
1891 2250 1948 2276 Gu.
1965 2251 1992 2279 2.
2008 2249 2045 2279 al,
2062 2258 2108 2277 va.

169 2282 274 2319 cymba
291 2294 417 2321 papyro.
441 2303 480 2307 —
506 2285 552 2323 11)
578 2284 639 2315 Cui
662 2287 717 2316 Gu.
744 2290 769 2318 1.
802 2305 836 2310 —
875 2290 917 2328 12)
942 2291 991 2318 Sic
1014 2291 1068 2318 Gu.
1089 2294 1116 2322 1.
1158 2308 1201 2313 —
1230 2291 1278 2328 27)
1306 2289 1457 2318 tradentes
1480 2292 1537 2319 Gu.
1564 2294 1590 2323 1,
1613 2308 1655 2314 -
1677 2290 1726 2332 2⁷5)
1748 2292 1796 2319 Sic
1820 2292 1875 2319 Gu.
1897 2294 1923 2322 1.
1941 2294 1970 2323 2.
1988 2301 2034 2319 va.
2058 2290 2107 2320 Ar.

164 2324 261 2361 plura
283 2326 365 2363 vulg.
388 2343 429 2348 —
460 2329 508 2364 13)
531 2334 557 2356 et
580 2330 752 2367 maiori-ss.
778 2330 829 2359 Ar.
853 2348 894 2353 —
924 2334 968 2369 14)
994 2334 1116 2361 Octavii
1157 2351 1200 2357 —
1223 2333 1308 2370 Vulg.
1326 2339 1440 2371 poster.
1463 2334 1523 2361 sihi
1538 2350 1580 2356 -—
1601 2335 1661 2362 sihi
1683 2335 1723 2363 al.
1745 2344 1803 2363 om.
1829 2349 1867 2355 —-
1892 2333 1938 2372 29)
1960 2335 2030 2362 IIoc
2051 2334 2108 2362 Gu.

168 2367 220 2395 Ar.
242 2384 284 2390 —
307 2367 352 2409 15)
376 2369 701 2410 Liviana—Liviae,
725 2373 834 2402 omisso
853 2385 918 2404 voc.
936 2378 1115 2414 provinciae
1159 2380 1185 2408 1.
1208 2393 1249 2398 —
1270 2377 1316 2414 30)
1339 2382 1367 2405 et
1387 2387 1445 2405 om.
1469 2377 1518 2406 Ar.
1543 2393 1584 2399 —
1605 2376 1651 2416 31)
1675 2379 1752 2405 enim
1773 2386 1822 2416 pr.
1843 2386 1889 2407 va.
1909 2391 1951 2398 -—
1979 2377 2028 2416 32)
2044 2386 2107 2415 pu·
