2255 2819
243 101 319 135 530
931 92 1109 128 ISIDORI
1141 93 1322 127 HISPAL.
1356 93 1499 129 EPISC.

407 191 441 223 2.
494 184 697 223 Arbustum¹
724 186 824 218 arbor
850 185 983 218 novella
1018 191 1051 218 et
1083 191 1212 227 tenera⁷
1245 188 1277 220 in
1312 199 1377 231 qua
1409 187 1541 220 insertio
1577 188 1648 221 fieri
1677 192 1806 233 potest,
1844 194 1876 222 et
1914 189 2003 224 dicta
2036 191 2179 236 arbusta,

245 245 336 290 quasi
363 242 489 276 arboris
510 241 613 273 hasta.
666 238 732 270 Alii
759 237 927 270 arbustum
949 237 1073 277 locum,
1101 238 1133 270 in
1161 250 1228 282 quo
1256 239 1390 272 arbores
1416 245 1506 280 sunt,
1544 241 1658 273 volunt
1686 240 1857 285 accipere,
1884 241 1968 275 sicut
1994 241 2143 276 salictum
2159 240 2180 278 ².

244 293 325 331 Sic³
348 300 380 329 et
404 287 595 331 virectu1n⁴‚
623 290 679 322 ubi
694 286 706 306 5
733 290 881 333 virgulae
904 290 1055 322 novellae
1070 287 1082 306 ⁶
1109 295 1142 322 et
1170 291 1317 324 virentes.

408 345 440 377 3.
495 342 605 375 Arbor
631 337 733 374 νετοτ
761 346 793 372 et
813 341 982 373 fructifera
1009 346 1042 373 et
1067 341 1206 381 sterilis,
1233 342 1332 374 arbos
1359 346 1467 373 autem
1496 353 1561 374 non
1587 343 1646 375 nisi
1669 342 1850 376 fructifera.
1905 343 2039 377 Genere
2071 349 2182 377 autem

244 399 400 432 feminino
428 394 561 426 arbores
584 393 736 431 dicimus,
765 404 868 436 poma
896 404 974 424 vero
1001 398 1130 427 neutro.

406 445 442 480 4.
497 445 619 478 Frutex
646 445 754 477 brevis
781 450 827 476 est
850 444 1049 488 appellatus,
1076 440 1155 487 qui8
1187 448 1308 476 terram
1336 443 1456 476 fronde
1476 448 1587 488 tegat,
1623 444 1714 478 cuius
1748 445 1878 489 plurale
1905 455 2027 478 nomen
2062 446 2183 479 fruteta

244 501 343 533 arbor
369 498 436 530 alta
463 502 520 530 est.

406 547 441 581 5.
493 547 585 580 Silva
611 558 690 579 vero
718 546 856 591 spissum
883 558 996 579 nemus
1022 551 1054 579 et
1074 547 1185 579 breve.
1240 545 1333 578 Silva
1356 545 1445 579 dicta
1472 546 1565 588 quasi
1591 547 1694 587 xilva,
1724 547 1817 590 quod
1848 547 1893 580 ibi
1923 548 2015 592 ligna
2038 547 2182 582 caedan-

244 609 294 635 tur
308 598 329 636 ⁰.
384 601 467 633 Nam
495 599 619 632 Graeci
646 596 747 638 ξύλον
774 599 901 643 lignum
936 598 1058 632 dicunt.
1113 598 1221 630 Multa
1258 597 1344 629 enim
1361 593 1384 612 ¹⁰
1424 597 1557 629 nomina
1584 598 1750 632 Graecam
1782 599 1981 643 plerumque
2016 600 2183 643 etymolo-

244 655 334 699 giam
364 652 534 696 recipiunt.

407 703 440 735 6.
494 703 618 734 Nemus
650 712 669 732 a
691 701 875 733 numinibus
898 704 1142 744 nuncupatum,
1176 699 1252 742 quia
1279 700 1404 743 pagani
1439 699 1482 732 ibi
1515 699 1607 732 idola
1642 698 1925 735 consecrabantfl.
1977 701 2062 734 Sunt
2097 702 2183 734 enim

244 766 380 789 nemora
406 755 541 786 arbores
563 752 712 791 maiorm,
740 753 914 784 umbrosae
941 752 1123 784 frondibus.

407 805 441 838 7.
495 805 605 837 Lucus
632 809 681 836 est
708 803 849 836 densitas
876 804 1032 836 arborum
1060 803 1130 835 solo
1155 802 1262 834 lucem
1288 801 1484 841 detrahens,
1512 807 1611 846 tropo
1636 801 1817 846 antiphrasi
1831 800 1864 843 ¹²,
1892 815 1932 836 eo
1960 804 2052 847 quod
2068 801 2091 820 ¹³
2117 815 2183 836 non

246 859 365 899 luceat,
393 857 458 889 sive
485 868 503 888 a
527 856 614 898 luce,
642 855 734 898 quod
761 856 793 887 in
822 866 862 887 eo
893 856 1049 888 lucebant
1075 854 1209 894 funalia,
1239 853 1291 886 vel
1320 854 1405 886 cerei
1432 859 1572 898 propter
1601 865 1774 886 nemorum
1802 855 1934 887 umbras
1947 851 1981 889 ¹⁴.

408 916 442 950 8.
497 916 607 948 Saltus
635 919 682 947 est
708 915 848 948 densitas
873 915 1030 947 arborum
1057 914 1135 955 alta,
1162 918 1280 946 vocata
1307 912 1375 946 hoc
1400 914 1542 954 nomine,
1571 925 1612 946 eo
1638 914 1731 957 quod
1760 914 1868 947 exiliat
1894 915 1927 947 in
1955 915 2068 957 altum,
2093 920 2126 947 et
2150 915 2183 947 in

246 969 383 1002 sublime
396 966 418 985 ¹⁵
444 971 633 1010 consurgat.

408 1018 442 1051 9.
495 1017 626 1050 Aviaria
654 1022 778 1050 secreta
805 1028 941 1050 nemora
969 1017 1074 1057 dicta,
1102 1015 1195 1059 quod
1224 1027 1262 1048 ea
1279 1011 1302 1032 ¹⁰

1328 1026 1404 1047 aves
1431 1015 1650 1058 frequentant.

409 1077 466 1109 10.
520 1077 683 1109 Recidiva
710 1077 866 1109 arborum
898 1081 986 1118 sunt,
1021 1087 1107 1118 quae
1141 1071 1250 1107 aliis¹⁷
1283 1076 1378 1108 sectis
1409 1075 1620 1119 repullulant.
1675 1075 1740 1108 Alii
1772 1074 1917 1108 recidiva
1953 1088 1972 1107 a
1998 1072 2185 1109 cadendoffi

246 1130 368 1171 dicunt,
395 1129 472 1172 quia
498 1133 575 1173 post
601 1139 712 1161 casum
739 1132 914 1160 nascuntur
929 1124 960 1161 ¹⁹.
1012 1127 1079 1159 Alii
1113 1138 1131 1158 a
1164 1126 1347 1159 recidendo
1387 1131 1419 1158 et
1453 1126 1688 1170 repullulando
1721 1126 1881 1158 dixerunt.
1934 1128 2028 1171 Ergo
2063 1127 2185 1161 recidi-

247 1193 334 1222 vum,
360 1181 417 1213 ubi
445 1191 534 1213 mors
561 1185 616 1212 aut
642 1190 743 1212 casus.

410 1239 468 1272 ll.
522 1239 633 1272 Insitio
649 1236 674 1255 ²⁰
700 1238 837 1278 dicitur,
874 1248 949 1270 cum
976 1231 1110 1270 ἰιιοὶςο21
1144 1240 1260 1268 trunco
1295 1237 1442 1269 surculus
1475 1236 1663 1269 foecundae
1696 1237 1821 1269 arboris
1856 1234 1992 1270 sterili²²
2026 1238 2185 1279 inseritur,

246 1296 301 1325 aut
328 1291 502 1325 oculorum
530 1290 709 1334 impositio,
737 1301 822 1330 cum,
851 1289 951 1321 inciso
979 1288 1102 1322 cortice
1114 1284 1149 1328 Ἠ,
1177 1287 1264 1319 libro
1292 1287 1421 1320 alienae
1448 1288 1574 1320 arboris
1600 1299 1739 1332 germen
1765 1288 1957 1321 immittitur.

412 1350 467 1383 12.
522 1351 659 1383 Plantae
687 1354 758 1381 sunt
782 1349 824 1381 de
851 1349 1033 1388 arboribus,
1062 1347 1225 1391 plantaria
1252 1359 1344 1389 vero,
1372 1359 1457 1391 quae
1485 1360 1524 1381 ex
1554 1347 1731 1381 seminibus
1764 1353 1840 1380 nata
1867 1353 1939 1381 sunt
1961 1359 2037 1381 cum
2064 1348 2185 1382 radici-

247 1403 319 1444 bus,
347 1407 380 1435 et
406 1414 425 1434 a
451 1406 537 1435 terra
564 1402 701 1446 propria
728 1401 974 1432 transferuntur.
1637 1408 1641 1414 ·

413 1461 468 1493 13.
523 1461 670 1505 Cespites
697 1462 830 1494 frutices
856 1466 938 1498 sunt,
964 1458 1057 1501 quasi
1084 1459 1236 1502 cuspites,
1263 1459 1317 1491 vel
1345 1460 1436 1501 quasi
1464 1459 1552 1493 circa
1579 1459 1693 1503 pedes.

350 1513 511 1551 Frondes,
533 1513 625 1555 quod
653 1513 758 1545 serant
784 1512 935 1556 virgulta,
965 1511 1017 1543 vel
1045 1510 1188 1551 umbras,
1215 1515 1288 1542 sunt
1315 1510 1401 1542 enim
1416 1507 1440 1527 ²⁴
1467 1522 1566 1545 causa
1593 1511 1793 1544 umbrarum.

352 1564 453 1598 Oculi
475 1564 555 1596 nodi
583 1569 666 1603 sunt,
693 1575 734 1596 ex
760 1565 879 1606 quibus
908 1562 1045 1595 frondes
1072 1566 1199 1594 exeunt.

401 1623 459 1658 l-le.
513 1624 623 1656 Radix
651 1623 849 1667 appellatur⁷
876 1623 969 1665 quod
996 1622 1087 1665 quasi
1114 1621 1214 1654 radiis
1240 1620 1438 1663 quibusdam
1466 1621 1529 1653 fixa
1551 1622 1665 1663 terris,
1692 1621 1725 1653 in
1748 1620 1914 1664 profunda
1930 1617 1955 1637 ²⁵
1981 1619 2185 1664 dimergitur.

250 1674 336 1705 Nam
372 1673 502 1718 physici
537 1675 650 1708 dicunt
685 1686 800 1718 parem
840 1686 907 1706 esse
945 1674 1152 1706 altitudinem
1181 1673 1330 1705 radicum
1358 1677 1389 1705 et
1416 1673 1583 1705 arborum.
1636 1673 1702 1705 Alii
1739 1672 1884 1705 radicem
1919 1683 1937 1703 a
1974 1671 2186 1703 similitudine

250 1725 417 1758 radiorum
446 1726 567 1760 dictam
596 1730 722 1770 putant,
748 1726 801 1758 vel
829 1727 916 1768 quia,
944 1725 969 1758 si
997 1725 1161 1764 eradatur,
1187 1735 1253 1756 non
1276 1723 1465 1767 repullulat.

416 1775 473 1809 15.
527 1778 680 1810 Truncus
707 1781 754 1810 est
780 1782 902 1809 statura
929 1777 1053 1808 arboris
1080 1776 1225 1807 insistens
1251 1775 1365 1808 radici.

355 1826 522 1862 Corticem
550 1834 674 1862 veteres
695 1840 851 1863 corucem
878 1829 1049 1862 vocabant.
1103 1827 1217 1860 Dictus
1244 1831 1354 1860 autem
1377 1830 1500 1868 cortex,
1527 1825 1619 1868 quod
1650 1824 1742 1857 corio
1769 1825 1895 1870 lignum
1923 1818 2059 1869 tegat²⁶.

340 1942 369 1981 l)
385 1943 433 1970 Sic
460 1945 508 1973 Ar.
534 1961 572 1966 —
604 1946 740 1973 Arhusm
770 1946 851 1983 vulg.
876 1964 912 1967 —
936 1946 1073 1973 Arlmsm
1102 1951 1199 1973 «ulan
1245 1944 1316 1971 bras
1338 1944 1419 1981 vulg.
1441 1959 1483 1965 —
1516 1943 1559 1978 15)
1582 1941 1706 1969 sublimi
1730 1943 1787 1970 Gu.
1810 1944 1838 1972 2.
1860 1958 1903 1964 -—
1942 1942 1988 1978 16)
2011 1942 2054 1969 ihi
2077 1942 2133 1972 Gn.
2156 1944 2185 1972 2-

255 1985 318 2013 arb.
340 1994 385 2014 va.
404 2001 445 2006 -—-
468 1985 499 2025 9)
515 1989 664 2016 ctsalicta
678 1989 744 2016 add.
762 1989 819 2016 Gu.
844 1992 868 2018 1.
892 2004 932 2009 -—-
954 1989 985 2025 3)
1007 1990 1056 2016 Si<-
1072 1999 1129 2018 om.
1143 1990 1201 2016 (ju.
1247 1987 1283 2014 al.
1306 1997 1351 2014 va.
1374 2002 1415 2007 --
1444 1987 1486 2022 17)
1501 1995 1533 2012 ex
1560 1985 1632 2011 aliis
1655 1994 1701 2013 va.
1731 2002 1771 2008 —
1810 1987 1852 2021 18)
1876 1985 1924 2012 Sic
1948 1985 2002 2014 Gu.
2024 1988 2052 2016 2.
2075 1984 2123 2012 Ar.
2145 1999 2187 2005 —

258 2031 284 2058 1.
310 2043 346 2047 -—
373 2028 404 2062 4)
429 2029 539 2056 ι’ίνείῐα
570 2030 624 2057 Gu.
652 2035 679 2062 2.
710 2031 746 2059 al.
779 2041 825 2068 pr.
849 2041 894 2058 va.
920 2047 954 2051 ο
993 2031 1022 2070 5)
1045 2032 1152 2058 salicos·
1177 2035 1203 2058 et
1246 2028 1394 2056 cuedmdo
1423 2028 1501 2064 vulg.
1526 2043 1568 2048 —
1598 2025 1642 2065 19)
1660 2029 1798 2055 nascitur
1821 2028 1876 2055 Gu.
1903 2029 1929 2057 1.
1953 2030 1980 2058 2.
2004 2043 2044 2048 —
2066 2026 2115 2064 20)
2138 2025 2187 2054 In-

255 2071 331 2107 virg.
356 2069 411 2097 Gu.
430 2071 457 2099 1.
482 2087 523 2092 —
543 2074 570 2108 G)
593 2074 724 2100 nom-llas
747 2083 802 2101 om.
828 2074 874 2101 Ar.
899 2089 941 2094 -
968 2072 996 2111 7)
1021 2074 1069 2101 Sic
1095 2074 1149 2101 Gu.
1174 2076 1201 2104 1.
1245 2073 1334 2099 ‹Se'l'll'o
1357 2081 1401 2109 pr.
1424 2086 1465 2090 —-
1502 2074 1548 2106 21)
1566 2070 1613 2097 Sic
1637 2071 1692 2097 Gu.
1717 2074 1743 2100 1.
1762 2073 1790 2102 2.
1813 2085 1852 2091 —-
1867 2070 1945 2107 fisso
1967 2069 2048 2107 vulg.
2069 2085 2112 2090 —-
2137 2068 2186 2106 92)

256 2128 297 2133 ..-
320 2117 420 2139 autem
442 2113 524 2150 vulg.
570 2114 634 2141 Om.
660 2125 705 2143 va.
733 2131 772 2136 —-
809 2119 835 2149 ὃ)
860 2115 906 2142 Sic
929 2116 984 2143 Gu.
1007 2119 1031 2146 2.
1058 2134 1095 2137 —
1121 2114 1205 2153 quod
1245 2114 1398 2151 sterilique
1422 2113 1476 2140 Gu.
1493 2115 1519 2142 P.
1545 2128 1576 2132 -—
1605 2115 1649 2146 23)
1673 2115 1794 2140 corticis
1816 2123 1862 2142 va.
1884 2128 1926 2134 -—
1947 2113 1993 2149 24¹)
2007 2112 2056 2139 Sic
2082 2111 2138 2139 Gu.
2157 2113 2185 2141 1.

256 2154 337 2191 vulg.
359 2170 399 2176 --
422 2155 452 2190 9)
471 2154 639 2183 caeduntur
663 2158 716 2183 Gu.
733 2160 760 2188 2.
780 2174 815 2177 ——
842 2155 885 2196 10)
903 2159 1019 2185 Latina
1037 2158 1102 2186 add.
1120 2158 1200 2195 vulg.
1243 2159 1273 2187 2.
1300 2166 1346 2184 va.
1370 2172 1409 2176 —
1432 2161 1533 2182 (tutan.
1562 2154 1639 2191 vulg.
1662 2171 1703 2176 —
1733 2156 1779 2191 25)
1791 2154 1981 2193 profundum
2003 2164 2047 2183 va.
2071 2169 2112 2175 -·
2140 2153 2186 2189 26)

260 2213 298 2218 -
321 2197 385 2224 Om.
407 2197 463 2227 Gu.
482 2200 509 2228 1.
535 2207 579 2227 va.
604 2214 639 2218 -
674 2203 715 2229 11)
737 2199 783 2225 Sic
808 2201 862 2226 (ἆυ.
887 2203 910 2228 1.
931 2202 959 2230 2.
983 2218 1019 2221 —
1043 2206 1202 2227 commue-
1243 2200 1315 2236 1cgit
1338 2208 1382 2225 va.
1408 2214 1445 2218 —
1470 2197 1514 2234 27)
1534 2196 1689 2234 quoddam
1712 2208 1768 2226 om.
1789 2209 1834 2226 va.
1858 2213 1895 2219 -—
1930 2195 1977 2236 28)
1999 2197 2094 2224 ramis
2114 2204 2186 2221 szcr-

259 2238 331 2266 bant
359 2238 437 2276 vulg.
470 2257 507 2261 —
552 2241 593 2276 19)
618 2245 702 2276 tropo
730 2242 922 2277 antiplmz.sin
953 2242 988 2269 al.
1020 2252 1064 2279 pr.
1092 2252 1137 2270 va.
1159 2258 1202 2264 —
1243 2241 1306 2268 ι-ιιῖκζ
1331 2241 1387 2268 Gu.
1413 2243 1448 2273 1.‚
1473 2240 1580 2268 omisso
1595 2246 1698 2268 celcra.
1716 2256 1754 2262 —
1777 2239 1822 2279 29)
1846 2245 1918 2267 sunt
1935 2238 2036 2268 addidi
2053 2248 2068 2266 e
2085 2237 2140 2265 Gu.
2157 2239 2184 2267 1·

260 2287 343 2318 tropo
365 2282 510 2318 antifrasi
532 2282 586 2311 Gu.
613 2284 639 2312 1.
658 2283 705 2309 Ar.
728 2298 768 2304 ·-—
791 2282 876 2319 Vulg.
899 2290 981 2321 tropo
1001 2295 1054 2321 per
1068 2285 1202 2322 antiphr.
1245 2286 1270 2314 2.
1287 2299 1325 2304 —
1349 2282 1394 2321 50)
1414 2282 1447 2310 (lae'
1471 2293 1527 2310 om.
1553 2284 1606 2310 (ἆυ.
1626 2285 1649 2312 1.
1675 2298 1716 2304 --
1737 2283 1785 2320 31)
1798 2284 1853 2321 qni
1873 2293 1930 2312 om.
1956 2282 2013 2308 Gu.
2034 2282 2114 2310 1.-
2135 2277 2184 2317 32)

261 2339 300 2343 -
325 2325 368 2361 13)
390 2325 423 2350 in
446 2335 476 2352 eo
499 2324 566 2352 add.
590 2325 646 2352 Gu.
667 2326 695 2355 2-
713 2339 753 2344 —
793 2325 834 2357 14)
858 2325 908 2353 Sic
930 2326 985 2354 Gu.
1012 2329 1040 2357 1.
1065 2345 1102 2350 —
1126 2333 1202 2355 tene-
1244 2336 1263 2353 (ι
1286 2325 1388 2353 radic-e
1409 2336 1454 2354 va.
1477 2342 1519 2348 —-
1539 2323 1589 2364 33)
1613 2326 1687 2362 quia
1709 2335 1765 2364 pro
1788 2324 1873 2363 quod
1893 2325 1947 2353 Gu.
1962 2326 1988 2353 1·
2004 2340 2040 2344 —-
2064 2319 2111 2360 34)
2136 2320 2183 2349 Sic
