2264 2830
765 92 1010 129 ORIGINUM
1036 94 1181 130 LIBER
1208 97 1299 132 vul.

863 184 876 205 5

238 192 297 226 23.
352 192 414 225 Bel
446 192 574 224 idolum
611 185 862 233 Babylonium³

903 193 970 230 est,
1009 191 1101 233 quod
1113 187 1137 208 ³⁶
1165 192 1400 237 interpretatur
1434 196 1536 224 vetus.

1951 103 2026 138 273

1596 191 1675 224 Fuit
1710 193 1796 226 enim
1831 193 1888 230 hic
1923 198 2025 233 Belus

74 250 170 290 pater
197 245 290 285 Nini,
325 245 452 289 primus
465 241 489 260 ³⁷
516 253 572 276 rex
601 242 828 285 Assyriorum,
862 252 962 284 quem
997 243 1133 286 quidam
1164 244 1343 277 Saturnum
1372 244 1562 288 appellant,
1597 243 1690 287 quod
1719 256 1839 279 nomen
1875 254 1906 281 et
1934 251 2025 295 apud

74 297 224 341 Assyrios
252 301 284 329 et
311 296 401 341 apud
430 295 530 328 Afros
557 298 674 338 postea
701 294 826 327 cultum
855 297 914 335 est,
942 295 1030 327 unde
1059 300 1092 327 et
1120 295 1233 340 lingua
1262 296 1387 329 Punica
1414 293 1513 328 11a1³⁶
1540 295 1630 328 Deus
1657 296 1788 330 dicitur.
1830 299 1935 344 Apud
1959 304 2025 335 As-

74 350 179 392 syrios
208 353 318 381 autem
346 348 409 381 Bel
434 351 571 381 vocatur
598 342 780 388 quadam³⁰
807 343 1011 378 sacrorum⁴⁰
1037 358 1172 381 suorum
1200 349 1328 380 ratione
1355 343 1420 380 et⁴¹
1449 348 1609 380 Saturnus
1636 352 1668 380 et
1694 349 1754 383 sol.

241 399 299 432 2⁴.

358 394 612 442 Beelphegor⁴²
655 397 890 441 interpretatur
925 398 1135 431 simulacrum
1178 399 1390 444 ignominiae.

1468 399 1601 432 Idolum
1644 396 1766 432 enim⁴³
1806 401 1869 434 suit
1907 402 2026 447 Moab,

76 457 301 497 cognomento
328 451 431 491 Rani,
458 461 557 494 super
581 455 726 481 montem
761 449 916 494 Pllegor‚
945 461 1044 492 quem
1072 451 1182 482 Latini
1211 452 1368 495 Priapum
1396 455 1533 490 vocant,
1561 450 1660 483 deum
1690 450 1874 486 hortorum.

266 501 280 510 r

239 504 297 535 2.).

352 502 428 534 Fuit
456 503 543 534 enim
568 501 610 534 dc
638 502 826 545 Lampsaco
837 498 861 517 Η
889 502 1021 534 civitate
1049 502 1281 547 Hellesponti,
1311 502 1354 534 de
1378 513 1443 545 qua
1471 502 1582 546 pulsus
1611 509 1674 543 est,
1701 509 1733 536 ct
1760 511 1901 549 propter
1927 506 2026 539 virilis

76 555 215 587 membri
243 553 506 598 magnitudinem
534 554 566 585 in
595 564 733 585 numero
746 549 770 569 ⁴⁵
798 552 937 585 deorum
964 565 1098 586 suorum
1127 565 1204 586 eum
1233 554 1358 586 Graeci
1385 553 1638 592 transtulerunt,
1668 559 1700 586 vt
1728 556 1759 587 in
1787 568 1907 590 numen
1923 554 1944 575 ’ὃ
1972 571 2025 591 sa-

76 610 249 639 craverunt
276 605 471 646 hortorum,
499 605 588 637 unde
617 601 681 636 et⁴⁷
710 605 832 636 dicitur
864 616 1019 649 praeesse
1053 605 1158 638 hortis
1192 612 1332 650 propter
1360 616 1474 637 corum
1504 605 1774 640 foecunditatem.

237 655 295 690 26.
349 657 543 689 Beelzebub
558 653 578 672 ⁸⁸
606 656 735 688 idolum
764 656 823 688 fuit
852 658 1007 689 Accaron
1018 653 1054 697 ⁴⁹,
1081 657 1174 700 quod
1204 658 1437 701 interpretatur
1464 657 1512 688 vir
1532 668 1731 690 muscarum.
1767 658 1886 691 Zebub
1902 661 1987 693 enim
2001 658 2025 678 ⁵⁰

74 718 187 741 musca
214 705 396 741 vocatur⁵¹.

73 756 338 802 i‹lololatriae²³³¹,
365 761 433 793 sive
459 766 598 805 propter
623 759 865 792 immunditiam
877 755 911 794 ⁵².

175 811 285 844 Belial
313 813 325 826 *
354 815 364 829 *
394 808 451 846 *⁵5.

449 708 705 752 Spurcisaimum
733 708 834 751 igitur
859 708 1009 751 idolum,
1042 707 1120 742 ideo
1148 709 1253 742 virum
1282 719 1470 742 muscarum
1498 713 1653 742 vocatum
1665 706 1708 752 5²,
1746 714 1884 755 propter
1911 712 2025 746 sordes

237 863 288 897 27
349 862 545 896 Behemoth
558 858 582 880 ⁵⁶
609 874 649 896 ex
672 863 829 896 Hebraea
857 863 972 908 lingua
982 860 1007 881 ⁵⁷
1034 865 1066 897 in
1083 863 1235 897 Latinam
1260 865 1410 909 linguam
1435 864 1556 896 animal
1579 869 1683 903 sonat,
1706 869 1847 909 propter
1869 866 1960 909 quod
1984 866 2026 899 de

74 915 211 948 excelsis
240 915 283 948 ad
310 920 440 948 terrena
467 915 608 956 cecidit,
650 920 682 947 et
708 926 771 959 pro
800 915 917 948 merito
945 926 1004 948 suo
1031 920 1067 949 ut
1098 916 1220 949 animal
1249 917 1381 949 brutum
1408 916 1547 949 effectus
1575 916 1623 948 sit.

1685 916 1762 960 lpse
1789 922 1837 949 est
1866 914 1930 950 et⁵⁸
1958 917 2025 950 Le-

73 966 225 1007 viathan,
259 966 292 999 id
322 972 369 999 est
398 978 533 1011 serpens
561 966 604 999 de
632 967 743 1010 aquis,
777 967 855 1010 quia
881 968 914 1000 in
940 967 1038 1001 huius
1065 968 1167 1001 seculi
1195 969 1276 1001 mari
1303 968 1443 1001 volubili
1471 973 1618 1001 versatur
1650 969 1775 1001 astutia.

239 1018 297 1052 28.
350 1019 536 1051 Leviathan
563 1024 673 1051 autem
700 1019 932 1063 interpretatur
959 1020 1223 1052 additamentum
1253 1032 1386 1061 eorum,
1415 1031 1559 1063 quorum
1583 1020 1727 1061 scilicet,
1756 1020 1814 1052 nisi
1840 1019 2026 1061 hominum,

73 1069 193 1112 quibus
207 1066 232 1086 ⁵⁰
258 1071 289 1102 in
317 1070 473 1114 paradiso
501 1070 603 1103 semel
632 1066 728 1114 per⁰⁰

756 1072 890 1114 culpam
914 1072 1207 1115 praevaricationis
1236 1073 1345 1105 intulit
1373 1078 1515 1105 mortem
1527 1069 1563 1113 ⁰¹,
1580 1078 1612 1105 et
1629 1071 1717 1105 hanc
1738 1083 1841 1115 usque
1859 1071 1901 1104 ad
1918 1078 2026 1104 aeter-

73 1132 149 1153 nam
178 1127 320 1154 mortem
348 1122 472 1155 cotidie
485 1118 509 1138 ‘⁵²'
536 1121 771 1166 persuadendo
800 1120 958 1165 adiicit‘ffi,
986 1124 1040 1156 vel
1069 1124 1222 1156 extendit.

239 1172 299 1207 29.
354 1173 531 1214 Quaedam
559 1178 670 1206 autem
697 1173 839 1206 deorum
875 1186 1008 1208 suorum
1045 1172 1211 1207 110mina⁰⁴
1245 1174 1385 1218 gentiles
1419 1185 1481 1218 per
1512 1185 1612 1206 vanas
1646 1174 1777 1207 fabulas
1808 1173 1851 1206 ad
1884 1174 2027 1207 rationes

74 1223 228 1268 physicas
251 1231 411 1258 conantur
436 1225 612 1258 traducere
640 1236 746 1267 eaque
770 1226 802 1257 in
830 1226 934 1259 causis
967 1227 1206 1259 elementorum
1233 1225 1419 1269 composita
1453 1237 1523 1258 esse
1556 1225 1829 1269 interpretantur,
1864 1226 1923 1258 sed
1958 1226 2027 1259 hoc

74 1287 92 1307 a
118 1276 226 1319 poetis
253 1281 359 1308 totum
395 1281 442 1309 est
482 1276 597 1309 fictum
610 1272 654 1314 ⁶⁵,

75 1382 121 1409 tas
149 1383 262 1411 cesffit.

240 1429 298 1462 30.
353 1430 512 1462 Saturnus
541 1430 638 1473 origo
667 1428 806 1461 deorum
835 1427 900 1462 et⁸n
927 1430 1024 1462 totius
1048 1430 1248 1474 posteritatis
1275 1441 1294 1462 a
1322 1428 1462 1473 paganis
1489 1428 1689 1472 designatur.

703 1282 738 1307 ut
762 1276 844 1308 deos
874 1288 949 1309 suos
986 1281 1140 1309 ornarent
1175 1277 1337 1319 aliquibus
1370 1276 1506 1320 figuriS,
1552 1287 1635 1318 quos
1670 1277 1820 1320 perditos
1853 1288 1892 1309 ac
1920 1277 2026 1309 dede-

75 1327 159 1359 coris
188 1327 321 1359 infamia
352 1328 469 1371 plenos
505 1327 602 1359 suis-„e
642 1326 801 1359 historiae
838 1328 1045 1360 confitentur.

1102 1328 1249 1361 Omnino
1284 1328 1371 1360 enim
1399 1326 1548 1372 fingendi
1577 1327 1670 1360 locus
1703 1333 1815 1368 vacat,
1853 1328 1911 1361 ubi
1940 1329 2027 1361 veri-

1744 1429 1844 1462 Hunc
1870 1429 1980 1462 Latini
2008 1442 2026 1462 a

74 1484 144 1512 satu
173 1482 379 1525 appellatum
408 1482 532 1520 ferunt,
569 1481 661 1523 quasi
689 1481 730 1512 ad
759 1482 866 1525 ipsum
895 1482 975 1513 satio
1003 1482 1167 1526 pertineat
1194 1481 1340 1513 omnium
1368 1491 1479 1512 rerum
1491 1476 1534 1521 ¹⁵⁷,
1570 1480 1621 1512 vel
1648 1491 1668 1511 a
1694 1480 1853 1525 temporis
1879 1480 2029 1525 longitu-

74 1531 167 1573 dine,
195 1533 288 1575 quod
316 1537 478 1564 saturetur
505 1532 604 1564 annis.

239 1583 300 1619 31.

354 1583 455 1616 Unde
482 1589 514 1616 et
541 1583 664 1616 Graeci
691 1593 766 1615 eum
780 1579 805 1599 ⁸⁸
832 1581 976 1629 Κρόνος
1004 1594 1124 1616 nomen
1152 1582 1281 1616 habere
1305 1578 1469 1623 dicuntffl',
1503 1581 1538 1614 id
1563 1587 1611 1615 est
1636 1586 1787 1626 tempus,
1824 1582 1915 1625 quod
1945 1583 2028 1617 tilios

74 1645 149 1666 suos
174 1634 278 1668 fertur
304 1634 497 1677 devorasse,
524 1634 594 1667 hoc
621 1639 668 1667 est
695 1645 818 1674 annm,
852 1646 935 1678 quos
958 1640 1094 1680 tempus
1120 1634 1317 1680 produxerit
1328 1630 1369 1675 ⁷⁰,
1397 1634 1429 1666 in
1457 1645 1490 1667 se
1518 1633 1657 1667 revolvit
1670 1629 1704 1674 ⁷¹,
1731 1634 1785 1666 vel
1814 1645 1872 1675 eo,
1900 1632 2029 1677 quod⁷²

73 1686 214 1727 semina,
241 1687 331 1719 unde
355 1687 518 1728 oriuntur,
545 1687 663 1720 iterum
692 1686 843 1720 redeunt.

75 1786 124 1814 Sic
134 1787 182 1814 Ar.
193 1802 228 1808 —-
240 1787 326 1825 Vulg.
339 1789 594 1825 Lapsaco—45)
605 1788 653 1816 Sic
672 1788 726 1815 Gu.
740 1791 763 1818 1.
776 1790 803 1819 2.
814 1797 910 1815 va.—
927 1798 1024 1815 nume-

75 1838 145 1856 rum
160 1829 241 1867 vulg.
263 1848 302 1852 ——
316 1833 360 1867 ι’46)
375 1831 423 1859 Sic
441 1831 496 1859 Gu.
511 1834 537 1864 1.
548 1834 576 1862 2.
592 1841 638 1871 pr.
656 1841 700 1859 va.
715 1830 782 1858 edit.
800 1829 890 1858 Goth.
907 1832 1027 1858 nomine

75 1871 157 1909 vulg.
169 1881 275 1899 nomen
286 1872 335 1902 Ar.
346 1874 440 1910 -47)
455 1879 481 1900 et
499 1883 553 1902 om,
564 1883 658 1903 va.-
674 1873 722 1911 48)
734 1871 879 1901 Belzebub
895 1872 1026 1905 Gu.1.2.

75 1930 116 1935 -—
128 1914 327 1950 49)Acl1ar0n
339 1915 396 1944 Gu.
414 1917 442 1946 1.
460 1933 498 1937 —
517 1915 562 1954 50)
572 1917 620 1944 Sic
638 1916 773 1948 Gu.1.2.
785 1921 932 1944 —azctem
943 1915 1025 1954 vulg.

74 1955 121 1995 51)
144 1957 360 1996 interpretatur
382 1957 420 1986 al.
444 1975 484 1979 —
506 1956 554 1998 52)
581 1959 690 1988 Virum
713 1981 720 1988 .
744 1980 751 1987 .
775 1981 782 1988 .
805 1964 947 1988 vocatum
969 1968 1026 1997 pro

73 1998 154 2037 vulg.
178 2001 225 2028 vir
246 2023 253 2029 .
278 2023 285 2030 .
311 2022 317 2029 .
340 2006 470 2028 vocatur
486 2001 543 2030 Gu.
564 2003 590 2032 1.
614 2001 743 2031 exhibet.
771 2018 812 2025 —
843 2001 889 2041 53)
920 2000 1027 2029 idola-

75 2043 153 2070 triae
168 2043 225 2071 Gu.
241 2045 270 2074 2.
282 2053 327 2082 pr.
339 2059 382 2065 —
403 2044 450 2078 54)
465 2043 686 2072 immunditiem
711 2044 781 2075 edit.
801 2043 890 2075 Goth.
913 2055 961 2084 Pr.
978 2054 1024 2073 va.

72 2095 128 2123 pro
158 2085 357 2113 immunditia
389 2085 445 2113 Gu.
465 2088 494 2116 2.
520 2103 558 2108 -
592 2085 638 2128 55)
661 2088 747 2126 Vulg.
780 2087 931 2126 sequitur:
962 2088 1026 2115 sine

75 2129 168 2166 iugo:
189 2129 295 2156 Belial
316 2128 465 2156 Hebraice
487 2127 534 2156 bel
555 2127 684 2167 dicitur,
715 2129 835 2159 idolam
861 2131 1026 2158 Ninivita-

75 2180 153 2199 rum.
197 2171 254 2200 Sed
269 2170 342 2199 haec
367 2170 476 2199 absunt
498 2181 513 2199 a
537 2171 624 2200 codd.
641 2173 697 2200 Gu.
716 2175 743 2204 1.
761 2177 790 2205 2.
816 2178 844 2202 et
867 2173 948 2203 editt.
973 2183 1017 2211 pr.

74 2222 120 2242 va.
145 2213 194 2242 Ar.
241 2213 342 2249 Quare
371 2213 495 2242 lacunae
517 2213 632 2251 signum
654 2215 751 2253 posui.
796 2217 889 2255 Saepe
913 2215 1020 2244 desunt

75 2256 105 2284 in
127 2256 237 2285 nostris
261 2256 348 2285 codd.
374 2256 633 2295 interpretationes
655 2258 819 2287 nominum.
866 2257 937 2286 cod.
961 2258 1018 2286 Lu-

75 2308 139 2327 can.
159 2299 201 2327 sic
223 2299 356 2338 supplet:
391 2299 495 2327 Belial
522 2301 738 2338 interpretatur
760 2312 848 2330 caeca
870 2302 1019 2340 angustia

76 2343 137 2369 sive
164 2352 286 2370 caecum
309 2343 427 2379 lumen,
457 2341 506 2370 vel
528 2342 623 2381 filius
645 2345 930 2384 praevaricationis,
976 2343 1017 2372 Ita

118 2393 251 2422 GRAMMA
262 2406 282 2423 r.
304 2404 370 2422 mr.
389 2393 438 2422 Ill.

1070 1787 1158 1816 etiam
1181 1787 1248 1816 cod.
1275 1786 1341 1816 Alb.
1374 1802 1416 1808 --
1444 1786 1490 1825 56)
1514 1785 1658 1814 Beemotlz
1683 1786 1740 1814 Gu.
1760 1789 1784 1816 1.
1807 1788 1836 1817 2.
1863 1785 2028 1814 Vehemotlt

1069 1839 1114 1860 va.
1139 1848 1181 1852 —
1205 1833 1251 1866 57)
1276 1829 1324 1857 Sic
1349 1830 1405 1857 Gu.
1424 1832 1451 1860 1.
1477 1845 1512 1850 -—
1542 1829 1625 1867 Vulg.
1650 1828 1792 1856 Hebraea
1817 1839 1893 1857 voce.
1916 1845 1957 1850 —
1980 1829 2026 1868 58)

1069 1878 1096 1900 et
1119 1883 1176 1902 om.
1200 1872 1271 1902 edit.
1295 1871 1383 1901 Goth.
1407 1887 1450 1893 —
1475 1873 1523 1908 59)
1548 1873 1600 1910 qui
1623 1871 1682 1900 Gu.
1707 1874 1733 1902 1.
1762 1889 1799 1893 —
1822 1871 1868 1910 60)
1890 1883 1944 1909 per
1969 1882 2026 1901 om.

1070 1915 1127 1948 Gu.
1144 1918 1171 1948 1.
1195 1916 1246 1945 Ar.
1268 1931 1311 1936 —
1338 1916 1387 1951 61)
1409 1919 1531 1942 mortem
1555 1924 1611 1942 om.
1636 1914 1692 1944 Gu.
1710 1916 1739 1945 2.
1763 1914 1814 1943 Ar.
1841 1931 1874 1935 —
1909 1913 1954 1952 62)
1980 1915 2027 1943 Sic

1069 1959 1128 1988 Gu.
1145 1961 1173 1991 1.
1190 1961 1218 1990 2,
1242 1957 1379 1997 quotidie
1402 1957 1482 1994 vulg.
1505 1972 1547 1978 —
1578 1958 1623 1993 63)
1650 1956 1698 1984 sie
1724 1957 1773 1985 Ar.
1798 1955 1896 1984 adicit
1917 1957 1973 1987 Gu.
2002 1961 2027 1988 1.

1068 2011 1133 2030 var.
1158 2001 1226 2031 lect.
1250 2011 1298 2040 ap.
1323 1999 1410 2029 Goth.
1434 1999 1521 2028 ducit
1545 1999 1601 2028 Gu.
1616 2001 1645 2030 2.
1668 1998 1798 2027 adducit
1819 2000 1902 2037 vulg.
1918 2015 1956 2021 —
1980 1999 2025 2038 64)

1069 2044 1118 2074 Sic
1141 2044 1198 2074 Gu.
1218 2048 1246 2077 1.
1270 2043 1330 2072 nisi
1352 2042 1436 2082 quod
1457 2044 1587 2070 numina
1611 2041 1742 2071 exhibet.
1765 2058 1807 2064 —
1834 2042 1921 2081 Vulg.
1944 2052 2023 2071 nom.

1068 2086 1146 2116 deor.
1170 2098 1253 2117 suor.
1276 2103 1318 2108 --
1340 2086 1386 2124 65)
1410 2086 1459 2114 Sic
1483 2086 1540 2114 Gu.
1558 2085 1713 2123 1.fictum
1736 2091 1778 2113 est
1800 2085 1882 2123 vulg.
1906 2100 1948 2107 --
1977 2085 2023 2121 66)

1068 2135 1095 2158 et
1116 2140 1174 2159 om.
1197 2140 1244 2159 va.
1267 2145 1309 2151 —-
1339 2128 1386 2168 67)
1411 2129 1461 2157 Sic
1486 2129 1542 2158 Gu.
1566 2130 1591 2159 1.
1615 2144 1656 2149 —
1681 2128 1769 2166 Vulg.
1796 2129 1930 2156 omnium
1946 2132 2021 2166 pert.

1063 2183 1118 2201 rer.
1130 2189 1173 2196 -—
1186 2176 1232 2212 68)
1242 2172 1292 2200 Sic
1309 2172 1365 2200 Gu.
1377 2176 1404 2202 1.
1419 2187 1461 2192 —-
1477 2171 1562 2208 Vulg.
1571 2169 1650 2198 unde
1667 2182 1734 2199 eum
1753 2171 1919 2200 Gr.-—Gu.
1931 2172 1958 2201 2.
1975 2179 2019 2207 pr.

1062 2224 1111 2245 va.
1134 2214 1214 2244 unde
1237 2221 1263 2243 et
1287 2225 1354 2243 eum
1378 2215 1430 2243 Gr.
1460 2230 1502 2236 -—
1531 2214 1578 2251 69)
1603 2215 1694 2252 qua-512
1715 2210 1850 2252 χρόνος
1880 2211 1944 2241 add.
1968 2211 2018 2238 Ar.

1063 2256 1170 2286 dicunt
1192 2269 1247 2288 om.
1272 2258 1327 2288 Gu.
1344 2260 1372 2289 2.
1395 2273 1436 2279 —
1459 2255 1507 2296 70)
1531 2255 1684 2284 reduxerit
1707 2258 1764 2286 Gu.
1786 2260 1814 2288 1.
1840 2271 1880 2276 —
1902 2254 1949 2288 71)
1971 2262 2017 2278 re-

1062 2300 1152 2329 solvit
1175 2302 1211 2330 al.
1257 2319 1292 2324 —-
1339 2301 1385 2337 72)
1415 2300 1462 2328 vel
1491 2298 1576 2339 quod
1603 2310 1633 2328 eo
1665 2299 1700 2330 al.
1734 2309 1779 2328 va.
1819 2313 1854 2318 -
1896 2304 1926 2322 2⁷0
1959 2303 2015 2322 ΟΠ]-

1064 2343 1120 2372 Gu.
1144 2346 1171 2376 2.
1554 2364 1555 2369 ,

1508 2393 1548 2425 Μ
1564 2405 1596 2426 m
