2264 2830
52 610 533 666 ΕΡΙΞΤΟΙΛΑΕ1
583 606 880 662 ISIDoRI
915 606 1023 661 AI)
1061 601 1589 660 BRAULIONEM
1614 601 1720 655 ET
1747 600 1988 655 BRAU-

169 695 432 751 LloNIS
468 695 576 750 Al)
614 692 1003 749 ISIDORUM
1038 693 1142 746 DE
1178 686 1887 746 ETYMOLoGlARUM

881 778 1163 833 LIBRIS.

708 1007 1220 1051 EPIST([LA
1294 1007 1331 1047 L

384 1088 534 1121 Domino
575 1099 652 1120 mco
696 1092 727 1120 ct
772 1088 842 1120 Dei
881 1098 981 1120 servo
1020 1085 1205 1118 Rrauliom‘
1245 1084 1421 1129 Episcopo
1468 1078 1659 1116 Isidorus-².

52 1154 169 1207 Omni
210 1173 374 1206 desiderio
414 1174 599 1207 desideravi
640 1185 726 1207 nunc
768 1173 881 1205 videre
924 1172 1043 1205 faciem
1083 1177 1197 1209 tuam,
1256 1174 1287 1201 et
1326 1170 1448 1202 utinam
1484 1166 1664 1211 aliquando
1707 1165 1863 1209 impleret
1902 1163 1991 1195 Deus

51 1230 162 1258 votum
198 1237 329 1264 meum,
365 1231 542 1269 antequam
578 1226 708 1259 moriar.
763 1224 818 1257 Ad
846 1235 1000 1268 praesens
1035 1230 1144 1255 autem
1181 1218 1390 1264 (leprecor²⁸‚
1432 1219 1646 1253 commendes
1680 1214 1757 1249 τηε*
1791 1214 1991 1247 orationibus

51 1277 113 1310 tuis
134 1303 141 1310 .
188 1282 222 1310 ut
251 1273 310 1309 ets'
345 1277 376 1308 in
404 1277 469 1310 hac
496 1279 562 1310 vita
589 1289 683 1321 spem
706 1288 814 1308 meam
851 1275 990 1318 impleat
1026 1279 1058 1306 et
1085 1275 1115 1305 in
1144 1268 1278 1304 futuroG
1314 1272 1522 1303 beatitudinis
1557 1275 1633 1302 tuae
1670 1268 1870 1300 consortium
1909 1264 1989 1296 mihi

52 1328 216 1362 concedat
244 1325 296 1360 et'
326 1340 421 1360 manu
451 1340 508 1360 sua
531 1340 584 1360 me
613 1332 769 1371 protegat
783 1325 805 1359 Η.
859 1325 929 1357 Ora
957 1336 1020 1368 pro
1048 1325 1142 1355 nobis
1166 1322 1352 1354 beatissime
1380 1321 1513 1354 ‹lominc
1541 1327 1571 1352 et
1600 1321 1698 1351 frater
1712 1316 1731 1351 ³¹.

745 1429 1166 1473 EPISTOLA
1226 1429 1288 1470 Π.

59 1511 206 1544 Domino
234 1522 309 1543 mco
337 1514 368 1542 ct
395 1520 477 1542 vere
503 1510 643 1542 domino
674 1508 872 1552 Christique
883 1504 907 1524 ¹⁰
933 1507 1041 1540 electo
1076 1506 1215 1539 Isidoro
1241 1504 1500 1549 Episcoporum
1535 1513 1669 1536 summo
1701 1502 1848 1534 Braulio
1873 1511 1992 1533 servus

754 1559 884 1592 inutilis
926 1562 1127 1591 sanctorum
1139 1554 1161 1574 ¹¹
1201 1556 1280 1591 Dei.

214 1646 246 1679 Ο
277 1646 332 1690 pie
346 1641 368 1662 ¹²
395 1645 530 1678 domine
567 1650 599 1677 et
628 1645 771 1677 virorum
808 1644 1083 1688 praestantissime
1110 1654 1183 1676 sera
1211 1648 1259 1676 est
1293 1641 1460 1684 inquisitio
1497 1643 1528 1672 et
1554 1638 1649 1670 tarde
1677 1637 1754 1669 data
1781 1633 1866 1670 est¹3
1911 1636 1990 1668 mihi

52 1696 218 1731 scribendi
245 1698 357 1742 optio,
394 1698 471 1740 quia
498 1697 645 1741 peccatis
674 1697 756 1729 meis
783 1697 1011 1741 ingruentibus
1024 1692 1048 1712 ¹⁸
1074 1706 1139 1727 non
1167 1694 1270 1727 modo
1286 1690 1309 1710 ¹⁵
1335 1691 1527 1730 sterilitatis,
1556 1690 1608 1723 vel
1636 1689 1768 1733 inopiae
1795 1689 1896 1727 malo,
1935 1699 1990 1719 ve—

50 1760 123 1781 rum
151 1749 248 1781 etiam
281 1749 341 1782 luis
369 1754 401 1781 et
428 1744 670 1788 hostilitatisffi,
704 1749 878 1791 quominus
913 1747 1132 1791 inquirerem,
1166 1745 1318 1778 horribili
1345 1756 1415 1777 sum
1444 1741 1658 1788 praepeditus
1693 1741 1833 1775 incursu.
1897 1739 1992 1772 Nunc

51 1805 160 1832 autem
188 1801 247 1833 etsi
282 1800 373 1833 mille
399 1800 664 1842 necessitatibus,
708 1799 801 1832 mille
818 1796 840 1816 ¹⁷
867 1799 952 1833 curis
982 1799 1130 1832 astrictus
1144 1794 1168 1814 ¹⁸
1202 1801 1278 1841 post
1313 1796 1453 1840 longum
1481 1794 1630 1827 miseriae
1657 1798 1788 1836 tempus
1815 1791 1916 1824 veluti
1951 1791 1991 1823 ab

50 1851 194 1896 improbi
221 1851 366 1896 soporis,
402 1857 437 1885 ut
462 1852 507 1884 ita
535 1851 691 1890 dixerim,
728 1851 910 1896 gravedine
925 1847 949 1867 ¹⁹
990 1850 1161 1884 suscitatus
1188 1849 1277 1881 istius
1304 1860 1398 1881 meae
1425 1845 1649 1892 suggestionis
1676 1844 1830 1877 affatibus
1863 1843 1991 1886 depen-

1044 1959 1116 1988 teris
1136 1958 1211 1988 haec
1237 1967 1378 1997 expressa
1403 1960 1482 1986 sunt.
1529 1955 1589 1993 Ego
1610 1958 1708 1982 autem
1730 1953 1759 1980 in
1780 1951 1915 1981 omnibus
1932 1950 1990 1989 epi-

1043 2002 1144 2038 stolis,
1168 2002 1217 2029 ubi
1237 2000 1312 2029 haec
1331 1999 1459 2028 formula
1476 1998 1639 2037 reperitur,
1659 1995 1906 2024 constructionem
1922 2003 1991 2022 ver-

1042 2044 1149 2073 borum
1165 2044 1310 2083 reperisse
1325 2042 1398 2071 mihi
1420 2042 1500 2070 visus
1519 2051 1593 2070 aum.
1638 2040 1689 2068 Est
1705 2038 1782 2067 enim
1802 2048 1913 2065 manu-s·
1928 2046 1989 2065 ma-

1043 2097 1098 2115 nus
1116 2088 1184 2123 Dei,
1208 2091 1240 2114 ut
1258 2085 1389 2124 theologi
1409 2085 1582 2123 loquuntur.
1606 2099 1645 2104 ——
1668 2083 1698 2117 9)
1717 2087 1807 2119 pater
1829 2081 1858 2108 Z.
1882 2096 1922 2100 —
1946 2078 1988 2115 10)

138 1960 165 1995 1)
186 1959 245 1989 Hae
269 1960 413 1999 epistolae
436 1961 467 1988 in
490 1960 705 1989 recentioribus
730 1959 837 1988 Isidori
861 1959 1000 1987 editioni-

51 2002 106 2030 bus
129 2012 187 2030 non
211 2007 325 2039 extant,
349 2008 379 2031 at
402 2013 495 2042 quum
516 2003 622 2032 sintin
641 2002 777 2032 omnibus
801 2002 956 2031 codicibus
972 2007 1001 2031 et

51 2044 136 2074 editt.
151 2048 224 2074 vett.
241 2055 300 2073 non
316 2046 493 2075 omittendas
506 2056 568 2075 esse
581 2047 699 2083 censui,
715 2045 891 2084 praesertim
908 2055 999 2083 quum

52 2087 89 2116 de
110 2086 195 2115 libris
218 2087 470 2126 Etymologiarum
495 2089 523 2117 in
542 2089 576 2117 iis
601 2094 716 2126 agatur.
760 2088 793 2116 In
817 2088 998 2116 recensendo

54 2133 199 2159 contextu
215 2134 335 2158 secutus
353 2141 415 2159 sum
436 2132 492 2162 Gu.
512 2134 537 2162 1.
560 2148 601 2152 ——
630 2130 662 2171 2)
680 2130 818 2160 Isidorus
841 2132 999 2168 episcopus
1043 2131 1214 2168 christoque
1239 2129 1295 2157 Gu.
1312 2132 1342 2160 2.
1361 2139 1405 2166 pr.
1419 2143 1461 2149 —
1486 2126 1530 2165 11)
1544 2135 1696 2154 Servorum
1713 2134 1761 2152 va.
1787 2139 1827 2145 —
1852 2124 1898 2160 12)
1914 2123 1988 2159 piis·-

52 2172 83 2200 Z.
99 2181 146 2201 vn.
168 2188 209 2193 -—
232 2173 263 2209 3)
281 2171 418 2210 deprecor
441 2180 475 2202 ut
490 2174 521 2204 Z.
544 2174 601 2202 Gu.
619 2177 647 2206 2.
672 2185 718 2213 pr.
741 2184 787 2202 va.
812 2189 854 2195 —
880 2177 907 2207 4)
922 2183 999 2200 com-
1042 2174 1115 2200 sime
1136 2183 1182 2201 va*
1207 2188 1248 2193 —
1272 2173 1318 2208 13)
1341 2177 1383 2198 cst
1407 2181 1463 2199 orn.
1488 2170 1519 2199 Z.
1542 2185 1584 2191 -
1607 2165 1655 2207 14)
1679 2165 1864 2205 exigentibus
1887 2165 1943 2193 Gu.
1961 2165 1987 2193 ἳ-

53 2213 170 2242 mendes
184 2225 229 2242 me
248 2214 300 2242 deo
317 2216 346 2244 Z.
364 2225 408 2254 pr.
423 2226 468 2245 va.
493 2217 532 2245 At
551 2217 711 2255 repetenda
731 2216 832 2255 potius
850 2215 923 2243 haec
936 2226 998 2244 vox
1041 2226 1087 2254 pr.
1110 2231 1151 2237 —
1175 2214 1220 2253 15)
1236 2212 1447 2242 tantummodo
1461 2222 1508 2250 pr.
1532 2228 1572 2233 —-
1597 2209 1640 2247 16)
1651 2211 1764 2248 pestis,
1781 2206 1986 2238 mortalitatis,

53 2266 67 2285 e
82 2257 294 2296 superioribus.
318 2273 358 2279 —
381 2258 411 2294 5)
434 2265 460 2286 et
483 2265 517 2287 ut
530 2269 577 2297 pr.
595 2269 639 2287 va.
662 2275 704 2280 —
730 2260 759 2297 o)
771 2260 891 2296 sutura
904 2259 934 2286 Z.
951 2268 997 2287 va.

52 2314 93 2320 —
114 2298 144 2338 7)
160 2299 196 2328 (le
212 2310 266 2338 pro
281 2305 308 2328 et
325 2300 355 2330 Z.
380 2315 420 2322 —
444 2304 470 2335 8)
489 2301 579 2330 verba
594 2312 639 2329 me
651 2307 794 2340 protegat
812 2312 868 2329 om.
883 2302 913 2330 Z.
940 2301 998 2330 Gu.

52 2343 82 2373 2.
107 2352 152 2380 pr.
173 2353 219 2371 va.
254 2342 291 2370 At
313 2342 410 2372 nescio
435 2344 583 2381 quomodo
613 2345 812 2373 intellexerint
836 2344 894 2372 viri
918 2343 998 2371 docti

54 2384 158 2414 verba:
182 2391 207 2413 ει
224 2395 316 2414 ηιαηιι
334 2396 401 2414 succ.
449 2386 520 2415 Nam
535 2387 565 2414 in
580 2391 651 2416 vett.
671 2387 754 2416 editt.
773 2386 943 2416 maiusculis
959 2386 998 2414 li-

1042 2259 1105 2285 luis
1127 2264 1153 2285 et
1175 2257 1250 2285 host.
1274 2268 1317 2296 pr.
1346 2267 1390 2284 va.
1406 2271 1447 2276 —
1463 2260 1488 2282 et
1504 2255 1616 2292 pestis,
1640 2257 1727 2280 mort.
1752 2252 1815 2279 luis
1837 2257 1861 2278 et
1885 2247 1985 2276 hostil.

1041 2301 1072 2329 Z.
1098 2317 1135 2322 ——-
1160 2303 1206 2334 17)
1224 2305 1251 2327 et
1265 2300 1348 2327 mille
1367 2299 1424 2327 Gu.
1439 2300 1467 2329 2.
1482 2307 1530 2336 pr.
1555 2313 1596 2318 —
1621 2293 1668 2336 10’)
1688 2295 1816 2323 attritus
1839 2294 1868 2320 Z.
1893 2291 1984 2320 Gu.2·

1041 2354 1088 2383 pr.
1111 2353 1157 2372 va.
1183 2358 1224 2365 --
1250 2344 1291 2380 19)
1312 2340 1476 2381 gravidine
1501 2340 1557 2368 Gu.
1572 2342 1600 2370 2,
