2264 2830
809 89 1056 126 ORIGINUM
1084 89 1231 123 LIBER
1257 90 1283 124 1.

74 184 340 233 adimpleatur&

75 241 178 273 habet
205 241 337 284 plenam
365 234 692 280 signilicationem'm,
718 242 753 271 ut
777 238 892 271 hodie,

74 293 176 326 verbo
203 288 343 335 implesti
371 299 510 323 sensum.

655 432 684 466 C
712 434 742 466 A
769 432 805 466 Ρ.
857 431 896 464 Χ.

240 535 473 579 Ριη·ιὶ(·ὶ]ιίιι7η
501 535 643 573 (lictum,
688 535 780 578 quod
820 530 885 567 et⁴¹⁴
918 534 1057 567 nominis
1086 538 1117 567 et
1150 534 1242 566 verbi
1278 533 1389 577 capiat
1422 538 1532 576 partes
1544 530 1581 572 ¹⁵,

76 590 105 622 A
127 587 258 620 nomine
286 587 371 619 enim
401 586 553 620 vendicat
580 587 640 620 sibi
668 598 793 631 genera
821 591 853 620 et
880 596 983 629 casus,
1012 598 1030 618 a
1058 586 1161 620 verbo
1188 591 1341 630 tempora
1367 589 1400 618 et
1425 584 1682 629 significationes

76 650 247 673 numerum
277 644 309 671 et
336 639 488 683 liguram.

612 800 763 833 CAP.
815 800 872 833 Xl.
953 799 1024 832 De

244 902 274 935 l.
332 901 532 935 Conizmclio
559 902 648 935 (licta
676 899 756 935 est⁴⁹

77 1057 144 1089 sive
174 1057 348 1102 copulent,
377 1056 442 1089 sive
470 1057 670 1102 disiungant.

397 181 580 217 λ’«πΙηιηι39
614 187 722 219 solum
758 197 888 219 sensum
917 185 1052 229 implet,
1090 189 1125 216 ut
1158 184 1278 217 scribo.

764 928 772 943 ,
807 903 898 946 quod
927 914 1036 935 sensus
1062 902 1306 944 sententiasque
1333 901 1525 945 coniungat.

78 953 127 986 hil
156 954 258 993 valet,
298 954 354 986 sed
383 954 415 985 in
443 954 656 997 copulatione
684 966 873 988 sermonum
886 951 910 971 ⁵⁰
942 954 1037 997 quasi
1071 953 1243 996 quoddam
1281 952 1417 985 exhibet
1446 952 1622 996 glutinum.

78 1006 199 1047 sociat,
227 1011 261 1037 ut
288 1005 490 1050 Augustinus
519 1002 582 1038 et⁵¹
614 1006 861 1050 Hieronymus:
896 1011 952 1039 aut
978 1005 1100 1047 verba,
1136 1010 1172 1038 ut
1198 1005 1311 1038 scribit
1338 1010 1370 1038 et
1396 1004 1488 1049 legit.

1969 92 2016 126 27

1340 184 1546 217 Adverbium
1583 190 1692 217 autem
1728 185 1794 216 sine
1823 186 1925 217 verbo
1954 198 2017 218 non

946 232 1105 270 Adlicis⁴¹
1135 234 1182 267 illi
1210 236 1366 274 verbum7
1405 233 1473 269 ut⁴²
1508 235 1612 268 liotlie
1647 235 1776 276 scribo,
1812 242 1844 268 ct
1871 237 1981 270 iuncto
1996 235 2019 254 ⁴³¹

977 430 1046 463 De
1099 429 1436 474 Participio.

1624 534 1716 576 quasi
1753 533 1973 577 particapium
1990 530 2019 565 ²⁶.

1692 581 1735 625 Π,
1771 585 1812 617 ab
1840 585 1985 627 utrisque
1999 581 2021 601 ¹⁶¹

1079 798 1486 832 Conium-tione.

1579 898 1676 932 Haec
1705 897 1791 929 enim
1820 909 1879 941 per
1912 909 1946 930 se
1974 899 2021 930 ni-

1682 950 1750 982 Aut
1777 950 1863 981 enim
1891 950 2023 981 nomina

1549 1002 1626 1035 L'na
1653 1006 1764 1034 autem
1792 1001 1838 1034 vis
1866 1001 2022 1041 omnium,

243 1124 275 1159 2.
334 1126 565 1171 Copulativue
592 1130 701 1158 autem
731 1125 978 1159 coniunctiones
1006 1125 1118 1158 dictae
1145 1135 1206 1165 eo,
1247 1125 1340 1168 quod
1369 1134 1498 1157 sensum
1531 1122 1583 1155 vel
1619 1132 1777 1166 personas
1811 1120 2021 1165 coniungant,

78 1182 111 1210 ut
140 1189 206 1222 ego
234 1183 266 1210 et
292 1174 360 1210 ῐιιὸ2
387 1189 498 1211 eamus
526 1177 568 1209 ad
599 1177 726 1217 forum,
754 1178 863 1222 ipsum
892 1183 924 1210 et
950 1188 1078 1210 sensum
1107 1176 1282 1210 coniunxit.

79 1226 194 1273 gunt⁵⁴
221 1241 272 1262 res
293 1226 382 1261 aut⁵⁵
408 1240 584 1273 personas,
623 1234 660 1261 ut
687 1233 742 1260 aut
769 1240 835 1273 ego
864 1234 920 1261 aut
947 1234 981 1261 tu
1002 1229 1172 1261 faciamus.

386 1281 534 1315 Dicimus
558 1280 644 1312 enim
678 1280 828 1324 regique
860 1280 1060 1323 hominique

78 1285 130 1313 tur
141 1277 165 1297 ⁵⁰
193 1287 229 1313 ut
257 1292 332 1324 que.

79 1332 162 1365 mini
174 1328 216 1374 5⁹,
243 1343 308 1376 que
336 1331 423 1365 Deo.

1337 1169 1611 1209 IJisiunctivuc⁵³
1642 1172 1767 1212 (lictae,
1795 1172 1872 1214 quia
1899 1172 2021 1203 disiun-

1227 1227 1476 1261 Subitam-time
1510 1225 1681 1264 (licuntur,
1716 1223 1793 1266 quia
1817 1223 2021 1266 subiungun—

1071 1275 1095 1295 ⁵⁷
1364 1289 1429 1309 non
1455 1276 1611 1313 dicimus,
1649 1285 1714 1318 que
1742 1274 1840 1318 regi,
1867 1284 1932 1317 que
1959 1273 2021 1306 Ιιο-

1131 1279 1277 1322 Deoque
1287 1275 1313 1294 ⁵⁶⁵
1320 1290 1330 1310 .·

245 1399 278 1432 3.
332 1398 544 1443 Expletz‘vac
571 1397 699 1437 dictae,
731 1397 809 1440 quia
835 1397 970 1441 explent
993 1396 1200 1441 propositam
1227 1406 1313 1436 rem,
1346 1398 1382 1427 ut
1410 1398 1494 1438 puta
1504 1389 1545 1432 ⁶⁰,
1574 1393 1598 1424 si
1625 1392 1693 1425 hoc
1721 1403 1787 1424 non
1814 1392 1877 1432 vis,
1905 1392 2021 1424 saltem

80 1450 164 1484 illud
192 1451 256 1483 fac.

83 1502 149 1535 hoc
176 1502 314 1541 faciam,
342 1501 409 1534 hoc
435 1497 571 1545 igitur⁶⁵
597 1499 729 1532 faciam.

311 1450 516 1484 Communes
542 1449 769 1490 nominantur,
796 1448 874 1492 quia
901 1448 1005 1481 ubivis
1032 1453 1064 1480 et
1091 1451 1343 1491 praeponuntur

1353 1441 1377 1461 61
1701 1439 1757 1483 ,Μ’
1791 1439 1859 1475 ιηῦἲὶ

1406 1450 1437 1478 et
1463 1444 1701 1488 subiunguntm
1887 1442 1988 1487 igitur
1997 1440 2020 1459 ⁶⁸

245 1568 278 1602 4.
337 1568 509 1602 Consules
536 1567 690 1600 (licuntur
723 1577 742 1600 a
776 1577 876 1599 causa
897 1577 954 1607 eo,
995 1565 1088 1610 quod
1114 1563 1241 1608 aliquid
1269 1559 1452 1608 cogitent⁴³⁶
1479 1562 1611 1603 facere,
1635 1567 1669 1594 ut
1696 1566 1796 1606 puta,
1834 1561 1954 1595 occido
1981 1562 2022 1593 il-

79 1622 164 1659 lum3
191 1620 274 1665 quia
300 1620 406 1653 habet
433 1631 579 1662 aarum,
608 1630 706 1652 causa
730 1614 820 1651 estffl.

76 1672 215 1714 ciendo,
242 1677 278 1705 ut
304 1672 475 1718 quomodo
502 1682 579 1704 eum
607 1671 785 1711 occidam,
812 1681 854 1702 ne
880 1681 1060 1715 agnoscar,
1094 1669 1185 1702 ferro
1212 1679 1254 1700 an
1281 1678 1407 1700 veneno

82 1765 161 1803 vulg.
186 1780 222 1787 ·—
254 1764 346 1794 addis
373 1765 431 1794 Gn,
452 1767 480 1796 2.
503 1780 544 1785 ——
575 1762 676 1791 adici-9
700 1773 746 1802 pr.
774 1779 812 1784 —-
842 1765 888 1800 29)
910 1763 1031 1791 Latina

80 1808 140 1837 Gu.
158 1810 188 1838 2.
211 1808 246 1838 nl.
271 1817 319 1846 pr.
343 1824 383 1830 “-
408 1818 467 1835 non
490 1813 560 1835 sunt
582 1808 685 1834 latina
707 1816 751 1834 va.
784 1821 826 1827 —
858 1808 907 1839 ’30)
928 1806 977 1834 Sic
1000 1806 1031 1834 Ζ.

84 1851 143 1880 Gu.
163 1853 189 1880 1.
209 1854 237 1882 2.
254 1860 300 1878 va.
327 1867 360 1872 —
389 1856 490 1878 autem
514 1849 573 1878 dic.
597 1850 678 1887 vulg.
701 1864 740 1869 ——
760 1847 808 1887 31)
823 1847 960 1886 *deposito
974 1848 1030 1876 Gu.

86 1895 114 1923 1.
127 1907 168 1914 —-
190 1893 363 1931 32)Lacz'na
382 1904 437 1921 om.
448 1893 479 1923 Ζ,
490 1908 532 1914 ——
553 1891 600 1931 33)
620 1890 735 1920 accedit
750 1891 806 1919 Gu.
822 1894 850 1922 2.
863 1900 909 1919 va.
927 1908 966 1912 -—
982 1900 1031 1918 αι·-

82 1934 172 1963 cedat
189 1936 236 1964 Ar.
258 1952 301 1958 -—-
322 1937 367 1973 34)
381 1937 429 1964 Sic
445 1935 503 1963 Gu.
523 1937 550 1966 1.
565 1934 594 1965 h.
612 1935 632 1963 l.
649 1940 678 1963 et
695 1944 764 1963 mox
784 1950 826 1956 -·
842 1934 908 1971 lego
921 1934 953 1962 Z.
967 1932 996 1962 h.
1012 1933 1032 1961 l.

85 1982 115 2006 et
130 1982 242 2016 postea.
259 1995 298 1999 —
322 1978 383 2017 legi
402 1984 531 2016 utroque
553 1978 621 2006 loco
644 1977 724 2015 vulg.
749 1992 787 1998 —
820 1979 865 2009 35)
886 1975 922 2003 id
939 1982 981 2004 est
997 1976 1030 2005 Z.

84 2035 127 2042 —
148 2022 194 2058 36)
216 2020 264 2047 Sic
289 2020 346 2050 Gu.
372 2024 398 2052 1.
427 2036 468 2043 —
499 2019 571 2048 Inde
597 2019 677 2058 vulg.
700 2036 742 2041 -—
772 2029 840 2058 ergo
869 2023 936 2057 post
965 2017 1030 2046 ideo

85 2063 171 2091 omisi
195 2072 209 2090 e
236 2063 292 2090 Gu.
311 2065 339 2094 1.
363 2079 400 2085 —-
423 2063 473 2100 37)
489 2068 531 2090 est
552 2062 652 2091 addidi
675 2073 690 2090 e
715 2063 770 2090 Gu.
792 2065 818 2092 1.
840 2077 881 2083 -—
912 2062 959 2098 38)
983 2061 1032 2090 sic

85 2106 117 2134 Z.
144 2106 200 2135 Gu.
219 2108 243 2135 1.
263 2108 294 2136 2.
316 2115 362 2133 va.
383 2106 430 2135 Ar.
455 2122 492 2127 —
517 2105 704 2144 adimpletur
726 2105 808 2142 vulg.
831 2119 872 2126 -·
894 2103 940 2142 39)
954 2105 1033 2131 enim

86 2147 171 2176 omisi
187 2158 200 2176 e
218 2148 273 2176 Gn.
288 2150 313 2178 1.
336 2163 377 2168 -
399 2146 447 2187 40)
467 2148 515 2176 Sic
529 2149 560 2177 Z.
577 2149 633 2176 Gu.
652 2150 679 2179 1.
699 2151 727 2180 2.
745 2157 793 2176 va.
812 2147 862 2175 Ar.
880 2162 919 2168 —
936 2147 1032 2184 signi-

79 2191 257 2229 ficationem
274 2190 400 2228 plenam
416 2190 497 2227 vulg.
520 2207 562 2212 —
583 2193 630 2229 41)
646 2190 757 2218 Adicis
774 2192 829 2218 Gu.
847 2193 874 2220 1.
892 2192 920 2220 2.
938 2199 1033 2227 pr.—

87 2232 210 2262 Adiicis
234 2233 312 2270 vulg.
332 2248 374 2256 ·--
395 2232 539 2261 Adiicias
554 2234 585 2261 Z.
610 2250 649 2256 ——
674 2234 719 2270 42)
733 2238 766 2261 ιιί
782 2232 884 2262 addidi
906 2241 921 2260 e
938 2233 994 2260 Gu.
1007 2234 1032 2262 1.

92 2290 126 2297 -—
150 2277 197 2313 43)
217 2277 353 2303 iunctum
378 2286 423 2314 pr.
446 2291 483 2296 ——
515 2277 561 2310 44)
586 2276 635 2304 Sic
653 2275 710 2304 Gu.
727 2279 752 2306 1.
767 2291 809 2297 —
832 2281 857 2302 et
874 2285 935 2304 om.
953 2274 1034 2310 vulg.

89 2333 131 2341 —
149 2320 193 2352 45)
216 2324 337 2357 partem
357 2318 394 2348 al.
415 2333 456 2339 —-
478 2324 580 2355 partes
608 2320 712 2356 capiat
736 2328 781 2357 pr.
806 2335 844 2339 —-
873 2320 920 2354 ἠδ)
935 2317 983 2345 Sic
1004 2317 1034 2344 Z.

92 2361 147 2389 Gu.
176 2363 204 2392 1.
231 2363 260 2392 2.
285 2371 330 2399 pr.
352 2371 397 2390 va.
421 2361 470 2389 Ar.
500 2374 540 2383 -—-
567 2362 769 2399 participium
800 2360 881 2398 vulg.
912 2375 954 2381 -—
988 2357 1036 2398 47)

874 1618 1084 1651 Rationales
1111 1617 1264 1650 (licuntur
1291 1627 1309 1647 a
1337 1615 1482 1655 ratione,
1511 1626 1576 1658 qua
1604 1614 1742 1657 quisque
1764 1613 1878 1660 ’utitur
1911 1613 1942 1645 in
1971 1613 2022 1645 fa-

1420 1663 1470 1698 65?

1074 1761 1329 1800 significationem
1351 1760 1381 1789 Z.
1406 1773 1446 1780 —
1474 1757 1521 1797 48)
1544 1756 1594 1785 Sic
1612 1757 1645 1786 Z.
1667 1757 1724 1785 Gu.
1753 1760 1778 1788 1.
1803 1760 1830 1788 2.
1855 1766 1898 1785 va.
1924 1757 1960 1785 al.
1985 1772 2019 1778 —

1074 1811 1204 1843 atroque
1226 1803 1306 1841 vulg.
1330 1818 1372 1824 —-
1401 1802 1445 1836 49)
1466 1806 1507 1828 est
1528 1797 1631 1828 addidi
1656 1810 1670 1828 e
1695 1800 1751 1830 (ιύ,
1775 1803 1802 1831 1.
1823 1815 1864 1821 —-
1886 1797 1933 1840 50)
1959 1810 2021 1827 cer-

1072 1848 1182 1876 horum
1198 1847 1228 1875 Z.
1247 1846 1283 1874 aL
1310 1863 1343 1866 —
1370 1845 1417 1880 51)
1433 1848 1460 1870 et
1485 1853 1541 1871 om.
1563 1852 1609 1880 pr.
1633 1859 1674 1863 —
1696 1841 1742 1880 52)
1763 1848 1796 1870 tu
1817 1848 1842 1869 et
1864 1853 1917 1880 ego
1932 1842 1963 1869 Z.
1990 1859 2021 1862 —

1075 1889 1122 1928 53)
1142 1889 1362 1918 Disiunctime
1389 1892 1490 1914 autem
1516 1884 1614 1913 (lictae
1637 1885 1670 1913 Z.
1694 1901 1735 1907 -—
1762 1887 1810 1922 ὀύ)
1840 1883 2020 1922 ‹lissiunganl

1077 1932 1134 1961 Gu.
1152 1935 1180 1965 2
1204 1949 1244 1953 —
1270 1929 1318 1970 55)
1340 1929 1423 1969 prius
1445 1933 1498 1956 αιιι
1515 1927 1620 1956 addidi
1636 1938 1651 1955 e
1666 1928 1723 1956 Gu.
1740 1931 1766 1959 1.
1785 1943 1827 1950 -—
1847 1938 1894 1955 res
1912 1933 1937 1954 et
1951 1938 2021 1965 per-

1074 1985 1166 2003 sonas
1186 1984 1231 2014 pr.
1257 1989 1299 1996 -—
1322 1976 1369 2007 56)
1384 1972 1576 2009 subiungant
1591 1971 1667 1998 Z.—
1683 1968 1731 2010 57)
1746 1970 1866 1998 lzomitu'
1880 1970 1935 1999 Gn.
1946 1972 2020 2000 2.—

1075 2017 1124 2056 58)
1143 2016 1255 2055 deoque
1278 2027 1334 2044 om.
1354 2016 1385 2043 Z.
1414 2015 1470 2042 Gu.
1484 2016 1514 2045 2.
1559 2011 1784 2042 Hemisn'chium
1800 2018 1844 2042 est
1860 2023 1875 2042 e
1893 2013 2019 2041 iuvenco

1076 2060 1111 2089 de
1135 2060 1237 2097 Magis.
1259 2075 1301 2081 -—-
1323 2060 1368 2092 59)
1389 2058 1507 2085 homini
1526 2056 1637 2085 omisso
1661 2054 1716 2083 deo
1738 2056 1826 2084 Arev.
1851 2072 1888 2077 --
1921 2054 1968 2093 60)
1987 2060 2019 2082 ut

1071 2108 1151 2142 puta
1170 2113 1229 2131 om.
1249 2103 1278 2129 Z.
1301 2117 1342 2123 —
1362 2103 1409 2133 61)
1426 2099 1474 2128 Sic
1490 2099 1548 2128 Gu.
1566 2102 1589 2130 l.
1607 2115 1648 2120 —
1664 2104 1691 2125 et
1713 2098 1798 2136 prius
1813 2109 1868 2126 nm.
1886 2098 1963 2133 vulg.
1981 2111 2021 2118 —

1071 2151 1231 2184 ponantur
1247 2145 1278 2173 Z.
1289 2144 1336 2173 Ar.
1350 2152 1414 2172 var.
1430 2143 1498 2171 lect.
1516 2152 1562 2180 ap.
1573 2140 1661 2169 Goth.
1675 2140 1711 2171 al.
1725 2156 1769 2163 —
1795 2140 1840 2181 62)
1853 2146 1883 2168 et
1897 2140 2019 2167 subiun-

1073 2194 1193 2227 guntur
1210 2197 1264 2215 uin.
1282 2187 1312 2215 Z.
1327 2187 1383 2217 Gn.
1394 2189 1422 2216 2.
1434 2185 1472 2213 al.
1484 2183 1577 2222 -63)
1591 2184 1675 2212 verbi
1686 2183 1890 2222 gratich—
1910 2181 1955 2221 64)
1966 2181 2020 2218 igi·

1077 2237 1128 2259 tur
1145 2241 1201 2259 om.
1222 2231 1252 2258 Z.
1274 2244 1315 2250 ·—-
1337 2228 1382 2267 65)
1399 2230 1460 2256 sive
1479 2227 1537 2254 hoc
1551 2228 1650 2265 igitur
1664 2227 1696 2257 Z.
1719 2242 1762 2249 --
1784 2227 1830 2264 66)
1847 2229 1956 2263 cogunt
1972 2223 2018 2250 At.

1077 2289 1119 2296 —
1142 2275 1189 2309 67)
1203 2283 1300 2300 causa
1323 2281 1364 2299 est
1385 2281 1442 2300 om.
1466 2270 1503 2300 ai.
1531 2285 1574 2291 —
1603 2272 1647 2304 63)
1670 2269 1719 2297 Sic
1741 2269 1798 2298 Gu.
1813 2270 1840 2299 1.
1858 2284 1891 2289 -
1914 2274 2019 2295 veneno

1079 2327 1120 2344 an
1139 2316 1222 2351 ferro
1245 2314 1327 2353 vulg.
1351 2330 1390 2337 —
1412 2313 1448 2342 al.
1477 2318 1531 2341 ιιαι
1549 2313 1657 2349 ferro,
1688 2313 1793 2349 itaque
1814 2319 1920 2338 veneno
1943 2307 2019 2335 oca>

1080 2358 1162 2388 dam.

1537 2398 1568 2430 D
1594 2398 1612 2420 *
