2255 2819
217 101 291 136 592

382 189 441 222 21.

494 187 603 220 Arena
631 184 673 216 ab
701 182 852 214 ariditate
880 181 986 221 dicta,
1014 193 1079 215 non
1111 187 1145 214 ut
1175 182 1241 221 alii,
1269 181 1485 215 adhaerendo
1512 183 1544 215 in
1572 182 1704 217 fabricis
1721 180 1740 215 ¹.

896 88 1075 123 ISIDORI
1111 87 1290 121 HlSPAL.
1328 87 1471 123 EPISC.

1793 182 1898 216 Huius
1934 182 2100 227 probatio,
2136 183 2161 215 si

219 255 317 278 manu
344 243 503 286 impressa
530 235 658 274 stridet,
695 238 750 266 aut
775 234 800 266 si
827 234 859 265 in
887 238 1011 265 vestem
1039 233 1217 266 candidam
1246 245 1358 277 sparsa
1386 233 1469 266 nihil
1495 234 1600 267 sordis
1627 235 1800 278 relinquat.

382 300 441 333 22.

220 356 366 399 erigitur.

495 296 680 329 Columnae
708 305 770 338 pro
800 293 1011 337 longitudine
1039 299 1071 326 et
1099 294 1300 326 rotunditate
1327 300 1481 335 vocatae,
1521 296 1554 327 in
1582 296 1699 338 quibus
1725 295 1824 327 totius
1851 295 1999 327 fabricae
2032 292 2162 336 pondus

421 349 564 390 Antiqua
594 346 675 378 ratio
711 351 779 377 erat
807 346 1037 378 columnarum
1066 345 1242 377 altitudinis
1270 345 1365 377 tertia
1393 357 1467 388 pars
1495 346 1712 379 latitudinum.

1788 346 1921 378 Genera
1948 344 2163 378 rotundarum

222 412 381 451 quatuor:
417 400 577 437 Doricae,
619 397 770 437 lonicae,
803 397 1011 430 Tuscanicae
1023 394 1044 435 ²,
1072 396 1273 429 Corintheae
1285 393 1307 436 ³,
1336 408 1486 429 mensura
1513 399 1731 430 crassitudinis
1758 403 1789 431 et
1816 397 1992 430 altitudinis
2019 397 2102 428 inter
2129 407 2163 428 se

223 460 376 491 distantes
389 450 408 485 ⁴.

220 506 273 542 et⁵
297 506 429 550 paribus
457 503 596 534 laterum
624 500 808 533 intervallis.

384 563 442 595 23.

219 619 367 651 fabricae
395 615 553 647 sustinent
578 612 719 657 pondus.

484 450 642 491 Quintum
672 460 776 493 genus
805 455 850 480 est
880 460 1009 485 earum,
1053 460 1138 491 quae
1163 454 1321 481 vocantur
1349 449 1496 489 Atticae,

1543 451 1708 492 quaternis
1742 450 1887 493 angulis,
1929 454 1984 482 aut
2011 447 2163 491 amplius,

497 563 598 595 Bases
629 560 772 593 fulturae
808 566 881 592 sunt
908 560 1158 597 columnarum,
1204 570 1291 602 quae
1324 571 1342 591 a
1371 558 1588 591 fundamento
1620 566 1837 604 consurgunt,
1880 565 1911 593 et
1935 559 2164 604 superpositae

772 610 886 644 Basis¹⁵
910 618 1018 643 autem
1046 622 1166 643 nomen
1194 607 1335 654 petrae'
1361 610 1556 643 fortissimae
1581 611 1666 654 Syro
1692 623 1852 644 sermone.

383 674 441 707 24.
496 672 664 717 Capitella
691 671 797 710 dicta,
826 671 918 713 quod
946 671 1174 704 columnarum
1203 669 1287 702 sint*
1315 671 1446 714 capita,
1483 671 1575 713 quasi
1599 683 1698 715 super
1725 672 1850 704 collum
1879 667 2009 715 caput⁹.

323 735 492 778 Epistylia
523 738 613 772 sunt,
641 743 727 774 quae
754 742 854 775 super
881 731 1037 774 capitella
1066 730 1294 763 columnarum
1322 736 1506 775 ponuntur,
1536 737 1567 763 et
1595 736 1642 764 est
1670 731 1838 764 Graecum
1851 728 1885 766 ¹⁰.

384 794 443 828 25.

499 793 691 826 Pavimenta
722 792 885 836 originem
913 791 1023 834 operis
1057 802 1074 822 a
1105 790 1242 824 Graecis
1271 790 1412 829 habent3
1461 796 1578 824 vocata
1614 797 1722 824 autem
1749 792 1937 836 pauimenta
1965 802 2024 830 eo,

2072 789 2164 832 quod

223 848 396 893 paviantur
413 843 454 883 ¹¹,
482 845 513 876 id
543 849 589 876 est
616 843 812 881 caedantur,
841 842 930 875 unde
959 847 990 874 et
1018 853 1139 885 pavor,
1169 843 1245 885 quia
1274 842 1382 876 caedit
1410 854 1479 878 cor,

388 904 445 937 26.
501 904 658 937 Ostracus
686 909 732 936 est
760 903 986 948 pavimentum
1014 908 1192 935 testaceum
1211 899 1248 941 ¹²,
1288 913 1327 934 eo
1355 902 1447 944 quod
1476 901 1587 935 fractis
1614 904 1704 935 testis
1733 903 1825 936 calce
1859 902 2003 934 admixta
2017 896 2038 916 ¹³
2067 900 2165 933 seria-

221 966 282 992 tur.
338 957 440 989 Testa
469 956 553 989 enini
583 956 714 988 Graece
744 955 920 1001 ὄστρακον
948 950 1113 986 (ἰίοἰῑυῐυ.

388 1024 445 1057 27.

226 1077 349 1112 ciendis
377 1075 638 1119 superfundunt,
668 1074 756 1106 unde
783 1079 815 1105 et
843 1073 962 1105 rudera
989 1073 1153 1107 dicuntur.

390 1143 449 1177 28.
505 1143 636 1176 Canalis
665 1143 707 1173 ab
736 1153 793 1182 eo,
822 1141 913 1184 quod
943 1153 1025 1174 cava
1053 1142 1091 1173 sit
1119 1143 1151 1173 in
1179 1140 1316 1173 modum
1344 1151 1478 1174 cannae.

225 1198 366 1234 minino„
394 1207 493 1237 quani
524 1194 705 1227 masculino
736 1193 945 1237 proferimus.

389 1263 447 1296 29.
504 1263 650 1295 Fistulae
668 1273 826 1305 aquarum
844 1267 914 1293 sunt
934 1260 1052 1298 dictae,
1081 1259 1172 1302 quod
1201 1271 1301 1302 aquas
1326 1259 1466 1291 fundant
1483 1265 1515 1292 et
1535 1259 1672 1292 mittant.

226 1317 356 1348 mittere
384 1321 441 1347 est.

226 1374 275 1400 tos
303 1367 456 1399 modulos
472 1363 494 1382 ¹¹⁵
524 1366 723 1398 dividuntur.

227 1426 257 1451 et
286 1419 406 1451 caeteri
435 1417 525 1451 modi
553 1419 677 1461 quique
692 1414 723 1448 ¹⁷.

783 1518 811 1552 C
836 1519 865 1551 A
894 1519 929 1551 P.
984 1518 1040 1550 Xl.

1121 1518 1198 1550 De

501 1024 617 1056 Rudos
646 1023 784 1055 artifices
814 1022 986 1066 appeliant
1014 1021 1142 1066 lapides
1169 1026 1322 1054 contusos
1347 1027 1379 1054 et
1400 1021 1493 1054 calce
1515 1021 1694 1061 admixtos,
1722 1032 1805 1064 quos
1832 1021 1864 1053 in
1891 1020 2087 1065 pavimentis
2116 1020 2166 1052 fa-

1533 1140 1621 1173 Sane
1649 1140 1799 1175 canalem
1827 1141 1942 1173 melius
1969 1151 2093 1184 genere
2117 1139 2168 1171 fe-

1725 1260 1811 1292 Nam
1829 1261 1984 1294 στέ).λειν
2006 1254 2168 1291 Graece*

496 1315 641 1347 Formae
669 1326 782 1347 earum
812 1324 873 1356 pro
904 1312 1131 1356 magnitudine
1159 1323 1266 1354 aquae
1294 1316 1326 1343 et
1354 1312 1540 1355 capacitate
1561 1311 1660 1351 fiunt,
1688 1322 1750 1354 per
1777 1322 1858 1354 quas
1885 1322 1991 1352 aquae
2013 1321 2072 1352 per
2095 1321 2167 1342 cer-

791 1366 821 1397 E
848 1365 965 1407 quibus
994 1368 1040 1395 est
1067 1363 1162 1396 uncia
1191 1368 1223 1395 et
1250 1363 1417 1405 quinaria,
1461 1363 1583 1407 digitus
1611 1362 1807 1406 quadratus,
1850 1361 1972 1406 digitus
2000 1361 2169 1398 rotundus,

779 1417 961 1459 Hucusque
990 1420 1098 1459 partes
1127 1414 1387 1448 constructionis.

1441 1414 1598 1458 Sequitur
1625 1415 1668 1447 de
1695 1419 1861 1447 venustate
1889 1413 2118 1447 aedificiorum
2138 1409 2170 1446 ¹²⁴.

1251 1521 1611 1550 venustate.

395 1595 555 1628 Venustas
584 1601 641 1633 est,
669 1595 828 1638 quicquid
857 1595 941 1627 illud
969 1594 1153 1628 ornamenti
1181 1600 1212 1626 et
1235 1594 1364 1628 decoris
1391 1604 1490 1627 causa
1516 1592 1676 1627 aedificiis
1704 1589 1885 1631 additur-¹⁹,
1914 1597 1948 1624 ut
1974 1588 2172 1626 tectorum²⁰

231 1659 310 1681 auro
339 1647 492 1680 distincta
521 1648 707 1690 laquearia,
740 1654 772 1680 et
800 1647 1023 1691 pretiosissimi
1036 1643 1059 1663 ²¹

797 1749 824 1782 C
853 1750 883 1781 A
912 1750 948 1782 P.
1001 1749 1076 1784 ΧΠ.

1158 1748 1228 1781 De

1087 1646 1259 1679 marmoris
1287 1650 1415 1679 crustae
1443 1650 1474 1678 et
1501 1645 1652 1678 colorum
1679 1645 1829 1688 picturae
1843 1640 1877 1674 ²².

1280 1747 1605 1793 laqueariis.

396 1826 580 1868 Laquearia
607 1832 697 1867 sunt,
745 1838 831 1869 quae
856 1838 1021 1860 camerani
1056 1826 1235 1870 subtegunt
1262 1830 1294 1858 et
1322 1830 1452 1865 ornant,
1496 1835 1582 1867 quae
1610 1828 1642 1856 et
1670 1823 1836 1857 lacunaria
1863 1822 2032 1861 dicuntur,
2080 1821 2172 1865 quod

325 1930 355 1971 1)
379 1933 426 1959 Sic
451 1933 505 1960 Gu.
530 1938 555 1964 1.
579 1937 628 1967 2.,
657 1934 712 1964 nisi
736 1935 817 1973 quod
840 1936 1032 1974 ὁιττογραφία
1056 1936 1131 1964 inest
1154 1936 1185 1964 in

239 1974 325 2003 codd.
348 1974 484 2003 lectione.
509 1976 564 2004 Gn.
597 1981 622 2006 1.
648 1980 676 2007 2.
700 1978 775 2005 enini
800 1977 955 2006 exhibent:
986 1989 1045 2005 non
1069 1984 1102 2005 ut
1128 1979 1185 2006 alu·

238 2018 275 2045 al)
305 2015 493 2044 adhaerendo
527 2020 559 2044 ιἸι
591 2019 737 2055 lubricis,
777 2027 811 2048 ut
849 2020 977 2058 quidam
1008 2022 1122 2050 solunt,
1144 2036 1185 2042 -

238 2060 326 2097 Vulg.
355 2059 432 2086 enim
457 2064 516 2086 est:
552 2071 611 2087 non
637 2062 674 2090 ιιίι
698 2062 768 2091 adst.
794 2065 825 2091 in
847 2064 934 2099 fabr.
957 2069 989 2091 ut
1021 2063 1103 2101 quid.
1126 2063 1184 2092 rol.

241 2121 277 2124 —
303 2101 330 2139 Ξ)
361 2102 529 2129 Τιι,νοαιιιίιε
552 2102 604 2130 Gu.
624 2106 649 2134 1.
672 2114 715 2132 va.
734 2121 774 2126 ——-
798 2108 826 2143 3)
853 2106 1026 2133 Corinthius
1050 2108 1134 2134 Arev.
1149 2121 1186 2125 -

240 2143 270 2183 4)
293 2143 421 2172 dio-lanu
446 2154 490 2171 va.
511 2159 546 2163 —
572 2147 597 2171 5‘»
622 2151 646 2172 «Ι
670 2147 772 2175 addidi
797 2158 811 2175 e
835 2149 890 2176 Gu.
914 2151 939 2178 1.
962 2165 1001 2169 —-
1025 2149 1112 2181 6)Sic
1131 2148 1186 2176 Gu.

244 2190 268 2216 1.
285 2189 311 2217 2.
336 2202 374 2207 —-
399 2188 496 2214 Bases
520 2185 602 2222 vulg.
627 2204 662 2208 —
686 2190 714 2226 7)
732 2196 770 2215 ‹is-t
796 2190 863 2219 add.
884 2191 963 2227 vulg.
980 2207 1020 2211 -——
1045 2191 1109 2219 0111.
1130 2193 1186 2218 (ἆυ.
1231 2214 1236 2219 .

246 2232 270 2258 1.
296 2231 324 2259 2.
356 2243 395 2248 -—
419 2228 463 2267 ,8)
487 2227 534 2255 Sic
563 2228 617 2256 Gu.
644 2231 667 2257 1.
686 2231 713 2259 2.
742 2248 776 2251 »ἥ
809 2234 869 2259 sint
901 2233 954 2261 col.
982 2233 1061 2269 vulg.
1083 2249 1123 2254 —
1159 2231 1187 2270 9)

244 2271 355 2307 rapitis
384 2279 430 2298 va.
456 2286 496 2291 —
529 2268 573 2309 lo)
603 2269 638 2298 irl
659 2278 699 2298 eust
724 2277 906 2309 &aperturas-<t
930 2274 996 2303 add.
1021 2276 1057 2304 al.
1079 2292 1120 2297 —
1142 2273 1188 2314 11)

240 2318 412 2350 paveantur
434 2311 489 2340 Gu.
515 2315 539 2341 1.
563 2315 591 2343 2.
619 2328 655 2333 —
699 2318 740 2347 12)
770 2318 926 2345 tsslttcimn
961 2317 1016 2346 Gn.
1044 2321 1067 2347 1.
1090 2320 1117 2347 2
1142 2327 1188 2345 va.

249 2371 283 2375 —
312 2354 354 2393 13)
378 2354 425 2382 Sic
451 2354 506 2382 Gu.
525 2356 550 2383 1.
569 2357 595 2386 2.
615 2373 650 2376 —
676 2354 810 2383 adsumto
834 2358 912 2394 vulg.
937 2374 974 2379 -—
1006 2362 1048 2394 14)
1072 2360 1118 2387 Sic
1133 2359 1189 2387 Gu⁴

1231 1939 1273 1970 1.,
1304 1935 1362 1962 nisi
1386 1933 1467 1972 quod
1497 1931 1642 1972 ὄστρακον
1673 1943 1726 1971 pro
1751 1939 1850 1967 ostra,
1887 1930 1969 1969 quod
1990 1935 2033 1958 est
2055 1929 2084 1958 in
2107 1930 2172 1958 cod.

1228 1988 1283 2016 pro
1315 1977 1393 2013 vulg.
1421 1975 1560 2013 ὄστρακα,
1598 1976 1710 2014 scripsi.
1748 1991 1789 1996 —
1826 1974 1913 2011 Vulg.
1949 1973 2066 2001 Testam
2096 1974 2173 2000 enim

1231 2021 1340 2048 Graeci
1361 2018 1489 2056 ὄστρακα
1513 2017 1625 2046 ‹lit-unt.
1656 2035 1696 2039 —
1731 2019 1816 2045 Testa
1837 2018 1915 2045 enim
1939 2016 2049 2043 Graeci
2069 2014 2173 2043 dicunt

1230 2063 1287 2092 Gu.
1305 2066 1334 2093 Q.
1359 2079 1396 2082 —
1427 2064 1468 2091 15>
1492 2060 1539 2087 Sic
1564 2061 1620 2088 Gu.
1642 2064 1666 2091 1.
1687 2063 1714 2091 2.
1732 2071 1778 2088 va.
1802 2076 1838 2081 —
1867 2060 1921 2088 Gr.
1945 2057 2071 2088 στέλλειν
2094 2058 2173 2095 vulg.

1230 2122 1269 2127 --
1297 2103 1338 2143 16)
1363 2104 1410 2131 Sic
1435 2103 1491 2131 Gu.
1515 2106 1538 2132 1.
1562 2106 1589 2133 2.
1614 2113 1658 2131 va.
1683 2119 1721 2124 —
1752 2101 1830 2131 mod.
1854 2106 1921 2129 cert.
1946 2100 2028 2138 vulg.
2056 2117 2097 2122 -
2129 2103 2172 2133 17)

1229 2148 1277 2174 Sic
1299 2148 1347 2175 Ar.
1372 2164 1409 2167 ——
1436 2147 1544 2182 vulqus
1573 2156 1685 2173 causae
1715 2146 1792 2182 vulg.
1816 2161 1855 2165 —
1886 2145 1930 2178 18)
1955 2142 2009 2171 Vv.
2033 2143 2173 2181 Sequitur

1267 2210 1272 2216 .
1302 2187 1393 2224 aedis?
1421 2187 1522 2215 addidi
1547 2198 1561 2216 e
1585 2189 1641 2216 Gu.
1665 2192 1690 2218 1.
1715 2190 1742 2218 2.
1768 2188 1834 2221 Ar.²
1865 2187 1915 2224 qui
1940 2185 1975 2213 ab
2009 2184 2055 2214 his
2077 2183 2173 2212 verbis

1231 2241 1341 2259 novun]
1365 2235 1454 2268 caput
1479 2231 1590 2269 incipit.
1614 2246 1654 2251 —·
1679 2230 1721 2268 19)
1745 2229 1902 2257 addicitur
1925 2228 1980 2256 Gu.
2004 2230 2033 2258 2.
2057 2242 2097 2248 —
2126 2227 2172 2260 ΞΟ)

1231 2284 1326 2301 caum
1357 2273 1424 2301 add.
1453 2273 1532 2310 vulg.
1560 2290 1591 2293 —
1621 2273 1685 2301 Oin.
1722 2273 1778 2301 Gu.
1805 2275 1829 2303 1.
1851 2274 1877 2302 2.
1911 2281 1953 2309 pr.
1979 2269 2026 2297 Ar.
2063 2286 2098 2290 -
2129 2270 2172 2303 21)

1232 2318 1279 2344 Sic
1310 2317 1365 2345 Gn.
1396 2319 1417 2346 l.
1443 2319 1470 2347 2.
1502 2334 1538 2338 —
1564 2317 1692 2353 pretio-st
1723 2326 1767 2353 pr.
1791 2325 1835 2342 va.
1871 2314 1919 2341 Ar.
1953 2327 1992 2332 —
2017 2311 2174 2348 praetensi

1231 2359 1312 2396 vulg.
1339 2375 1378 2380 —
1411 2357 1457 2397 22)
1488 2358 1536 2386 Sic
1568 2358 1622 2385 Gu⁴
1648 2361 1672 2388 1.
1701 2359 1731 2387 2.
1755 2357 1801 2385 Ar.
1828 2372 1863 2377 -
1883 2356 2008 2393 pictura
2030 2353 2109 2391 vulg,
2134 2369 2171 2374 .-
