2264 2830
776 60 1023 97 ORIGINUM
1056 65 1201 101 LIBER
1225 68 1265 102 V.
1927 80 1998 114 167

423 177 574 212 CAP.
626 178 783 215 XXVIII.
862 180 931 215 De
986 182 1294 222 Chrouicac
1345 190 1624 226 vocabulo.

215 252 385 287 Chronica
412 254 531 288 (licitur
558 254 689 289 Graece
701 254 743 297 ³⁰,
770 269 857 300 quae
883 258 1001 292 Latine
1028 266 1219 305 temporum
1245 266 1343 299 series
1370 268 1579 311 appellatur,
1606 271 1740 313 qualem
1768 273 1859 316 apud
1888 273 1997 307 Grae-

49 313 106 337 cos
132 304 295 338 Eusebius
322 305 540 339 Caesariensis
567 308 746 351 episcopus
774 310 895 351 edidit,
929 316 961 343 et
992 312 1217 357 Hieronymus
1252 318 1426 362 presbyter
1439 316 1462 335 ³¹
1490 321 1521 352 in
1548 321 1700 356 Latinam
1728 323 1877 370 linguam
1913 337 1996 360 con-

47 356 156 391 vertit.
211 352 356 404 Χρόνος
383 359 469 391 enim
497 358 644 401 Graece,
669 359 787 393 Latine
814 369 945 406 tempus
971 363 1214 409 interpretatur.

460 459 604 494 CAP.
658 461 779 495 XXIX.
860 463 932 498 De
982 470 1262 502 momentis
1317 475 1362 504 ct
1416 471 1579 506 horis.

214 533 246 568 l.
298 534 473 581 Tempora
485 533 510 553 ³²
536 542 646 570 autem
675 540 866 583 momentis,
894 539 1002 583 horis,
1031 543 1166 586 diebus,
1190 547 1370 589 mensibus,
1405 549 1511 591 annis,
1547 550 1673 592 lustris,
1700 553 1817 587 seculis
1830 550 1872 595 ³³,
1901 559 1993 587 aeta-

44 584 132 618 tibus
175 584 374 621 dividuntur.
453 588 666 622 Momentum
709 596 757 624 est
795 590 1002 626 minimum³⁴
1033 601 1134 639 atque
1174 599 1445 642 angustissimum
1480 606 1632 646 tempuS,
1672 600 1728 635 22³5
1769 611 1862 638 motu
1905 606 1993 639 side-

45 649 117 670 rum
144 636 281 671 dictum.

208 687 241 721 2.
294 689 356 722 Est
381 691 468 723 enim
496 692 682 725 extremitas
708 691 814 727 horae
840 694 872 727 in
900 696 1055 730 brevibus
1082 698 1270 742 intervallis,
1298 713 1375 735 cum
1399 702 1525 746 aliquid
1538 699 1563 720 ³⁸
1589 705 1648 738 sibi
1677 706 1765 740 cedit
1794 712 1892 751 atque
1918 720 1994 742 suc—

43 738 142 773 cedit.
195 739 291 772 Hora
318 741 489 775 Graecum
517 755 638 776 nomen
663 750 713 777 est
725 740 765 785 ³⁷,
793 751 825 778 et
852 751 961 781 tamen
989 748 1144 782 Latinum
1160 747 1185 767 ³³⁵
1211 758 1313 786 sonat.
1369 754 1440 788 Ora
1455 751 1479 771 ³⁰
1505 755 1592 788 enim
1620 757 1692 791 finis
1719 765 1766 791 est
1791 757 1993 803 temporis⁴⁰‚

43 787 157 825 sicut⁴¹
185 796 218 825 et
244 790 358 826 orae⁴²
384 799 459 826 sunt
484 794 566 828 fines
593 796 708 838 maris,
736 796 930 842 fluviorum,
958 801 1230 836 vestimentorum
1242 800 1276 837 ⁴³.

616 889 769 924 CAP.
822 891 929 927 XXX.
1007 894 1404 932 Dediebus.

207 961 238 994 l.
292 962 370 996 Dies
397 969 445 996 est
472 967 659 1010 praesentia
686 967 784 1008 solis,
812 968 880 1001 sive
906 970 957 1002 sol
984 982 1084 1015 supra
1097 969 1121 990 ⁴⁸
1148 979 1268 1017 terras,
1302 974 1385 1008 sicut
1412 986 1477 1008 nox
1504 976 1555 1009 sol
1566 973 1590 994 ⁴⁵
1622 978 1683 1011 sub
1719 976 1857 1013 terris-⁴⁶.
1911 976 1992 1013 Ut*w

41 1012 128 1046 enim
154 1012 224 1045 dies
252 1018 308 1046 aut
321 1011 346 1031 ⁴⁸
371 1026 437 1048 nox
464 1017 520 1059 sit,
546 1028 645 1051 causa
671 1024 720 1051 est
745 1026 801 1052 aut
821 1032 922 1065 supra
933 1018 957 1038 ⁴9
983 1028 1104 1057 ten-am
1131 1026 1199 1067 sol,
1227 1031 1283 1058 aut
1309 1027 1369 1059 sub
1390 1027 1492 1060 terris,
1524 1028 1601 1061 Dies
1628 1029 1798 1074 legitimus
1825 1031 1955 1064 XXIIII
1968 1027 1993 1048 ⁵⁰

39 1060 254 1105 horarum⁵¹‚
280 1077 384 1109 usque
411 1067 492 1101 dum
518 1068 589 1102 dies
617 1075 648 1102 et
676 1081 741 1103 nox
767 1073 881 1116 spacia
914 1075 963 1107 sui
997 1086 1109 1109 cursus
1143 1078 1185 1111 ab
1221 1075 1381 1111 oriente⁵²
1409 1090 1511 1122 usque
1544 1080 1587 1113 ad
1621 1081 1723 1114 alium
1759 1082 1954 1116 orientalem
1967 1078 1992 1098 ⁵³

38 1115 143 1149 solem
171 1116 256 1149 coeli
283 1118 490 1153 volubilitate
516 1122 698 1155 concludat
709 1118 744 1154 ⁵⁴.
797 1124 944 1158 Abusive
971 1132 1082 1160 autem
1105 1128 1175 1163 dies
1203 1141 1284 1163 unus
1312 1135 1360 1163 est
1385 1132 1536 1175 spacium
1563 1132 1606 1165 ab
1633 1133 1760 1166 oriente
1787 1134 1858 1167 sole
1885 1145 1989 1179 usque

38 1167 83 1200 ad
105 1167 324 1202 occidentem.

202 1218 235 1251 2.
288 1220 373 1253 Sunt
398 1226 509 1255 autem
536 1222 603 1255 diei
629 1223 743 1267 spacia
770 1224 852 1268 du0,
878 1226 1099 1261 interdianum
1125 1234 1224 1273 atque
1236 1227 1261 1247 ⁵5
1287 1236 1497 1274 nocturnum,
1525 1237 1558 1266 et
1585 1238 1632 1268 est
1659 1234 1729 1267 dies
1757 1235 1894 1278 quidem
1921 1235 1987 1269 ho-

36 1280 147 1303 rarum
173 1270 306 1303 XXIIII
317 1268 360 1313 ⁵“‚
387 1274 538 1316 spacium
563 1279 675 1307 autem
702 1274 862 1309 horarum
875 1274 900 1294 ⁵¹
926 1278 1000 1313 XII.

200 1321 235 1356 3.
290 1322 435 1356 Vocatus
457 1330 567 1357 autem
591 1324 662 1358 dies
689 1337 708 1358 a
734 1332 830 1370 parte
858 1328 989 1362 meliori
1003 1326 1038 1365 ⁵⁸.
1092 1329 1193 1364 Unde
1223 1337 1256 1365 et
1281 1332 1312 1365 in
1340 1344 1400 1366 usu
1428 1339 1484 1375 est,
1513 1340 1547 1368 ut
1573 1335 1641 1369 sine
1668 1339 1987 1372 commemoratione

34 1372 140 1405 noctis
169 1384 345 1406 numerum
372 1374 521 1408 dicamus
545 1376 692 1417 dierum,
719 1378 802 1411 sicut
826 1384 859 1411 et
884 1379 917 1411 in
939 1381 1018 1425 lege
1045 1380 1155 1414 divina
1178 1383 1337 1428 scriptum
1364 1390 1427 1418 est:

262 1424 413 1458 Factum
440 1431 489 1460 est
514 1438 659 1472 vespere
686 1431 718 1460 et
745 1441 849 1462 mane
879 1431 956 1464 dies
983 1443 1070 1464 unus
1080 1429 1113 1464 ⁵⁹.

196 1474 232 1510 4.
284 1476 364 1509 Dies
388 1477 572 1511 secundum
598 1479 788 1523 Aegyptios
812 1481 949 1515 inchoat
978 1483 1022 1515 ab
1051 1493 1173 1517 occasu
1200 1485 1295 1518 solis:
1329 1486 1513 1520 secundum
1545 1487 1661 1520 Persas
1698 1488 1743 1520 ab
1779 1494 1854 1522 ortu
1889 1491 1983 1524 solis:

30 1525 214 1558 secundum
240 1526 458 1561 Athenienses
497 1540 517 1561 a
543 1534 635 1562 sexta
660 1530 745 1563 hora
776 1531 860 1565 diei:
897 1534 1081 1568 secundum
1114 1535 1288 1569 Romanos
1314 1549 1334 1569 a
1361 1538 1474 1571 media
1509 1544 1617 1572 nocte.
1672 1538 1775 1572 Unde
1810 1546 1842 1573 et
1867 1540 1982 1576 tuncss⁰

29 1576 236 1621 gallicinium
264 1575 365 1620 θείω,
392 1591 535 1622 quorum
561 1592 626 1614 vox
652 1581 718 1614 diei
746 1584 888 1616 ostendit
901 1581 927 1602 ⁶²
951 1586 1188 1629 praeconium,
1216 1588 1352 1631 quando
1380 1595 1413 1622 et
1439 1591 1662 1634 mesonyctius
1689 1591 1819 1624 afflatus
1846 1589 1927 1628 fitffi.

190 1627 224 1662 5.
279 1629 358 1663 Dies
385 1631 465 1666 dicti
487 1643 506 1664 a
527 1632 599 1674 diis,
626 1644 769 1677 quorum
795 1636 930 1669 nomina
954 1637 1099 1670 Romani
1126 1639 1327 1683 quibusdam
1354 1641 1516 1675 sideribus
1543 1648 1762 1676 sacraverunt.
1828 1643 1977 1678 Primum

28 1736 78 1774 qui
99 1735 185 1766 nobis
206 1742 252 1767 est
266 1748 336 1777 pars
360 1739 431 1768 libri
450 1740 484 1769 V.
506 1756 548 1763 —
571 1741 684 1781 Incipit
706 1743 782 1771 liber
797 1746 924 1782 quintus
938 1745 975 1774 de
1017 1746 1065 1787 52)
1086 1748 1148 1775 sole
1170 1748 1239 1778 add.
1266 1749 1299 1777 Z.
1337 1765 1379 1772 ——
1416 1748 1465 1790 53)
1486 1749 1699 1781 occidentalem
1729 1752 1785 1780 Gu.
1812 1755 1837 1783 1.
1861 1763 1907 1791 pr.
1932 1769 1973 1776 ·-

27 1783 147 1817 tempor.
168 1779 238 1808 edit.
263 1791 310 1810 va.
334 1799 371 1805 —
394 1781 443 1823 30)
464 1783 514 1812 Sic
536 1784 592 1813 Gu.
616 1788 641 1815 1.
664 1788 693 1817 2.
716 1804 754 1809 —
778 1788 892 1815 Graece
915 1787 974 1817 dic.
1017 1791 1156 1818 orientem
1180 1792 1237 1821 Gu.
1259 1794 1287 1823 2.
1310 1803 1356 1821 va.
1390 1792 1505 1823 Verba:
1536 1803 1632 1831 usque
1653 1793 1698 1822 ad
1718 1795 1819 1823 alium
1836 1797 1972 1824 orienta-

26 1821 105 1859 vulg.
128 1838 170 1844 —
197 1823 247 1860 31)
266 1829 355 1862 pater
377 1824 434 1853 Gu.
458 1828 487 1856 2.
508 1842 551 1849 -—
579 1825 628 1867 32)
657 1829 800 1867 Tempora
820 1840 913 1869 usque
935 1831 974 1860 ad
1017 1832 1074 1860 lem
1093 1834 1186 1861 solem
1212 1844 1269 1863 om.
1292 1835 1323 1864 Z.
1348 1851 1385 1857 —
1417 1839 1461 1870 54)
1484 1835 1639 1864 concludit
1659 1847 1706 1866 va.
1727 1854 1770 1859 —
1797 1835 1845 1877 55)
1871 1838 1919 1867 Sic
1938 1841 1969 1871 Ζ,

25 1861 210 1892 dividuntur
231 1875 288 1894 om.
312 1867 343 1895 Z.
366 1883 400 1888 —
421 1869 466 1905 33)
480 1868 582 1905 siclis,
604 1870 712 1898 lustris
736 1872 791 1902 Gu.
811 1876 838 1904 1.
861 1889 902 1895 —-
924 1872 973 1913 34)
1017 1875 1073 1904 Gu.
1098 1878 1124 1907 1.
1140 1879 1168 1908 2.
1189 1886 1234 1915 pr.
1257 1887 1305 1906 va.
1327 1878 1376 1907 Ar.
1405 1896 1444 1901 -
1467 1884 1493 1905 et
1515 1879 1594 1917 vulg.
1620 1895 1663 1901 —
1698 1879 1745 1919 56)
1768 1880 1835 1910 XII.
1858 1881 1914 1910 Gu.
1937 1886 1968 1915 2.

9 1907 177 1935 intimatam
193 1907 224 1936 Z.
244 1925 278 1929 —
304 1906 351 1948 35)
368 1908 452 1947 quod
466 1922 485 1938 a
501 1917 586 1939 mom
599 1912 690 1942 al.—
712 1916 761 1951 36)
777 1914 860 1953 Vulg.
877 1926 973 1954 quum
1015 1927 1062 1947 va.
1085 1934 1125 1940 --
1146 1922 1194 1954 57)
1217 1922 1316 1948 noctis
1335 1921 1438 1950 lzorar.
1461 1921 1517 1949 Gu.
1536 1923 1566 1953 2.
1588 1938 1630 1943 —-
1660 1924 1704 1957 58)
1727 1923 1776 1951 Sic
1799 1924 1856 1952 Gu.
1879 1927 1905 1955 1.
1927 1941 1968 1947 —

24 1948 71 1976 eol
87 1950 177 1988 alc'q.,
199 1949 253 1978 sed
276 1951 325 1979 sol
339 1962 396 1981 om.
419 1952 449 1982 Z.
474 1954 531 1983 Gu.
548 1956 577 1986 2.
600 1964 645 1984 va.
673 1957 722 1986 Ar.
747 1957 807 1986 Pal.
822 1961 892 1990 281.
911 1969 971 1988 ex-
1014 1960 1135 1990 meliore
1161 1961 1242 2000 vulg.
1270 1978 1314 1984 --·
1348 1964 1397 2001 59)
1423 1963 1521 1992 Locus
1549 1968 1595 1992 est
1618 1964 1650 1993 iu
1681 1965 1786 1994 Genes.
1811 1970 1844 2000 1,
1872 1967 1901 1999 5.
1925 1983 1966 1990 —

23 1988 104 2021 hibet
121 1991 159 2020 ad
172 2002 261 2030 marg.
288 2010 322 2015 -
348 1995 396 2032 37)
415 1994 464 2023 Sic
479 1996 535 2025 Gu.
556 1999 581 2027 1.
599 1999 628 2028 2.
644 2014 687 2020 —
708 2006 751 2027 est
768 2011 873 2029 nomen
888 2002 969 2039 vulg.
1012 2003 1130 2041 splojses
1145 2006 1222 2032 enim
1240 2015 1260 2032 a
1271 2015 1358 2034 mane
1372 2005 1417 2033 ad
1431 2016 1518 2034 mane
1531 2017 1626 2035 unum
1641 2006 1720 2036 diem
1737 2009 1882 2047 appellat.
1907 2009 1968 2038 Sed

22 2047 64 2055 -υ
83 2037 128 2069 38)
157 2035 190 2062 in
210 2036 317 2064 Latin.
341 2036 371 2065 Z.
400 2052 441 2058 —
472 2037 519 2077 39)
538 2040 628 2068 Hora
648 2041 679 2071 Z.
702 2052 750 2072 va.
777 2043 826 2072 Ar.
848 2059 889 2065 —
919 2045 966 2081 40)
1011 2046 1145 2074 Domino
1175 2054 1315 2086 surgente
1341 2059 1463 2087 vespera
1491 2049 1635 2078 sabbathi
1657 2050 1780 2079 lucescit
1808 2053 1841 2080 in
1856 2053 1964 2090 prima

15 2075 91 2112 fini-5·
114 2081 201 2115 temp.
224 2083 267 2106 est
288 2079 319 2107 Z.
341 2094 382 2100 —
399 2078 447 2116 41)
470 2082 548 2109 sicut
571 2091 628 2112 om.
651 2084 707 2114 Gu.
726 2088 752 2116 1,
777 2103 819 2108 —
840 2086 889 2123 42)
911 2098 966 2115 ora
1009 2088 1170 2125 sabbathi,
1199 2096 1235 2118 ut
1250 2090 1338 2118 lzomo
1359 2090 1396 2119 de
1415 2092 1480 2119 luce
1503 2092 1612 2130 lapsu-9
1633 2094 1666 2120 in
1695 2094 1829 2122 tenebras
1850 2094 1961 2123 rediret

22 2118 53 2148 Z.
75 2118 206 2150 Gu.1.2.
228 2137 268 2142 -
290 2121 336 2157 43)
346 2121 395 2149 Sic
409 2122 652 2163 Gu.1.—Vulg.
670 2132 697 2154 ec
719 2129 832 2157 vestim.
854 2144 896 2150 —
918 2129 964 2168 44)
1007 2129 1114 2160 deinde
1135 2131 1181 2159 ad
1201 2134 1307 2163 lucem.
1338 2133 1419 2162 Haec
1440 2133 1525 2163 addit
1544 2135 1610 2165 cod.
1631 2135 1739 2165 Zittav.
1763 2153 1804 2158 —
1827 2139 1872 2175 60)
1886 2143 1960 2165 tanc

12 2160 66 2189 *Sic
81 2161 112 2189 Z.
131 2162 187 2190 Gu.
204 2165 229 2193 1.
250 2173 296 2202 pr.
310 2173 358 2192 va.
374 2164 422 2193 Ar.
450 2181 485 2186 --
509 2176 600 2204 super
618 2169 698 2206 vulg.
711 2185 754 2192 -
774 2170 822 2210 45)
838 2172 886 2199 sol
903 2182 963 2203 om.
1007 2183 1065 2202 om.
1090 2175 1146 2203 Gu.
1159 2177 1189 2206 2.
1207 2193 1246 2198 -
1269 2182 1313 2203 ter
1328 2187 1383 2215 pro
1407 2187 1441 2206 eo
1462 2176 1583 2206 exhibet
1602 2178 1634 2206 Z.
1649 2194 1691 2200 —
1713 2181 1757 2214 61)
1772 2178 1807 2207 id
1827 2186 1870 2208 est
1884 2181 1957 2219 gal-

21 2202 77 2233 Gu.
93 2206 174 2235 l.—·
194 2202 241 2245 46)
255 2204 312 2233 sub
327 2211 425 2234 terra-s·
447 2207 504 2236 Gu.
521 2211 550 2239 2.
575 2225 609 2230 --
634 2209 682 2249 47)
700 2211 812 2243 Verbaz
834 2219 867 2242 ut
884 2216 963 2243 enim
1004 2216 1102 2244 loram
1125 2223 1235 2246 cantu-5
1257 2218 1326 2248 add.
1346 2219 1435 2249 Arev.
1460 2238 1499 2244 —
1528 2223 1572 2254 62)
1598 2220 1768 2250 ostenditur
1789 2222 1825 2253 al.
1847 2232 1893 2261 pr.
1914 2237 1955 2245 —-

19 2254 110 2283 nsque
131 2246 169 2275 ud
190 2247 246 2276 sub
267 2250 356 2276 terris
385 2259 442 2278 om.
463 2250 495 2280 Z.
519 2250 575 2279 Gu.
595 2254 623 2282 2.
646 2268 689 2275 —
723 2254 768 2293 48)
793 2262 819 2284 et
842 2267 891 2286 va.
919 2274 961 2279 —-
1003 2257 1082 2286 ddem
1105 2260 1234 2288 ostenda
1253 2263 1416 2300 praeconio
1435 2262 1493 2291 Gu.
1510 2265 1539 2295 2.
1567 2279 1610 2286 —-
1644 2266 1689 2297 63)
1713 2264 1837 2303 quando
1859 2274 1953 2302 usque

18 2286 64 2324 49)
87 2288 134 2317 Sic
157 2289 214 2319 Gu.
238 2292 264 2321 1.
280 2300 325 2329 pr.
347 2301 393 2322 va.
417 2291 470 2322 Ar.
491 2308 533 2314 —
562 2304 652 2332 super
674 2296 753 2334 vulg.
775 2313 813 2320 —
838 2298 886 2337 50)
911 2302 959 2327 vi-
1003 2301 1040 2329 ad
1062 2302 1106 2340 fit
1129 2312 1186 2332 om.
1215 2304 1272 2334 Gu.
1293 2307 1321 2336 2.
1345 2321 1387 2327 —-
1418 2307 1605 2333 mesonictim
1631 2305 1701 2337 edit.
1731 2306 1868 2336 Gothosr-
1902 2307 1950 2335 Al.

14 2329 94 2367 ,giuti
112 2331 145 2360 Z.
166 2346 208 2355 —
235 2330 282 2371 51)
307 2332 394 2373 Vulg.
418 2334 488 2365 add.
509 2340 569 2373 est,
599 2337 680 2376 quod
710 2349 768 2369 om.
793 2341 849 2370 Gu.
871 2345 896 2373 1.
915 2358 958 2365 —
1000 2343 1071 2374 add.
1089 2344 1127 2373 ad
1141 2345 1416 2386 interpretationem
1430 2347 1466 2376 id
1478 2354 1521 2377 est
1536 2347 1744 2378 medinoctius.
