2198 2814
198 147 219 179 2
793 131 1063 166 SUMMA
1125 126 1500 164 CAPITUM.

220 240 238 268 9
262 237 342 272 Quot
364 230 474 261 numeri
495 228 602 257 infiniti
634 227 769 254 existunt.

205 282 241 311 10
266 277 344 313 Quid
373 275 409 303 sit
438 271 611 310 geometria,
645 273 672 296 et
705 268 740 295 de
763 267 806 294 in-

285 316 453 348 ventoribus
476 320 502 342 et
528 311 672 341 vocabulo
696 310 765 337 eius.

209 366 241 394 11
269 362 306 389 De
329 357 543 398 quadripartita
575 353 719 382 divisione
741 361 808 389 geo—

288 401 414 431 metriae.

210 448 247 476 12
271 446 309 472 De
331 441 429 480 figuris
452 437 632 476 geometriae.

211 489 247 518 13
270 487 310 514 De
339 482 467 513 numeris
501 478 659 507 secundum
695 487 810 514 geome-

290 528 376 556 triam
400 521 582 562 quaerendis.

214 575 252 605 14
275 573 315 601 De
338 570 446 600 musica
470 571 498 595 et.
522 566 581 594 eius
604 566 730 593 nomine.

213 617 249 647 15
274 616 312 642 De
335 609 537 641 inventoribus
561 608 631 637 eius.

214 659 249 687 16
273 655 350 690 Quid
375 653 465 692 possit
486 650 604 679 musica.

213 700 249 729 17
274 699 313 725 De
336 696 428 725 tribus
451 692 582 732 partibus
605 690 739 719 musicae.

215 741 253 770 18
277 740 316 767 De
342 736 467 766 triformi
490 734 615 762 musicae
639 732 789 761 divisione.

216 783 253 812 19
277 781 317 808 De
339 780 430 818 prima
445 777 587 806 divisione
603 775 727 803 musicae
747 783 819 812 quae

295 821 464 850 harmonica
486 819 606 847 dicitur.

215 870 253 899 20
282 868 320 895 De
344 865 470 894 secunda
501 863 647 892 divisione
671 871 744 899 quae
776 872 819 889 or-

300 908 399 946 ganica
423 906 543 935 dicitur.

217 955 253 983 21
281 952 320 980 De
343 950 426 978 tertia
449 947 608 983 divisione,
637 955 710 983 quae
740 944 821 982 ryth-

299 993 373 1021 mica
395 994 589 1027 nuncupatur.

219 1038 258 1066 22
283 1036 321 1062 De
342 1033 460 1061 musicis
486 1030 621 1059 numeris.

219 1079 257 1107 ‘23
282 1077 322 1104 De
345 1074 529 1103 astronomia.

220 1118 259 1150 24
283 1119 323 1146 De
344 1116 546 1146 inventoribus
569 1114 637 1142 eius.

220 1160 260 1191 25
284 1161 322 1188 De
345 1158 537 1197 scriptoribus
560 1155 764 1184 astronomiae.

222 1204 260 1232 26
285 1203 325 1230 De
363 1200 527 1228 differentia
569 1197 762 1227 astronomiae
801 1201 830 1223 ct

303 1242 481 1278 astrologiae.

221 1293 259 1322 27
285 1288 324 1315 De
347 1285 540 1313 astronomiae
563 1283 683 1311 ratione.

222 1334 261 1365 28
284 1330 323 1357 De
346 1326 453 1355 mundo
478 1329 505 1353 et
529 1324 590 1352 eius
612 1323 738 1352 nomine.

223 1376 261 1406 29
285 1371 326 1398 De
350 1370 440 1396 forma
464 1365 574 1394 mundi.

225 1417 265 1447 30
289 1413 328 1439 De
351 1410 433 1438 coelo
456 1413 484 1437 et
506 1408 566 1435 eius
589 1407 711 1435 nomine.

227 1459 264 1488 31
289 1453 330 1481 De
353 1452 412 1479 situ
435 1449 573 1489 sphaerae
595 1449 737 1478 coelestis.

229 1501 269 1529 32
293 1495 331 1522 De
355 1498 435 1520 motu
458 1491 595 1520 eiusdem.

231 1541 269 1571 33
292 1537 331 1563 Dc
353 1544 441 1563 cursu
469 1533 596 1562 eiusdem
619 1531 765 1572 sphaerae.

231 1582 271 1612 54
293 1579 332 1605 De
356 1576 503 1605 celeritate
525 1574 608 1603 coeli.

232 1622 271 1654 35
298 1621 335 1647 De
358 1628 410 1646 axe
433 1617 516 1646 coeli.

233 1666 272 1696 36
297 1663 338 1689 De
362 1659 532 1688 coelestibus
556 1658 640 1696 polis.

233 1707 274 1739 37
298 1704 337 1731 De
360 1701 528 1731 cardinibus
552 1700 633 1729 coeli.

235 1749 275 1780 38
299 1746 337 1772 De
360 1744 498 1772 convexis
522 1742 603 1770 coeli.

235 1790 274 1821 39
298 1788 338 1814 De
359 1786 454 1814 ianuis
477 1784 560 1813 coeli.

237 1832 276 1862 40
300 1830 339 1856 De
364 1828 474 1865 gemina
498 1826 570 1854 coeli
595 1826 674 1854 facie.

239 1873 275 1904 41
301 1871 342 1899 De
365 1874 491 1908 quatuor
512 1869 644 1906 partibus
668 1870 749 1897 coeli.

240 1914 280 1944 42
301 1912 342 1940 De
365 1910 594 1949 hemisphaeriis.

240 1955 280 1986 43
303 1955 344 1982 De
370 1954 500 1991 quinque
523 1951 641 1980 circulis
665 1953 747 1980 coeli.

241 1997 281 2028 44
305 1996 343 2024 De
365 1996 487 2023 zodiaco
511 1994 623 2023 circulo

242 2039 282 2070 45
306 2038 347 2066 De
373 2037 500 2066 candido
525 2036 646 2065 circulo.

242 2082 282 2112 46
305 2080 346 2108 De
369 2078 568 2116 magnitudine
591 2078 670 2107 solis.

242 2123 282 2154 47
305 2122 346 2150 De
369 2120 567 2159 magnitudine
586 2121 677 2149 lunae.

243 2165 283 2196 48
305 2164 346 2191 De
369 2169 473 2191 natura
496 2163 574 2190 solis.

242 2206 282 2239 49
307 2206 347 2234 De
370 2215 459 2234 cursu
481 2205 559 2233 solis.

243 2248 283 2278 50
309 2247 348 2276 De
372 2247 490 2275 defectu
515 2246 593 2274 solis.

243 2289 282 2320 51
307 2289 347 2318 De
368 2289 472 2318 itinere
496 2288 574 2317 solis.

245 2332 285 2363 52
303 2331 347 2359 De
369 2331 478 2360 lumine
501 2331 595 2358 lunae.

247 2373 285 2403 53
308 2373 348 2401 De
371 2374 472 2402 formis
494 2374 588 2401 lunae.

847 227 885 259 54
907 225 948 252 De
971 222 1130 252 interlunio
1152 222 1246 250 lunae.

849 271 887 303 55
912 268 952 294 De
976 275 1064 294 cursu
1087 264 1182 292 lunae.

850 314 889 343 56
914 310 952 336 De
968 308 1120 336 vicinitate
1143 307 1229 334 lunae
1253 305 1288 334 ad
1311 310 1412 333 terras.

851 355 890 385 57
913 352 953 378 De
976 349 1077 388 eclipsi
1099 349 1178 376 solis.

853 397 893 428 58
916 394 956 421 De
980 391 1083 430 eclipsi
1115 391 1214 418 lunae.

852 440 891 469 59
915 436 954 463 De
977 433 1141 462 differentia
1162 432 1319 467 stellarum,
1334 430 1461 458 siderum

937 481 965 505 et
987 480 1141 504 astrorum.

855 524 894 552 60
919 519 958 547 De
980 518 1088 546 lumine
1110 516 1267 545 stellarum.

856 566 892 594 61
920 561 959 589 De
983 561 1040 588 situ
1058 559 1218 587 stellarum.

857 607 896 635 (52
921 603 959 630 De
979 611 1068 630 cursu
1089 601 1249 629 stellarum.

858 648 896 677 63
919 645 959 672 De
979 645 1062 672 vario
1086 652 1177 671 cursu
1198 641 1357 669 stellarum.

859 688 898 719 64
922 687 961 715 De
982 686 1143 715 intervallis
1166 684 1324 712 stellarum.

860 730 898 760 65
922 729 962 757 De
985 737 1106 756 numero
1129 726 1266 754 circulari
1285 725 1446 754 stellarum.

861 774 900 803 66
924 772 964 799 De
986 770 1076 798 stellis
1098 769 1233 807 planetis.

864 816 901 845 67
928 814 967 841 De
996 811 1202 851 praecedentia
1234 815 1262 838 et
1303 807 1472 847 antegrada-

947 855 1025 883 tione
1047 854 1205 883 stellarum.

866 900 904 929 68
928 898 967 925 De
1007 896 1170 924 remotione
1205 894 1250 922 vel
1287 892 1474 930 retrograda-

950 940 1028 967 tione
1052 939 1213 966 stellarum.

868 984 906 1013 69
931 982 969 1010 De
992 985 1070 1009 statu
1095 981 1254 1008 stellarum.

871 1026 907 1054 70
935 1025 973 1051 De
1002 1023 1167 1051 nominibus
1197 1021 1347 1051 stellarum
1373 1018 1478 1057 quibus

951 1076 985 1094 ex
1009 1065 1102 1093 causis
1126 1065 1243 1094 nomina
1267 1066 1452 1101 acceperunt.

962 1166 1097 1196 CAPITA
1120 1165 1219 1194 LIBRI
1243 1164 1397 1200 QUAR'rt.

897 1240 909 1266 1
938 1236 976 1262 De
999 1233 1152 1262 medicina.

896 1281 915 1308 2
940 1278 978 1304 De
1002 1276 1118 1303 nomine
1142 1275 1214 1302 eiuS.

897 1321 914 1348 3
940 1319 978 1344 De
1000 1316 1202 1344 inventoribus
1226 1316 1295 1344 eius.

898 1368 916 1389 4
943 1360 982 1386 De
998 1358 1093 1387 tribus
1110 1357 1280 1387 haeresibus
1297 1356 1489 1385 medicorum.

898 1403 916 1434 5
941 1402 980 1429 De
997 1405 1122 1438 quatuor
1134 1399 1308 1428 humoribus
1321 1407 1488 1436 corporum.

901 1447 919 1476 6
943 1444 984 1471 De
1008 1442 1101 1471 acutis
1123 1441 1243 1470 morbis.

899 1491 916 1517 7
943 1487 982 1514 De
1005 1484 1153 1514 chronicis
1175 1482 1294 1514 morbis,

900 1532 918 1560 8
941 1529 980 1556 De
997 1526 1122 1562 morbis,
1146 1526 1195 1563 qui
1218 1525 1249 1552 in
1273 1523 1426 1563 superficie
1442 1532 1489 1549 cu-

965 1571 1004 1598 tis
1029 1569 1175 1597 videntur.

903 1616 922 1645 9
947 1613 987 1641 De
1010 1610 1147 1640 remediis
1169 1614 1196 1637 et
1219 1607 1471 1637 medicaminibus.

888 1659 923 1688 10
947 1655 988 1683 De
1010 1654 1095 1683 libris
1117 1651 1352 1681 medicinalibus.

888 1701 923 1730 11
948 1697 987 1725 De
1010 1695 1215 1725 instrumentis
1244 1693 1434 1723 medicorum.

888 1743 926 1772 12
949 1739 989 1768 De
1012 1738 1153 1767 odoribus
1176 1741 1203 1765 et
1224 1735 1393 1774 unguentis.

890 1785 925 1813 13
952 1783 990 1810 l)e
1011 1781 1092 1809 initio
1116 1779 1288 1808 medicinae.

984 1881 1118 1910 CAPITA
1142 1880 1242 1908 LIBRI
1266 1879 1407 1915 QUINTI.

913 1954 926 1980 1
955 1950 993 1978 De
1016 1947 1186 1976 auctoribus
1209 1947 1313 1983 legum.

911 1994 929 2021 2
952 1992 991 2019 De
1013 1990 1128 2028 legibus
1151 1989 1257 2017 divinis
1279 1993 1306 2017 et
1334 1987 1480 2017 humanis.

912 2036 930 2064 3
954 2033 1033 2069 Quid
1052 2032 1192 2061 differunt
1214 2031 1291 2060 inter
1313 2030 1411 2065 seius,
1427 2029 1503 2065 lege*

976 2080 1004 2103 et
1027 2085 1131 2102 ωσι-65.

916 2121 933 2147 4
957 2117 1036 2152 Quid
1057 2117 1096 2144 sit
1122 2116 1166 2143 ius
1190 2115 1332 2143 naturale.

917 2162 935 2190 5
959 2158 1039 2194 Quid
1065 2158 1102 2186 sit
1126 2158 1169 2185 ius
1193 2157 1288 2186 civile.

919 2204 936 2231 6
960 2201 1039 2235 Quid
1062 2200 1101 2228 sit
1124 2201 1166 2227 ius
1190 2199 1326 2237 gentium.

920 2246 935 2273 7
960 2242 1039 2277 Quid
1063 2242 1099 2269 sit
1121 2242 1166 2269 ius
1189 2242 1321 2270 militare.

918 2288 935 2315 8
960 2284 1037 2319 Quid
1061 2284 1097 2312 sit
1125 2284 1167 2311 ius
1189 2283 1349 2322 publicum.

917 2328 935 2356 9
960 2326 1037 2360 Quid
1064 2326 1100 2353 sit
1123 2327 1167 2354 ius
1184 2325 1342 2362 Quiritum.

900 2371 935 2397 10
959 2368 1039 2403 Quid
1062 2368 1119 2396 tex.

1505 219 1539 246 11
1566 213 1645 249 Quid
1668 211 1740 239 scita
1764 211 1903 249 plebium.

1505 261 1543 288 12
1565 254 1644 291 Quid
1667 258 1785 282 senatus
1812 253 1990 281 consultum.

1505 302 1542 329 13
1568 296 1648 333 Quid
1671 296 1846 323 constitutio
1869 301 1898 324 et
1920 295 2057 324 edictum.

1507 342 1544 372 14
1568 339 1647 374 Quid
1670 348 1810 375 responsa
1832 338 2022 375 prudentum.

1508 384 1544 413 15
1569 382 1609 409 De
1632 380 1746 417 legibus
1769 380 1975 408 consularibus
2005 384 2033 407 et
2062 378 2119 407 tri-

1591 422 1723 450 bunitiis.

1509 468 1546 498 16
1572 467 1611 494 De
1635 465 1696 501 lege
1720 465 1832 501 Satyra.

1510 512 1545 539 17
1572 509 1611 536 De
1633 506 1746 543 legibus
1769 504 1902 534 Rhodiis.

1510 554 1548 582 18
1574 551 1614 578 De
1638 548 1810 586 privilegiis,

1513 595 1549 624 19
1574 591 1654 628 Quid
1677 590 1770 628 possit
1792 591 1849 619 lex.

1511 637 1551 666 20
1575 636 1672 669 Quare
1694 632 1745 660 lex
1768 633 1847 660 facta
1874 631 1921 659 sit.

1512 680 1548 708 21
1576 675 1679 711 Qualis
1702 674 1805 703 debeat
1827 673 1889 702 fieri
1913 674 1969 701 lex.

1513 721 1553 749 22
1578 719 1617 746 De
1641 717 1746 745 causis.

1515 763 1555 792 23
1580 762 1619 788 De
1642 758 1772 787 testibus.

1516 804 1556 835 24
1581 804 1620 830 De
1641 799 1846 830 instrumentis
1867 797 2017 836 legalibus.

1517 847 1557 876 25
1580 846 1620 873 De
1643 843 1739 872 rebus.

1519 889 1559 918 26
1584 888 1623 915 De
1639 884 1811 914 criminibus
1831 883 1860 911 in
1876 883 1939 920 lege
1955 879 2132 910 constituti&

1519 932 1560 960 27
1585 930 1624 957 De
1644 927 1748 967 poenis
1769 926 1799 953 in
1823 925 1935 962 legibus
1954 922 2130 952 constitutis

1521 974 1561 1005 28
1584 973 1624 999 De
1648 969 1804 997 chronicae
1826 967 1982 996 vocabulo.

1522 1017 1561 1047 29
1586 1015 1625 1042 De
1649 1013 1804 1040 momentis
1827 1015 1855 1039 et
1876 1009 1966 1038 horis.

1522 1059 1562 1089 30
1586 1057 1627 1085 De
1647 1055 1762 1082 diebus.

1523 1101 1560 1131 31
1587 1100 1627 1127 De
1650 1102 1746 1126 nocte.

1525 1143 1565 1174 32
1589 1142 1629 1170 De
1651 1137 1844 1168 hebdomada.

1527 1187 1566 1215 33
1591 1185 1630 1212 De
1654 1181 1810 1210 mensibus.

1530 1226 1570 1257 34
1594 1227 1634 1254 De
1657 1224 1791 1253 solstitiis
1815 1227 1843 1250 et
1866 1217 2070 1258 aequinoctiis.

1531 1269 1570 1299 35
1597 1270 1634 1296 lle
1658 1265 1840 1305 temporibus
1862 1262 1942 1291 anui.

1531 1313 1571 1343 36
1598 1311 1637 1339 De
1659 1310 1752 1337 annis.

1531 1356 1570 1384 37
1596 1354 1635 1381 De
1651 1349 1876 1389 Olympiadibus
1893 1351 1922 1374 et
1935 1343 2036 1373 lustris
2051 1347 2080 1370 et.
2095 1341 2144 1368 iu-

1615 1394 1709 1423 bileis.

1533 1439 1573 1469 38
1598 1437 1637 1464 lle
1660 1434 1764 1463 seculis
1788 1437 1816 1460 et
1844 1429 2000 1459 aetatibus.

1533 1481 1573 1509 39
1599 1479 1637 1505 De
1660 1474 1838 1504 discretione
1860 1477 2033 1509 temporum.

1643 1575 1775 1604 CAPITA
1801 1572 1902 1601 LIBRI
1926 1568 2046 1599 SEXTI.

1564 1650 1575 1677 1
1603 1645 1642 1672 lle
1665 1642 1756 1671 veteri
1779 1646 1806 1670 et
1829 1650 1907 1668 novo
1932 1638 2117 1666 testamento.

1562 1691 1581 1719 2
1605 1687 1645 1714 De
1661 1683 1856 1722 scriptoribus
1873 1687 1901 1710 ct
1916 1678 2068 1709 vocabulis
2083 1684 2152 1704 san-

1624 1733 1739 1756 ctorum
1762 1726 1912 1754 librorum.

1563 1775 1581 1804 3
1607 1772 1646 1799 l)e
1668 1767 1865 1797 bibliothecis.

1564 1815 1582 1844 4
1607 1814 1646 1841 De
1664 1810 1884 1849 interpretibus.

1565 1858 1582 1888 5
1609 1857 1648 1883 lle
1665 1864 1708 1889 e0‚
1719 1853 1769 1891 qui
1783 1853 1911 1892 primum
1928 1850 2047 1877 Romam
2064 1844 2156 1872 libros

1628 1895 1756 1925 advexit.

1568 1944 1586 1972 6
1609 1940 1667 1975 Qui
1697 1937 1776 1976 apud
1803 1947 1856 1965 nos
1880 1932 2076 1963 bibliothecas
2107 1929 2156 1955 in-

1630 1984 1800 2009 stituerunt.

1570 2030 1586 2057 7
1611 2023 1669 2058 Qui
1694 2022 1783 2050 multa
1805 2020 1996 2058 scripserunt.

1569 2070 1587 2097 ὃ
1613 2067 1651 2093 De
1675 2064 1829 2102 generibus
1851 2059 2074 2100 opusculorum.

1568 2113 1587 2141 9
1612 2109 1651 2136 De
1671 2108 1753 2135 ceris,

1553 2155 1589 2183 10
1614 2151 1653 2178 De
1674 2149 1793 2177 chartis.

1556 2197 1585 2224 11
1614 2193 1653 2220 De
1672 2190 1864 2230 pergamenis.

1552 2239 1589 2267 12
1614 2235 1654 2262 Ue
1678 2234 1760 2262 libris
1781 2227 1977 2260 conficiendis.

1552 2280 1589 2309 13
1614 2277 1653 2304 De
1673 2276 1816 2304 librorum
1834 2270 1998 2300 vocabulis.

1553 2321 1589 2350 14
1612 2319 1649 2346 l)c
1661 2317 1788 2346 librariis
1798 2320 1825 2343 et
1842 2323 1941 2343 eorum
1951 2309 2163 2340 instrumentis.

1553 2363 1588 2391 15
1614 2362 1653 2389 De
1678 2358 1837 2389 canonibus
1862 2354 2088 2392 evangeliorum.
