2264 2830
778 118 1024 153 ORIGINUM
1060 121 1205 156 LIBER
1232 124 1321 158 XIX.

388 239 416 273 C
443 241 473 272 A
501 239 539 274 P.
594 237 683 272 XXI.

764 238 835 271 De
889 244 1035 273 veste

1959 131 2034 167 599

1086 241 1445 276 sacerdotale·
1499 245 1547 276 ιἰι
1598 245 1729 291 lege.

257 317 284 348 I.
339 316 428 349 Octo
457 321 528 348 sunt
554 316 585 347 in
611 316 687 359 lege
715 316 969 348 sacerdotalium!
999 329 1122 361 genera
1149 321 1416 353 vestimentorum
1430 318 1464 353 Ἡ.

189 369 328 402 Poderis
345 365 367 384 Ἠ
396 373 445 401 est
456 365 480 385 ³⁵
507 367 719 401 sacerdotalis
748 368 843 407 linea,
872 370 1006 412 corpori
1033 370 1165 404 astricta
1192 378 1224 404 et
1239 369 1264 388 ³⁶
1288 383 1390 415 usque
1418 372 1459 404 ad
1489 372 1594 416 pedes
1620 373 1846 416 descendens,
1888 381 1919 408 et
1957 377 2034 409 inde

85 417 320 466 nuncupatam,
349 430 448 463 (piam
475 420 578 463 vulgo
607 419 774 452 camisiam
803 426 921 452 vocant
935 417 967 452 ³⁸.

252 472 286 506 2.
339 468 533 505 Abanetl1⁵ffl
567 471 737 516 cingulum
754 469 777 488 ⁴⁰
811 471 1018 504 sacerdotale
1061 473 1257 513 rotundum,
1305 474 1466 517 polymita
1495 480 1564 507 arte
1578 472 1600 491 ⁴¹
1636 487 1676 508 ex
1712 487 1834 518 mccc,
1873 489 2033 522 purpura,

84 525 336 570 hyacinthoque
359 529 558 563 contextum,
587 524 629 555 ita
658 529 691 556 ut
719 524 816 555 flores
848 529 947 566 atque
975 535 1129 568 gemmae
1158 525 1190 556 in
1220 536 1259 557 eo
1288 525 1462 558 videantur
1488 526 1658 559 distinctae
1670 525 1701 559 ⁴².

250 576 282 610 3.
335 575 474 608 Pilleum
494 572 514 591 ¹³
537 580 585 606 est
608 586 646 607 ex
666 576 751 607 lii-so
778 575 968 615 rotundum,
997 576 1087 619 quasi
1108 575 1251 620 sphaera
1270 577 1390 617 inedia,
1418 583 1520 621 caput
1536 584 1651 623 tegens
1668 579 1884 621 sacerdotale,
1912 587 1943 613 et
1966 578 2032 613 in”

82 627 241 672 occipitio
269 627 348 659 vitta
375 627 599 659 constrictum.

652 627 731 660 Hoc
758 627 879 660 Graeci
907 633 940 659 et
961 628 1060 659 nostri
1085 629 1218 668 tiaram,
1247 628 1299 659 vel
1328 629 1490 671 galeriam
1506 626 1526 645 ¹⁷¹
1547 636 1675 664 vocant.

248 678 281 711 4.
335 678 447 710 Malui
463 676 494 717 ¹⁶,
522 678 614 720 quod
639 684 687 711 est
713 679 823 711 tunica
850 679 970 717 talaris,
998 675 1106 711 tota⁴⁷
1132 677 1392 721 Iiyaciiitliina⁴⁸,
1421 680 1549 714 habens
1576 683 1619 715 ad
1647 678 1787 727 pedes⁴⁹
1810 682 1938 716 Lxxll
1966 684 2031 716 tin-

82 730 262 768 tinnabula,
290 730 499 773 totidemque
524 730 705 762 Interrnixtu
735 741 774 763 ac
802 730 1025 774 dependentia
1053 731 1174 774 punica
1200 731 1288 763 mala
1304 728 1337 765 ⁵⁰.

246 779 280 813 5.
335 781 475 825 1⁴1p110d,
503 782 595 824 quod
624 783 856 825 interpretatur
877 782 995 814 Latine
1010 779 1031 797 ³¹¹

82 833 208 866 merale
234 844 275 865 ex
301 838 442 876 quatuor
470 834 636 866 coloribus
659 840 692 866 et
718 845 798 865 auro
827 838 1027 871 contextum,

1061 782 1399 824 superindumentum.

1453 783 1535 816 Erat
1569 785 1655 817 enim
1691 784 1829 827 pallium
1865 784 2031 828 superhu-

1068 832 1195 865 habens
1222 834 1254 866 in
1290 840 1430 877 utroque
1458 834 1598 869 humero
1626 835 1756 880 Iapides
1788 835 1873 867 duos
1906 847 2030 868 smara—

81 885 203 930 gdinos
217 881 242 901 ⁵²
270 896 350 917 auro
379 885 562 926 conclusos,
590 885 622 916 in
650 885 767 928 quibus
794 885 921 928 sculpta
947 889 1038 917 erant
1064 885 1199 917 nomina
1226 885 1499 929 patriarcharum.

247 935 282 969 6.
334 933 518 980 Logi0n⁵³‚
546 936 637 979 quod
664 937 782 968 Latine
811 933 968 968 dicum-³31

996 936 1164 978 rationale,
1191 948 1318 981 pannus
1339 938 1484 982 duplex,
1513 934 1590 971 ex⁵⁵
1618 948 1699 971 auro
1727 942 1760 970 et
1787 943 1929 980 quatuor
1960 943 2031 970 tex-

80 993 131 1020 tus
158 988 336 1030 colonium,
365 989 490 1021 habens
515 987 776 1031 magnitudinem
804 988 909 1032 palmi
932 999 994 1032 per
1021 988 1209 1030 quadrum,
1246 989 1298 1023 cui
1332 989 1443 1022 intexti
1469 994 1562 1024 erant
1596 990 1660 1023 XII
1693 986 1867 1034 pretiosi&
1892 989 2030 1033 lapides,

81 1039 148 1072 Hic
174 1051 301 1083 pannus
328 1036 623 1084 superhumeraliffl
651 1045 765 1072 contra
793 1044 909 1082 pectus
937 1040 1104 1083 pontifici-1
1131 1041 1377 1074 annectebatur.

247 1090 278 1123 Ἴ.
332 1091 484 1123 Petalum
511 1102 611 1123 aurea
637 1091 758 1123 lamina
781 1091 813 1123 in
840 1092 947 1124 fronte
974 1091 1151 1135 pontifici-t,
1179 1102 1265 1135 quae
1292 1103 1414 1125 nomen
1441 1093 1504 1126 Dei
1519 1089 1544 1109 ⁵⁸
1571 1097 1866 1137 tetragrammaton
1885 1091 2029 1124 Hebrai-

80 1141 126 1174 cis
152 1142 252 1175 literis
279 1141 428 1174 habebat
454 1143 622 1187 seriptum.

244 1193 278 1226 8.
331 1194 452 1226 Badim
464 1190 499 1234 5⁹,
525 1194 594 1226 sive
622 1193 808 1234 seminalia,
836 1193 870 1225 id
899 1198 947 1226 est
973 1193 1116 1226 braccae
1144 1193 1248 1227 lineae
1277 1205 1379 1238 usque
1407 1195 1450 1227 ad
1485 1205 1594 1240 genua
1629 1194 1874 1238 pertingentes,
1912 1193 2029 1236 quibus

79 1244 267 1278 verecunda
287 1246 468 1278 sacerdotis
496 1246 689 1277 velabantur
701 1242 736 1278 ⁶⁰.

277 1331 305 1364 C
334 1331 363 1363 A
391 1331 427 1365 P.
480 1327 621 1363 ΧΧΙΙ.61

701 1329 772 1363 Dc
824 1329 1127 1362 nominibus
1179 1331 1412 1363 vestium
1465 1335 1830 1364 caeterarum.

245 1400 277 1432 l.
330 1398 508 1431 nivem-itas
537 1399 816 1439 vestimentorum,
843 1404 989 1443 tegmen,
1016 1402 1186 1441 tegumen,
1213 1397 1451 1439 indumentum,
1474 1400 1714 1439 vestimentum,
1739 1403 1771 1431 et
1798 1398 1935 1440 reliqua.

180 1451 336 1495 Tegmen
363 1450 488 1483 dictum
517 1461 568 1489 eo,
597 1450 689 1492 quod
713 1455 805 1494 tegat
832 1450 992 1489 membra,
1020 1450 1102 1482 sicut
1128 1454 1322 1494 tegumenta
1349 1455 1447 1491 tecta,
1474 1463 1560 1494 quae
1575 1448 1600 1468 ⁰²
1626 1455 1745 1495 tegunt
1770 1460 1924 1493 corpora.

180 1498 460 1541 ln‹lumentum⁰³‚
487 1501 580 1544 quod
608 1502 693 1533 intus
718 1501 760 1533 ad
789 1511 910 1544 corpus
936 1501 1091 1539 induitur,
1119 1501 1212 1544 quasi
1240 1502 1467 1534 intumentum.

243 1553 276 1587 2.
332 1553 569 1586 vestimentum
597 1564 677 1584 vero
705 1558 770 1590 est,
798 1552 891 1595 quod
925 1563 1030 1596 usque
1067 1552 1109 1584 ad
1144 1553 1318 1597 vestigium
1354 1554 1512 1598 pertingit
1526 1549 1561 1591 ⁶⁴,
1596 1552 1687 1596 quasi
1714 1547 2026 1596 vestigimentumffi,

77 1611 114 1639 ut
141 1609 187 1638 est
212 1605 322 1637 tunica
348 1605 469 1638 talaris.

77 1709 120 1741 ab
146 1707 272 1740 habitu.

78 1809 145 1838 add.
175 1805 272 1843 πόδας
299 1809 378 1835 enim
408 1809 518 1835 Graeci
540 1807 632 1846 pede-9
656 1807 778 1845 dicunt,
808 1819 882 1846 quae
914 1819 969 1837 om.
995 1809 1025 1836 Z.

523 1604 591 1637 Sed
617 1609 649 1637 et
675 1601 780 1637 1100ϋϋ
807 1604 1014 1637 consuetudo
1043 1604 1200 1636 sermonis
1227 1609 1398 1637 auctorum
1419 1604 1603 1638 confundit.

241 1656 274 1690 3.
326 1655 531 1689 Discernitur
556 1660 667 1688 autem
693 1655 826 1688 vestitus
863 1667 881 1687 a
911 1655 1023 1695 cultu,
1058 1656 1216 1698 quoniam
1251 1656 1346 1688 latius
1358 1652 1383 1673 ⁰⁷
1411 1656 1607 1701 intelligitur
1640 1654 1756 1688 cultus.

327 1708 412 1740 Nam
440 1706 572 1740 habitus
598 1707 640 1740 ad
669 1712 818 1740 naturam
847 1708 1006 1751 pertinet,
1035 1707 1142 1741 cultus
1169 1707 1213 1740 ad
1239 1707 1403 1740 homines,

1812 1654 1893 1686 item
1922 1652 2026 1685 cultus

1070 1808 1100 1836 Z.
1122 1824 1164 1830 —
1194 1811 1238 1841 53)
1261 1808 1310 1836 Sic
1326 1808 1377 1837 Ar.
1394 1825 1435 1830 —
1458 1810 1592 1845 Logium
1614 1807 1645 1835 Z.
1669 1816 1717 1835 va.
1733 1821 1774 1827 --
1790 1806 1927 1843 Logia-011
1943 1804 2021 1841 vulg.

77 1852 133 1880 Gu.
160 1854 185 1882 1.
207 1853 235 1881 2.
257 1860 303 1878 va.
332 1865 373 1872 —
406 1852 451 1886 38)
474 1850 523 1878 Sic
543 1851 574 1880 Z.
607 1852 663 1879 Gu.
686 1854 712 1882 1.
735 1855 762 1883 2.
794 1861 840 1879 va.
869 1867 910 1872 —
941 1852 1026 1878 Ilaec
1071 1865 1108 1872 —
1138 1851 1186 1887 54)
1211 1850 1327 1878 dicitur
1350 1860 1407 1880 om.
1432 1851 1487 1879 Gu.
1510 1853 1537 1881 2.
1555 1865 1595 1870 —
1632 1850 1677 1885 53)
1699 1859 1733 1876 ex
1756 1847 1856 1876 addidi
1878 1857 1893 1875 e
1913 1846 1970 1874 Gu.
1996 1850 2020 1876 1.

77 1894 171 1932 vulgo
195 1893 324 1920 camisia
348 1898 471 1920 roccam·
493 1893 572 1930 vulg.
589 1909 632 1915 —-
651 1897 696 1927 39)
715 1894 764 1922 Sic
788 1894 844 1921 Gu.
862 1897 890 1925 1.
906 1903 952 1931 pr.
977 1904 1023 1922 va.
1069 1903 1114 1920 va.
1136 1909 1177 1914 ——
1211 1892 1255 1931 56)
1280 1892 1327 1921 Sic
1350 1893 1407 1922 Gn.
1434 1896 1459 1924 1.
1483 1895 1510 1923 2.
1528 1906 1569 1913 -—-
1583 1892 1800 1928 pretiosissimi
1816 1890 1898 1928 vulg.
1912 1904 1953 1909 —
1975 1888 2021 1925 57)

77 1938 126 1965 Ar.
154 1951 196 1957 -
228 1934 366 1962 albonem
403 1934 459 1962 Gu-
490 1938 520 1965 2.
553 1953 591 1956 —
620 1936 734 1964 Albam
756 1937 786 1965 Z.
818 1953 853 1957 -
888 1936 1024 1964 Abanem
1068 1935 1117 1963 Sic
1134 1936 1166 1965 Z.
1183 1936 1239 1962 Gu.
1255 1938 1280 1966 1.
1295 1934 1639 1973 2.-—.mperlzzcmerale
1657 1934 1736 1971 vulg.
1753 1948 1793 1954 -
1817 1931 1867 1971 58)
1890 1932 2019 1960 Domini

78 1979 158 2015 vulg.
198 1993 232 1999 --
271 1976 422 2004 Albanem
457 1975 503 2005 ed.
535 1976 623 2007 Goth.
654 1994 696 1999 —
725 1979 877 2007 Albanest
908 1978 944 2006 al.
976 1989 1023 2017 ap.
1069 1978 1125 2005 Gu.
1151 1979 1180 2007 2.
1205 1995 1243 1999 --
1275 1976 1320 2016 59)
1344 1977 1393 2005 Sic
1410 1979 1459 2006 Ar.
1481 1993 1514 1998 —-
1535 1977 1633 2004 Batia
1657 1977 1739 2013 vulg.
1760 1990 1800 1996 -——
1825 1973 1949 2002 Bradtn
1965 1974 2019 2001 Gu.

77 2020 166 2051 Goth.
191 2038 227 2042 --
261 2020 308 2056 40)
332 2023 358 2047 et
388 2019 466 2057 cing.
499 2019 530 2047 Z.
561 2035 599 2040 —
634 2021 681 2057 41)
699 2021 803 2059 polita
826 2027 890 2048 arte
911 2030 957 2049 va.
983 2037 1022 2042 —

75 2065 124 2101 422)
146 2063 195 2092 Sic
218 2063 274 2092 Cu.
299 2065 336 2094 1-‚
367 2061 423 2090 nisi
452 2060 534 2099 quod
555 2061 727 2091 viderentur
757 2063 878 2092 exhibet
902 2073 968 2091 cum
991 2063 1022 2091 Z.

76 2108 133 2135 Gu.
152 2108 192 2143 2„
220 2106 250 2133 in
281 2104 389 2141 qulbus
419 2102 505 2132 codd.
528 2108 573 2132 est
595 2115 655 2132 esse
687 2105 858 2134 videremur
889 2105 959 2133 (illst.
981 2120 1023 2126 —-—

75 2148 135 2178 eid.
166 2158 227 2176 esse
252 2147 333 2184 vulg.
362 2161 403 2168 -—-
444 2148 489 2183 43)
517 2147 639 2174 Pileum
667 2148 712 2176 ed.
744 2149 833 2177 Goth.
864 2148 951 2177 Arev.
981 2162 1022 2168 —-

75 2192 122 2228 44)
146 2192 177 2219 in
202 2201 258 2218 om.
281 2189 311 2218 Z.
334 2204 375 2210 --
411 2187 456 2224 45)
480 2188 528 2216 Sic
544 2189 594 2218 Ar.
619 2206 657 2210 —
677 2191 850 2227 galcariam
874 2192 929 2219 Gu.
947 2194 973 2221 1.
991 2192 1021 2221 2.

75 2251 115 2255 -
138 2239 163 2262 et
177 2233 328 2271 galeriam
345 2231 376 2261 Z.
401 2247 442 2252 -—
461 2231 583 2269 galeam
610 2231 689 2269 vulg.
705 2248 746 2253 —-
775 2232 822 2273 46)
847 2234 895 2262 Sic
920 2234 1018 2261 Ar.—

76 2275 195 2304 Macln‘l
215 2275 295 2312 vulg.
330 2289 371 2294 —-
405 2272 450 2311 47)
470 2279 530 2301 toto
553 2283 597 2312 pr.
623 2289 656 2293 ψ
694 2274 741 2311 45³)
764 2275 812 2303 Sic
827 2276 877 2305 Ar.
903 2291 943 2297 -
968 2277 1019 2302 ιά-

76 2320 158 2348 cinta
180 2318 236 2347 Gn.
261 2321 288 2348 1.
310 2332 352 2338 —
373 2315 530 2353 thicinyna
550 2316 630 2354 vulg.
655 2321 805 2355 corrupte.
827 2334 869 2339 —
907 2317 953 2355 49)
978 2316 1021 2344 ad

73 2360 163 2398 pedes
191 2371 247 2389 om.
279 2360 308 2389 Z.
338 2373 379 2381 —
415 2360 459 2394 50)
483 2359 567 2386 mala
590 2369 668 2396 pun.
692 2368 738 2387 va.
767 2375 809 2381 —
847 2358 892 2399 51)
916 2361 964 2388 Sic
988 2361 1018 2389 Z.

79 2402 133 2431 Gu.
156 2407 181 2436 1.
204 2406 233 2435 2.
256 2417 297 2423 —
330 2402 401 2429 Lat.
429 2402 550 2439 interpr.
580 2402 663 2439 vulg.
684 2417 726 2423 —
764 2403 810 2438 52)
837 2401 1019 2440 smaragdos

1066 2022 1094 2049 2.
1115 2035 1145 2040 -—
1166 2019 1326 2046 Baraclzm
1345 2019 1403 2048 Gu.
1417 2022 1443 2050 1.
1468 2035 1504 2040 -—
1535 2020 1583 2053 60)
1606 2018 1702 2047 barlin.
1727 2020 1803 2046 enim
1827 2017 1963 2044 hebraice
1980 2017 2019 2043 lc-

1066 2072 1140 2089 num
1165 2061 1280 2089 dicitur
1300 2060 1367 2089 add.
1391 2061 1429 2089 al.
1453 2076 1495 2083 ——
1517 2061 1564 2098 61)
1579 2061 1646 2090 Om.
1667 2062 1728 2091 hoc
1747 2065 1838 2099 caput
1861 2060 1890 2089 Z.
1908 2075 1944 2080 -·
1974 2057 2019 2095 62)

1067 2103 1151 2141 quod
1167 2105 1223 2132 Gu.
1249 2107 1276 2134 1.
1301 2119 1339 2124 —
1373 2103 1422 2143 63)
1442 2104 1475 2133 In
1494 2103 1550 2132 Gu.
1568 2106 1596 2135 2.
1621 2104 1774 2143 praecedit
1790 2101 2016 2131 Ve·s·t1.'nze11tum.

1068 2147 1206 2174 Glossam
1237 2144 1455 2174 lntlumentum
1493 2156 1549 2176 om.
1583 2146 1641 2176 Gu.
1673 2150 1701 2178 1,
1731 2162 1772 2169 —-
1807 2144 2017 2173 indumentum

1066 2190 1198 2216 amictus
1225 2188 1262 2216 al.
1294 2199 1338 2226 pr.
1362 2199 1410 2218 va.
1442 2205 1483 2211 —
1519 2186 1566 2228 64)
1594 2189 1644 2217 Sic
1670 2189 1776 2228 scripsi
1804 2198 1819 2216 e
1843 2188 1896 2215 Gu.
1923 2189 1957 2218 1.‚
1986 2183 2015 2210 in

1065 2242 1124 2269 quo
1151 2235 1196 2259 est
1213 2232 1411 2269 pertingitur.
1431 2247 1472 2252 —
1496 2231 1692 2260 Pertendt'tur
1713 2232 1769 2260 Gu.
1789 2233 1816 2261 2-
1835 2245 1874 2251 -
1890 2231 2013 2264 Ilm-'ten‘

1062 2273 1147 2301 ditur
1165 2274 1216 2301 Ar.
1244 2291 1281 2296 —-
1300 2273 1513 2312 praetenditur
1534 2274 1615 2311 vulg.
1639 2290 1681 2296 —-
1711 2277 1758 2309 65)
1782 2272 1829 2300 Sic
1852 2270 1906 2296 Gu.
1933 2270 1959 2296 1.
1984 2268 2012 2295 Ξ.

1062 2327 1107 2354 pr.
1128 2326 1173 2344 va.
1199 2316 1245 2344 Ar.
1268 2332 1310 2338 —-—
1333 2318 1541 2344 vestimentum
1565 2317 1645 2355 vulg.
1671 2332 1710 2339 --
1733 2315 1778 2352 66)
1801 2312 1856 2339 hoc
1871 2319 1925 2348 pro
1939 2308 2013 2335 llaec

1063 2359 1119 2386 Gu.
1139 2360 1166 2389 1.
1186 2360 1215 2389 2.
1239 2357 1277 2387 al.
1302 2374 1343 2380 —
1378 2358 1425 2398 67)
1451 2359 1499 2388 Sic
1520 2360 1575 2388 Gu.
1600 2361 1630 2390 2.
1660 2376 1697 2380 -
1728 2356 1845 2384 lautius
1870 2351 1949 2387 vulg.
1973 2367 2010 2370 —

1062 2401 1179 2429 lautior
1201 2401 1287 2430 Arev.
