2264 2830
803 102 1050 137 ORIGINUM
1084 104 1230 139 LIBER
1256 107 1280 140 1.
1969 122 2016 155 35

278 191 380 224 Unde
406 191 497 224 venit
529 191 649 235 Titan,
686 200 717 228 et
744 208 813 230 nox
839 197 898 230 ubi
922 198 1045 232 sidera
1073 200 1190 233 condit
1203 197 1237 233 ³⁷.

72 242 174 276 Unde
199 241 256 275 hic
283 242 392 287 gravis
420 247 475 275 est.
530 243 641 277 Minus
668 253 777 281 autem
805 255 916 291 sonat,
944 262 1044 293 quam
1073 258 1186 285 acutus
1214 257 1246 285 et
1273 253 1510 291 circumflexus.

228 292 261 325 4.
313 293 551 338 Monosyllaba
572 302 682 330 autem
710 311 787 343 pars
815 302 970 334 orationis
996 303 1020 335 si
1047 305 1236 338 naturaliter
1263 305 1368 339 brevis
1393 314 1459 350 est,
1487 314 1523 343 ut
1548 310 1613 352 vir,
1640 316 1697 344 aut
1722 312 1885 356 positione
1901 316 2013 362 longa,

66 349 101 377 ut
127 355 198 384 ars,
223 349 356 378 acutum
385 352 558 380 accentum
585 348 731 384 habehit.
784 352 820 386 Si
855 365 934 387 vero
960 355 1152 390 naturaliter
1187 356 1309 401 longa,
1339 363 1374 391 ut
1397 370 1470 401 res,
1506 361 1765 397 circumflexum.
1827 365 2014 410 bissyllaba

65 407 142 440 pars
168 397 324 430 orationis
351 397 376 430 si
403 398 550 442 priorem
577 403 766 437 naturaliter
793 405 930 451 longam
958 406 1061 440 habet
1082 412 1115 440 et
1141 408 1291 442 ultimam
1319 410 1475 456 brevem,
1503 414 1789 457 circumflectitur,
1825 423 1860 450 ut
1888 419 2013 460 ,Μιωας

64 446 162 480 aliter
187 448 322 481 acuitur.
376 448 569 492 Trisyllaba
597 464 674 496 pars
702 456 858 489 orationis
886 458 911 489 si
935 457 1078 491 mediam
1113 460 1248 492 brevem
1276 460 1396 504 habet,
1431 469 1466 496 ut
1493 465 1596 506 tibia,
1639 473 1716 500 tunc
1743 469 1887 513 primam
1914 473 2012 506 acui-

62 510 144 533 muS.
196 499 232 532 Si
258 510 337 532 vero
364 502 555 536 naturaliter
580 503 718 550 longam
746 507 849 541 habet
875 510 1056 543 secundam
1083 515 1116 544 et
1142 512 1292 546 ultimam
1305 509 1329 529 ³⁸
1356 514 1502 558 brevem,
1531 522 1565 549 ut
1581 518 1763 554 Romanus
1773 517 1814 562 ³¹³,
1842 527 1920 556 tunc
1938 536 2007 557 me-

64 549 154 583 diam
176 551 476 585 circumflectimus.

225 601 260 636 5.
313 603 548 647 Tetrasyllaba
576 612 685 640 autem
702 604 726 624 ⁴⁰
753 614 785 641 et
810 612 1044 655 pentasyllaba
1070 614 1198 647 ratione
1225 615 1469 659 trisyllabarum
1483 614 1505 634 ⁴¹
1528 619 1752 657 retinenturfl,
1806 623 1926 657 Gravis
1949 637 2006 660 ac-

62 657 175 685 centus
198 664 274 687 cum
302 666 368 687 uno
403 662 541 689 accentu
568 658 648 702 poni
681 665 792 704 potest
822 663 854 694 in
889 662 1034 697 dictione
1061 675 1142 704 una3
1182 677 1257 701 cum
1286 669 1436 712 utrisque
1472 682 1652 715 numquam
1667 670 1700 708 ⁴³.

61 703 206 738 dictione
232 716 314 738 unus
341 712 389 739 est
413 714 568 741 accentus
581 705 615 744 ⁴¹,

1756 674 1792 707 ln
1820 679 2005 721 composita

224 756 258 791 6.
312 759 478 792 Accentus
505 766 614 793 autem
628 758 652 778 ⁴⁵
677 763 800 805 reperti
828 770 900 797 sunt
927 766 979 798 vel
996 773 1137 812 propter
1164 769 1420 811 distinctionem,
1448 777 1498 805 ut:
1524 772 1704 819 Viridiquc
1731 776 1764 808 ἱη
1793 777 1908 811 littore
1925 790 2005 813 eon-

59 806 204 850 spicitur
229 820 288 841 sus
300 806 342 849 ⁴⁶,
369 822 411 843 ne
440 811 532 844 dicas
560 823 678 852 ursus,-
703 814 756 845 vel
782 822 922 859 propter
949 821 1278 864 pronunciationem,
1305 834 1347 855 ne
1371 823 1463 856 dicas

58 854 194 890 ducta⁴⁷
224 861 320 893 mota
334 858 376 900 ⁴⁸,-

58 919 127 942 sam
153 911 334 954 significat,
362 924 438 946 cum
466 915 660 960 corripitur,
688 918 953 953 coniunctionem
966 917 999 955 ⁴⁹.

499 1033 528 1067 C
555 1036 584 1068 A
611 1035 649 1070 P.
703 1036 826 1070 XVlll.

1492 829 1586 857 meta
1613 827 1754 859 breviter
1778 834 1810 860 ct
1832 840 1898 861 non
1920 843 2003 875 pro—

403 863 456 894 vel
484 863 721 897 discernendae
749 867 972 912 ambiguitatis
999 881 1116 914 causa,
1151 877 1188 905 ut
1214 884 1312 919 ergo.
1368 875 1453 907 Nam
1489 887 1565 909 cum
1597 878 1797 921 producitur
1826 891 1888 924 go,
1923 893 2002 916 cau-

900 1038 964 1072 De
1002 1040 1190 1086 figuris
1239 1043 1549 1080 accentuum⁵⁰.

218 1115 251 1150 1.
302 1116 448 1162 Figurae
474 1126 672 1154 accentuum
703 1121 822 1156 decem
857 1129 950 1168 sunt,
987 1137 1074 1170 quae
1101 1139 1121 1160 a
1154 1128 1389 1164 Grammaticis
1425 1142 1488 1175 pro
1523 1133 1700 1166 verborum
1739 1133 1998 1171 distinctionibus

52 1171 274 1208 apponuntur.

217 1220 324 1258 Οξεῖα
337 1215 378 1259 ⁵¹,
404 1220 438 1253 id
467 1227 514 1254 est
550 1228 664 1256 acutus
691 1229 845 1258 accentus
861 1222 902 1267 ⁵²,
937 1227 1022 1260 linea
1060 1240 1078 1260 a
1111 1229 1235 1262 sinistra
1265 1236 1360 1274 parte
1394 1233 1427 1264 in
1461 1233 1631 1266 dexteram
1645 1230 1669 1250 ⁵³
1703 1240 1832 1278 partem
1867 1249 1992 1271 sursum

52 1265 168 1306 ‹lucta3
202 1269 240 1301 fit
265 1270 311 1302 ita
325 1266 365 1302 ⁵⁴:
381 1268 388 1280 '

213 1320 248 1354 2.
299 1322 442 1367 ,Βαρεΐα
454 1317 496 1365 ⁵⁵,
524 1323 558 1354 id
586 1328 634 1356 est
659 1325 769 1367 gravis
796 1325 901 1365 linea,
929 1338 947 1359 a
974 1339 1105 1361 summo
1133 1330 1280 1363 sinistrae
1308 1332 1340 1364 in
1368 1332 1540 1366 dexteram
1553 1331 1578 1352 ⁵⁶
1606 1334 1776 1379 deposita,
1811 1338 1848 1370 fit
1875 1340 1918 1372 ita
1931 1337 1970 1372 ⁵⁷:
1987 1339 1994 1349 “

217 1369 252 1403 3.
306 1374 585 1420 Περισπωμένη,
608 1374 642 1406 id
671 1380 719 1407 est
746 1375 992 1418 circumflexus,
1020 1379 1106 1412 linea
1128 1381 1171 1413 de
1194 1387 1292 1414 acuto
1321 1388 1353 1415 et
1375 1385 1469 1428 gravi
1492 1385 1582 1419 facta
1611 1387 1805 1430 exprimitur
1833 1389 1893 1423 ita:
1921 1403 1940 1423 A

214 1421 248 1453 4.
303 1420 455 1469 Maupo'g
467 1421 505 1467 ⁵⁸,
532 1425 568 1456 id
590 1430 637 1457 est
663 1426 766 1470 longa
786 1427 918 1472 virgula
944 1429 1052 1462 iacens
1079 1436 1127 1463 est
1137 1428 1161 1448 ⁵⁹
1187 1432 1248 1464 ita:
1274 1450 1327 1458 —-

214 1472 248 1504 5.
306 1470 446 1518 Βραχύς
457 1472 494 1518 ⁰⁰,
522 1475 558 1507 id
585 1480 633 1508 est
659 1477 783 1517 brevis,
810 1490 887 1522 pars
915 1484 961 1513 est
985 1481 1101 1515 circuli
1126 1482 1281 1526 inferior,
1308 1484 1417 1519 iacens
1444 1485 1505 1518 ita:
1531 1500 1551 1521 v

213 1522 247 1556 6.
298 1522 418 1570 ‘ane'm
444 1525 478 1558 id
507 1532 555 1560 est
580 1527 786 1571 coniunctio,
813 1531 893 1575 quia
916 1531 985 1565 duo
1013 1534 1115 1567 verba
1142 1535 1309 1570 connectit
1319 1532 1362 1577 ⁸¹,
1390 1537 1537 1571 subiecta
1560 1538 1692 1584 virgula
1719 1543 1825 1575 versui
1849 1543 1991 1578 circum-

49 1568 149 1609 flexa3
176 1571 213 1606 fit
236 1574 300 1607 ita:
328 1572 405 1619 ΖΓΗ

47 1681 92 1715 83)
107 1679 156 1708 Sic
171 1680 228 1711 Gn.
247 1685 275 1712 1.
291 1681 322 1711 h.
341 1683 362 1711 1.
379 1688 408 1712 et
426 1695 506 1715 mox.
530 1685 616 1725 Vulg.
634 1690 717 1726 quia.
740 1705 780 1711 —
802 1691 846 1724 34)
867 1693 922 1729 qui
939 1691 994 1720 Gu.

48 1724 78 1753 2.
101 1738 142 1744 —
165 1724 213 1761 35)
229 1724 278 1752 Sic
299 1725 332 1754 Z.
354 1726 410 1756 Gu.
430 1730 454 1757 1.
472 1730 500 1758 2.
521 1729 568 1758 Ar.
593 1740 639 1758 va.
654 1747 695 1752 —
713 1737 836 1770 uterque
857 1734 935 1772 vulg.
954 1751 995 1757 —

47 1762 96 1804 36)
112 1765 162 1793 Sic
181 1766 237 1796 Gu.
256 1769 283 1798 1.
297 1767 346 1797 Ar.
364 1785 406 1790 —
422 1771 566 1799 ambobus
579 1771 700 1801 ridetur
715 1775 745 1803 Z.
761 1775 817 1803 Gu.
833 1777 862 1806 2.
885 1787 929 1814 pr.
945 1787 992 1807 va.

50 1822 87 1828 -—
113 1814 154 1835 est
177 1809 324 1837 ambobus
350 1811 432 1848 vulg.
455 1829 496 1834 —
521 1814 569 1853 37)
596 1815 706 1845 Versus
728 1818 826 1846 nescio
851 1819 930 1847 unde
946 1820 993 1848 sit.

49 1863 87 1870 -
109 1852 156 1888 38)
176 1851 332 1890 obliquam
351 1854 390 1883 al.
413 1871 455 1878 —
476 1858 521 1891 39)
538 1857 586 1885 Sic
603 1858 658 1887 Gu.
678 1862 702 1889 1.
722 1860 772 1890 Ar.
788 1877 829 1883 -—
849 1859 994 1891 Metellus

49 1890 130 1928 vulg.
155 1909 195 1914 -
219 1895 359 1924 *Uetellus
380 1897 429 1924 vel
452 1898 611 1928 Romanus
634 1912 680 1930 va.
706 1919 747 1924 —
769 1907 901 1941 <impare
920 1915 990 1932 ora-

48 1934 141 1961 tionis
158 1935 226 1966 add.
244 1937 274 1964 Z.
301 1954 336 1959 —
365 1939 413 1977 41)
431 1942 660 1979 trisyllaborum
682 1944 731 1973 Ar.
753 1961 795 1967 —-
823 1947 870 1984 42)
889 1949 992 1975 retine-

48 1980 100 2003 tur
116 1976 153 2006 al.
179 1994 215 1999 --
248 1977 295 2018 43)
318 1987 351 2009 ut
378 1981 521 2012 Catullus
545 1985 626 2014 addit
648 1987 776 2025 vulgat,
805 1988 855 2016 sed
881 1999 937 2019 om.
962 1991 993 2019 Z·

48 2017 103 2049 Gu.
120 2022 145 2050 1.
163 2022 191 2050 2.
211 2037 253 2042 —
275 2022 320 2061 44)
335 2023 383 2052 Sic
400 2026 455 2054 Gu.
474 2030 500 2058 1.
525 2046 562 2051 -—
586 2035 724 2057 accentu-9
742 2036 782 2058 est
797 2031 874 2068 vulg.
887 2054 894 2068 ,
918 2043 992 2070 quae

47 2061 131 2089 addit
151 2068 185 2090 ut
213 2065 410 2104 armipotens,
441 2072 627 2109 omnipotens
650 2082 664 2100 e
689 2073 793 2102 Donat.
816 2084 871 2101 om.
890 2075 945 2105 Gu.
966 2078 991 2106 1.

47 2105 76 2134 2.
97 2120 137 2125 -—
162 2110 196 2132 ut
226 2107 422 2147 malesanus,
464 2119 498 2140 ut
528 2115 714 2152 armipotens
733 2116 774 2144 al.
804 2117 989 2156 malesanus,

49 2145 159 2174 omisso
183 2150 367 2187 armipotens
390 2152 426 2183 al.
446 2169 482 2175 —
507 2155 552 2194 45)
569 2163 668 2185 autem
683 2169 740 2187 om.
756 2159 787 2187 Z.
811 2175 851 2180 —
874 2159 920 2197 46)
938 2160 990 2188 Lo-

47 2197 99 2216 cus
115 2194 160 2217 est
178 2189 280 2229 virgil.
298 2193 368 2221 Aen.
387 2193 449 2231 VH,
466 2198 513 2228 83.
558 2199 590 2227 In
606 2200 661 2228 Gu.
680 2203 705 2230 1.
729 2205 774 2229 est
795 2203 989 2240 conspicitur.

49 2240 76 2268 q.
98 2241 152 2258 sus
178 2231 279 2272 (εἰεί)
301 2251 343 2257 -
378 2236 423 2274 47)
439 2239 586 2276 producte
607 2252 652 2280 pr.
676 2259 716 2265 -—
751 2241 798 2284 48)
818 2245 866 2272 Sic
888 2245 942 2273 Gu.
963 2248 989 2275 1.

47 2289 80 2293 —
99 2280 176 2301 meta
193 2276 223 2303 Z.
248 2276 304 2305 Gu.
320 2280 347 2309 2,
369 2278 420 2308 Ar.
438 2290 482 2308 va.
507 2292 554 2320 pr.
573 2302 610 2306 --
630 2295 674 2312 me
698 2286 776 2323 vulg.
803 2286 848 2315 Al.
875 2297 932 2316 om.
949 2303 989 2309 —

48 2316 92 2352 49)
118 2318 355 2348 coniunctionem
381 2323 536 2361 Signfflfflll
558 2326 595 2356 al.
627 2343 656 2348 —
697 2329 728 2355 in
751 2328 988 2359 coniunctionem

1039 1695 1151 1722 transit
1169 1695 1204 1725 al.
1227 1711 1268 1717 ——
1290 1698 1463 1725 coniunctio
1486 1704 1527 1725 cst
1545 1698 1593 1727 Ar.
1617 1715 1657 1721 —
1684 1702 1729 1738 50)
1746 1701 1808 1730 Hoc
1824 1708 1915 1741 caput
1933 1715 1986 1733 ouiv

1038 1735 1067 1764 h.
1088 1737 1107 1765 l.
1125 1737 1181 1768 Gu.
1196 1740 1240 1775 2.,
1264 1739 1317 1768 sed
1332 1739 1451 1769 exhibet
1468 1746 1538 1778 post
1557 1752 1620 1780 cap.
1642 1744 1691 1774 32.
1723 1744 1796 1772 Cum
1817 1753 1989 1783 argumento

1039 1779 1145 1818 capitis
1169 1780 1222 1808 cfr.
1246 1782 1351 1812 Donat.
1382 1783 1409 1819 Ι,
1432 1782 1460 1814 5.
1496 1783 1571 1812 Mar.
1597 1784 1707 1814 Victor.
1733 1798 1788 1816 ars.
1821 1788 1850 1827 §S
1878 1792 1927 1821 17.
1948 1806 1988 1811 —

1037 1822 1085 1854 51)
1113 1822 1191 1851 Oxia
1219 1824 1249 1851 Z.
1274 1825 1332 1854 Gu.
1356 1828 1382 1856 1.
1406 1827 1435 1854 2.
1454 1835 1499 1864 pr.
1523 1836 1569 1856 va.
1595 1845 1633 1850 —
1674 1828 1718 1867 52)
1745 1837 1887 1859 accentus
1910 1832 1989 1861 linea

1038 1870 1150 1892 acuta-5
1175 1866 1230 1893 Gu.
1253 1869 1283 1898 2.
1314 1885 1351 1890 —
1383 1867 1515 1896 lineatus
1545 1869 1635 1898 aliter
1661 1877 1770 1899 acutus
1794 1883 1839 1901 va.
1874 1890 1912 1896 —
1943 1875 1987 1914 53)

1036 1905 1191 1944 dextrum,
1216 1909 1324 1938 omisso
1347 1915 1439 1948 parte
1461 1911 1491 1940 Z.
1516 1928 1550 1933 ——
1585 1915 1628 1948 54)
1650 1914 1770 1951 Signum
1792 1922 1932 1945 accentus
1956 1918 1985 1945 in

1035 1950 1065 1979 Z.
1083 1950 1138 1978 Gu.
1149 1954 1177 1982 2.
1195 1956 1237 1979 est
1252 1951 1291 1980 ita
1311 1952 1361 1993 .s.·,
1385 1953 1441 1981 Gu.
1457 1956 1482 1983 1.
1498 1965 1554 1990 —;
1577 1956 1627 1985 Ar.
1649 1966 1692 1994 pr.
1708 1967 1751 1985 va.
1773 1958 1835 1985 l—
1857 1960 1906 1997 55)
1922 1962 1984 1988 Ba.

1035 1991 1083 2020 Γία
1101 1993 1134 2023 Ζ.
1160 1993 1216 2022 Gu.
1239 1996 1262 2024 1.
1279 1998 1297 2026 2
1328 2006 1374 2034 pr.
1393 2005 1438 2025 va.
1462 2012 1503 2017 —
1526 2000 1572 2031 56)
1586 2010 1605 2026 α
1625 2009 1741 2027 summo
1761 1999 1873 2029 dextere
1889 2004 1919 2029 in
1943 2005 1983 2029 si-

1034 2036 1166 2063 nistram
1190 2035 1237 2063 Gu
1263 2040 1289 2068 2.
1309 2037 1345 2065 al.
1367 2053 1409 2059 —
1432 2039 1463 2065 in
1488 2038 1624 2068 dextrum
1641 2052 1684 2080 pr.
1707 2058 1749 2063 —
1773 2044 1818 2081 57)
1835 2045 1927 2082 itafit
1943 2046 1983 2080 Z.‚

1034 2077 1063 2105 iu
1088 2087 1147 2116 quo
1167 2078 1280 2116 signum
1305 2085 1347 2108 est
1372 2079 1411 2118 73
1444 2081 1500 2109 GU.
1527 2085 1554 2113 1.
1575 2085 1603 2114 2.
1627 2094 1673 2122 pr.
1692 2084 1724 2120 l3
1749 2085 1796 2113 Ar.
1822 2096 1867 2116 va.
1891 2087 1901 2114 l
1945 2105 1981 2108 —

1033 2122 1078 2156 58)
1100 2121 1209 2149 Macra
1233 2121 1286 2150 Ar.
1311 2123 1397 2162 Vulg.
1422 2123 1542 2153 additur
1566 2132 1680 2162 autem,
1705 2128 1784 2166 quod
1803 2139 1859 2157 om.
1883 2130 1935 2157 Gu.
1958 2133 1981 2159 1.

1033 2163 1061 2192 2.
1087 2162 1136 2192 ΑΓ.
1161 2173 1208 2191 va.
1239 2180 1280 2185 —
1317 2168 1361 2199 59)
1384 2172 1426 2193 est
1444 2176 1500 2194 om.
1522 2167 1552 2198 Z.
1585 2185 1619 2190 -—-
1653 2170 1699 2207 60)
1723 2171 1870 2199 Braclzim
1895 2172 1924 2201 Z.
1944 2186 1978 2191 -

1033 2205 1173 2233 Brachia
1206 2206 1260 2234 Gu.
1285 2209 1309 2237 1.
1330 2210 1358 2238 2.
1384 2219 1429 2248 pr.
1453 2225 1494 2230 —
1528 2212 1572 2247 61)
1593 2211 1640 2239 Sic
1654 2212 1684 2240 Z.
1710 2213 1764 2241 Gu.
1782 2217 1808 2243 1.
1825 2216 1851 2244 2,
1873 2215 1920 2242 Ar.
1942 2230 1971 2233 -

1034 2249 1193 2287 coniungit
1215 2248 1295 2287 vulg.
1327 2266 1369 2271 —
1405 2250 1450 2290 63)
1477 2251 1508 2280 Ζ.
1538 2252 1593 2281 ita:
1624 2254 1662 2291 [3
1694 2255 1790 2286 Gu.1.
1814 2256 1868 2284 ita:
1904 2259 1978 2292 -[]-;

1034 2289 1089 2318 Gu.
1106 2293 1134 2321 2.
1156 2301 1201 2329 pr.
1222 2291 1276 2320 ita:
1304 2293 1358 2331 (35
1383 2304 1430 2322 va.
1461 2295 1501 2323 ita
1524 2298 1562 2332 33
1592 2295 1642 2326 Ar.
1673 2305 1731 2334 25·-
1762 2298 1841 2335 quod
1870 2296 1976 2334 recepi.

1032 2331 1118 2371 Vulg.
1142 2334 1181 2362 Ω.

1501 2380 1532 2413 Ε
1553 2381 1572 2404 *
