2255 2819
247 103 324 138 594
942 97 1119 131 lSlDORI
1144 94 1325 132 fflSPAL.
1349 97 1491 131 EPISC.

415 194 450 228 2.
504 193 669 226 Picturam
697 194 807 221 autem
831 189 990 234 Aegyptii
1014 191 1285 235 excogitaverunt
1311 191 1455 235 primum
1482 192 1599 225 umbra
1627 191 1771 226 hominis
1798 193 1889 225 lineis
1923 189 2185 228 circumducta¹.

251 243 390 292 ltaque²
415 245 504 280 initio
531 243 618 280 talis„
646 240 791 273 secunda
820 241 955 285 singulis
978 243 1168 282 coloribus,
1203 246 1319 286 postea
1350 243 1498 283 diversis,
1531 245 1645 286 sicque
1673 245 1833 288 paulatim
1863 256 1933 277 sese
1960 255 2010 276 ars
2037 244 2109 288 ipsa
2136 244 2189 276 di·

251 300 373 339 stinxit,
402 302 433 330 et
459 294 578 327 invenit
604 293 717 324 lumen
745 298 843 335 atque
871 294 1003 326 umbras
1031 294 1300 336 differentiasque
1325 296 1494 335 colorum,
1529 296 1617 328 unde
1645 301 1675 329 et
1709 308 1795 330 nunc
1823 297 1968 340 pictores
1998 296 2087 339 prius
2114 307 2187 328 um-

251 354 325 385 bras
347 347 505 393 quasdam
534 350 566 377 et
593 344 693 376 lineas
721 344 850 376 futurae
877 344 1028 390 imaginis
1056 345 1197 387 ducunt,
1225 345 1346 378 deinde
1367 346 1535 379 coloribus
1562 344 1739 392 impient³,
1784 352 1930 381 tenentes
1958 347 2109 380 ordinem
2136 346 2189 379 in—

251 407 366 436 ventae
395 398 479 431 artis.

774 471 802 505 C
829 473 860 505 A
887 473 923 505 P.
977 471 1084 505 XVII.

1177 472 1254 505 De

1320 473 1656 508 coloribus.

417 550 447 582 l.
502 548 642 581 Colores
681 552 790 580 autem
820 544 967 588 dictos⁴,
1002 547 1094 590 quod
1122 548 1235 582 calore
1267 549 1351 594 ignis
1387 550 1439 582 vel
1467 546 1568 582 solis⁵
1594 551 1826 595 perficiuntur,
1859 553 1927 585 sive
1955 552 2048 595 quod
2074 548 2189 584 initio⁶

250 604 462 643 colabantur,
489 605 524 632 ut
551 611 698 632 summae
722 599 905 631 subtilitatis
934 599 1114 633 existerent.

414 653 449 687 2,
503 651 642 684 Colores
671 647 804 683 autem⁷
832 648 907 682 ίιιιῐΒ
933 656 1120 692 nascuntur,
1148 656 1204 684 aut
1230 651 1322 684 fiunt.

741 698 773 744 ¹⁰,
801 702 1090 746 auripigmentum.

964 750 1016 769 12·

249 702 379 746 rniuin⁰,
407 704 584 742 melinum,
612 703 729 735 eretria

412 755 446 788 3.
501 754 633 798 Sinopis
656 754 786 786 inventa
807 754 950 798 primum

1375 652 1580 695 Nascuntur,
1616 657 1653 686 ut
1679 653 1818 698 sinopis,
1853 654 2005 695 rubrica,
2031 658 2187 698 paraeto-

1146 703 1256 736 Ceteri
1283 704 1452 747 finguntur
1476 709 1531 736 aut
1559 708 1645 744 arte,
1672 710 1727 737 aut
1755 702 1955 740 mixtionefl.

1008 766 1041 786 ιιι
1061 755 1169 786 Ponto
1198 760 1255 787 est.

1309 755 1391 788 lude
1419 767 1540 788 nomen
1561 767 1580 788 a
1597 756 1725 801 Sinope
1745 757 1827 790 urbe
1854 757 1996 802 accepit.
2050 756 2188 800 Species

250 810 319 842 eius
345 812 430 847 tres,
457 806 556 838 rubra
583 810 614 837 et
641 805 745 837 minus
771 806 906 845 rubens,
935 809 966 837 et
993 806 1075 837 inter
1102 805 1163 837 has
1192 806 1312 838 media.

412 857 446 890 4.
501 857 649 889 Rubrica
676 862 813 900 vocata,
840 857 933 900 quod
960 857 1001 888 sit
1027 857 1126 889 rubra
1154 862 1186 889 et
1208 858 1390 902 sanguineo
1418 859 1580 902 proxima.

249 916 320 950 tur,
351 909 409 942 sed
437 909 565 952 optima
591 909 718 949 Ponto,
747 908 834 940 unde
861 913 893 940 et
919 908 1056 941 Pontica
1084 908 1211 943 dicitur.

412 958 446 991 5.
500 959 672 1002 Syriacum
685 956 707 976 ¹⁴
734 960 824 992 rubri
852 959 973 992 coloris
1000 960 1226 1004 pigmentum,
1263 971 1302 992 ex
1330 971 1397 1002 quo
1425 965 1458 992 et
1485 960 1646 992 librorum
1675 961 1785 1005 capita
1811 961 2005 993 scribuntur.

1634 858 1732 892 Haec
1758 858 1840 891 locis
1867 858 2015 903 plurimis
2026 854 2049 874 ¹³
2075 858 2187 905 gigni—

2071 959 2186 1004 Ipsum

250 1016 297 1044 est
312 1008 335 1027 ¹³
370 1016 402 1043 et
434 1010 681 1050 Phoeniceum,
717 1011 925 1054 appellatum
953 1008 1048 1052 itam,
1092 1022 1132 1044 eo
1161 1012 1252 1055 quod
1280 1012 1312 1044 in
1339 1012 1436 1055 Syria
1463 1012 1644 1056 colligatur
1656 1009 1677 1028 Π
1711 1013 1744 1044 in
1776 1013 1926 1044 litoribus
1959 1012 2049 1044 rubri
2080 1012 2189 1051 maris,

248 1062 304 1095 ubi
330 1062 516 1095 Phoenices
541 1061 734 1094 inhabitant.

410 1112 443 1145 6.
499 1113 599 1145 Aliud
622 1117 668 1144 est
691 1117 800 1144 autem
813 1108 836 1128 ¹⁸
862 1112 1018 1152 sericum,
1046 1112 1136 1144 aliud
1165 1113 1349 1155 Syriacum,

247 1169 343 1205 tunt,
370 1164 544 1207 Syriacum
573 1174 650 1195 vero
679 1164 904 1209 pigmentum,
932 1163 1022 1205 quod
1051 1164 1126 1206 Syri
1150 1164 1335 1196 Phoenices
1355 1164 1386 1195 in
1415 1163 1502 1196 rubri
1530 1165 1626 1196 maris
1655 1165 1801 1198 litoribus
1828 1166 1998 1210 colligunt.

748 1216 834 1247 Nam
861 1226 962 1258 sepae
989 1214 1026 1246 lit
1052 1219 1107 1247 aut
1131 1215 1302 1259 sinopide,
1329 1220 1384 1247 aut
1410 1215 1542 1247 sandice
1571 1216 1698 1250 mixtus.

412 1265 447 1301 7.
500 1266 642 1299 Minium
666 1266 791 1299 Graeci
818 1262 950 1310 primi-'⁰
976 1266 1009 1297 in
1033 1266 1259 1310 Ephesiorum
1287 1266 1359 1298 solo
1386 1266 1545 1299 invenisse
1571 1267 1753 1299 traduntur.

247 1318 362 1362 spania
391 1318 467 1361 plus
493 1318 609 1351 ceteris
634 1318 826 1362 regionibus
840 1314 863 1334 ²¹
889 1317 1055 1357 abundat,
1086 1317 1176 1350 unde
1204 1318 1302 1351 etiam
1329 1329 1449 1350 nomen
1474 1318 1614 1362 proprio
1639 1318 1764 1350 flumini
1791 1317 1894 1351 dedit.

917 1369 1058 1401 Minium
1087 1374 1195 1401 autem
1224 1369 1292 1402 hoc
1318 1369 1455 1412 quidam
1484 1370 1597 1402 dicunt
1625 1381 1693 1402 esse
1720 1369 1919 1403 cinnabarin.

410 1422 443 1454 ὅ.
497 1420 690 1453 Cinnabaris
718 1426 828 1452 autem
839 1416 864 1435 ²²
891 1432 910 1452 a
939 1420 1084 1453 dracone
1113 1427 1144 1452 et
1172 1422 1281 1459 barro,
1310 1421 1343 1452 id
1372 1425 1419 1453 est
1447 1420 1627 1465 elephanto
1650 1421 1932 1465 cognominatum.

248 1221 315 1249 tem
343 1220 373 1248 et
384 1213 406 1231 ¹⁴³
432 1215 516 1248 inter
544 1215 693 1249 factitios.

247 1370 327 1401 latio
355 1374 529 1413 argentum
554 1369 717 1413 liquidum
746 1369 861 1414 gignit.

248 1470 430 1503 draconum
459 1484 526 1504 esse
552 1473 756 1516 sanguinem,
785 1472 865 1504 dum
893 1472 1064 1515 implicant
1091 1472 1299 1515 elephantos.

971 1524 1073 1566 litque
1100 1524 1326 1567 pigmentum,
1366 1523 1525 1566 quiequid
1560 1524 1632 1556 solo
1658 1524 1795 1556 tinxerit.

247 1531 387 1564 quorum
414 1522 505 1555 susus
532 1534 629 1556 cruor
655 1529 776 1556 terram
804 1523 924 1564 inlicit,

248 1573 368 1606 coloris
397 1574 497 1606 rubri.

1403 1113 1488 1145 Nam
1517 1114 1656 1146 sericum
1684 1114 1759 1146 lana
1779 1120 1844 1154 est,
1871 1126 1971 1156 quam
1987 1114 2085 1145 Seres
2112 1113 2188 1145 mit-

2052 1164 2112 1196 Est
2128 1176 2187 1197 au—

1807 1266 1907 1299 Cuius
1933 1266 2097 1310 pigmenti
2124 1265 2188 1298 Hi—

1946 1318 2054 1350 Huius
2080 1316 2188 1349 distil-

1982 1419 2085 1451 Aiunt
2102 1419 2187 1451 enim

1352 1473 1467 1504 Ruunt
1491 1473 1577 1504 enim
1604 1473 1736 1505 belluae
1757 1477 1789 1505 et
1811 1472 1972 1504 dracones
1994 1471 2187 1510 obruuntur,

1860 1523 1919 1555 Est
1947 1526 2054 1555 autem
2081 1522 2188 1565 pulvis

412 1632 446 1667 9.
499 1633 652 1671 Prasina,
680 1639 769 1666 creta
797 1634 906 1666 viridis
920 1630 961 1675 ²³,
991 1634 1048 1667 etsi
1076 1634 1107 1666 in
1135 1635 1299 1677 aliquibus
1322 1635 1414 1667 terris
1441 1634 1629 1678 promiscue
1657 1637 1834 1678 generetur
1845 1628 1887 1674 ²³,
1923 1632 2050 1675 optima
2077 1636 2186 1665 tamen

248 1683 281 1714 in
307 1680 451 1727 Libya²⁵
478 1684 667 1728 Cyrenensi.

414 1735 470 1767 lo.
524 1735 745 1779 Clirysocolla
772 1736 887 1769 colore
915 1737 1047 1779 prasino
1075 1741 1140 1773 est.
1181 1736 1289 1775 dicta,
1331 1736 1423 1779 quod
1456 1737 1524 1769 eius
1559 1748 1639 1769 vena

250 1783 346 1816 Haeo
373 1790 403 1817 et
430 1787 462 1818 in
490 1787 645 1820 Armenia
672 1788 831 1826 nascitur,
859 1788 917 1820 sed
946 1799 985 1819 ex
1014 1787 1218 1821 Macedonia
1244 1788 1428 1832 probabilis
1454 1789 1552 1822 venit.

251 1835 292 1865 ris
301 1831 335 1875 ²⁸,
353 1836 441 1869 cuius
458 1838 601 1871 inventio
618 1844 792 1884 argentum
809 1843 908 1882 atque
926 1839 1071 1872 indicum
1090 1839 1212 1883 prodit.

337 1943 366 1979 1)
389 1943 436 1970 Sic
471 1945 528 1974 Gu.
552 1950 578 1977 1.
604 1950 632 1978 2,
662 1947 711 1975 Ar.
741 1963 782 1969 —
814 1947 952 1974 umbram
988 1970 992 1974 .
1026 1970 1030 1974 .

1065 1949 1199 1975 circnm-

252 1985 377 2012 ‹lactam
399 1986 477 2023 vulg.
506 2004 546 2008 —
576 1988 604 2027 2)
629 1994 720 2027 atque
743 1990 798 2017 Gu.
819 1993 845 2020 1.
869 1992 896 2020 2.
928 2006 965 2011 —-
1001 1989 1029 2029 3)
1054 1991 1198 2028 complent

253 2028 309 2056 Gu.
335 2030 362 2059 2.
385 2037 428 2065 pr.
454 2038 499 2056 va.
529 2045 571 2051 —
611 2030 640 2070 4)
666 2032 713 2059 Sie
744 2031 799 2061 Gn.
826 2034 850 2062 1.
876 2035 904 2062 2.
927 2032 963 2060 al.
988 2042 1034 2062 va.
1056 2047 1098 2053 —
1124 2032 1200 2059 (licii

252 2075 323 2097 sunt
345 2070 426 2107 vulg.
459 2088 495 2091 —
527 2071 557 2107 5)
583 2073 629 2099 Sic
654 2074 709 2101 Gu.
736 2078 761 2104 1.
786 2077 815 2104 Q.
839 2084 884 2103 va.
908 2091 948 2096 —
972 2076 1033 2102 sole
1054 2076 1135 2112 vulg.
1161 2093 1198 2097 —

252 2114 283 2149 6)
306 2112 391 2149 Vulg.
416 2113 448 2138 in
471 2113 578 2149 itzltio,
608 2115 658 2142 sed
682 2118 711 2142 in
737 2127 792 2144 om.
829 2118 884 2145 Gu.
914 2120 938 2146 1-
961 2120 989 2148 2-
1022 2117 1059 2145 ul.
1090 2128 1137 2146 Va·
1159 2132 1200 2139 ‘-

252 2152 282 2194 7)
306 2160 407 2181 autem
431 2164 488 2184 om.
519 2155 574 2182 Gu.
596 2158 624 2185 2.
667 2175 702 2179 —
739 2162 764 2189 ὃ)
790 2164 842 2186 aut
872 2169 927 2186 om.
954 2159 1010 2187 Gu.
1037 2162 1061 2189 1.
1091 2176 1131 2181 —
1169 2158 1200 2197 9)

250 2198 384 2235 par-iton.
405 2196 461 2224 Gu.
488 2198 516 2227 1.
540 2199 567 2226 52.
594 2207 641 2235 pr.
669 2215 708 2219 —-
736 2198 779 2239 10)
803 2201 849 2228 Sic
875 2203 922 2229 Ar.
947 2211 962 2229 e
978 2201 1052 2229 l'lin.
1077 2202 1201 2236 XXXV,

255 2241 283 2269 6,
304 2257 341 2261 ,-
363 2240 460 2275 [νεεὶα
482 2239 563 2276 vulg.
586 2255 625 2260 -—-
652 2238 698 2279 11)
717 2241 765 2267 Sic
784 2244 839 2269 (ἆυ.
862 2246 885 2272 l.
910 2260 946 2264 —-
966 2245 1104 2281 permisi.
1122 2244 1202 2281 vulg.

259 2298 291 2302 ,-
321 2279 365 2319 19)
390 2281 438 2308 Sic
462 2281 518 2309 Gu.
536 2284 562 2312 1.
583 2284 614 2313 2.
640 2291 686 2309 va.
708 2283 756 2310 Ar.
784 2299 824 2303 —
853 2287 944 2320 prim.
978 2288 1038 2313 inv.
1063 2287 1140 2324 iulg.
1162 2301 1201 2306 —-

259 2321 304 2362 13)
332 2323 382 2350 Sic
401 2323 456 2350 Gu.
474 2325 501 2354 1.
522 2326 549 2353 2.
571 2339 610 2345 --
634 2325 719 2362 plur.
750 2324 804 2351 loc.
827 2326 906 2363 vulg.
942 2344 977 2347 —
1012 2327 1055 2365 14)
1079 2329 1125 2356 Sic
1147 2329 1202 2356 Gu.

258 2367 284 2395 1.
310 2381 348 2386 —
374 2366 510 2403 Sit-icum
533 2366 611 2403 vulg.
655 2366 704 2394 Sic
727 2371 839 2404 postea.
865 2384 901 2389 —-
934 2368 979 2405 15)
1004 2375 1047 2396 cst
1072 2381 1128 2398 om.
1154 2380 1200 2399 va.

1653 1732 1678 1752 ²⁰
1705 1745 1820 1767 aurum
1849 1733 1976 1766 habere
1986 1730 2010 1749 ²⁷
2038 1734 2185 1768 traditur.

1616 1787 1757 1819 Foditur
1784 1786 1870 1818 enim
1897 1796 1937 1817 ex
1964 1786 2105 1818 metallis
2130 1796 2187 1819 ae-

1240 1840 1326 1872 Nam
1343 1851 1446 1871 venae
1461 1839 1527 1872 eius
1549 1850 1625 1872 cum
1643 1839 1680 1870 iis
1696 1838 1821 1870 habent
1835 1842 1969 1869 naturae
1985 1837 2184 1871 societatem.

1241 1962 1283 1968 —-—
1312 1947 1357 1984 15)
1384 1948 1428 1974 ita
1454 1957 1511 1975 om.
1535 1955 1579 1975 va.
1598 1962 1639 1967 —
1672 1950 1712 1980 17)
1735 1947 1893 1985 colligitur
1913 1955 1961 1974 va.
1985 1963 2022 1966 —
2056 1945 2099 1984 18)
2124 1956 2185 1974 au-

1242 1996 1298 2017 tem
1329 1989 1431 2017 addidi
1464 1999 1478 2017 e
1502 1989 1554 2016 Gu.
1581 1992 1609 2019 1.
1633 1990 1660 2019 2.
1685 1989 1732 2018 Ar.
1761 2006 1795 2010 —
1841 1991 1880 2023 19)
1910 1994 1936 2016 et
1965 1987 2066 2016 addidi
2089 1998 2103 2016 e
2129 1988 2185 2016 Gu.

1243 2035 1269 2063 1.
1289 2035 1315 2064 2.
1343 2032 1389 2059 Ar.
1417 2046 1450 2051 —
1476 2034 1521 2067 ΞΟ)
1548 2031 1596 2058 Sic
1626 2032 1680 2059 Gu.
1700 2035 1726 2063 1.
1746 2033 1774 2062 2.
1800 2047 1836 2052 -—
1856 2031 1952 2069 primi
1976 2031 2027 2058 Gr.
2051 2030 2130 2068 vulg.
2146 2047 2184 2052 -

1242 2072 1291 2114 2³1)
1316 2074 1364 2102 sic
1388 2073 1443 2101 Gu.
1467 2076 1492 2103 1.
1518 2090 1553 2094 —
1578 2079 1629 2101 cet.
1653 2084 1712 2111 reg.
1732 2075 1806 2111 plus
1828 2074 1908 2110 vulg.
1940 2089 1980 2093 —
2014 2072 2063 2110 2⁹2)
2084 2078 2185 2101 autem

1243 2116 1343 2144 addidi
1367 2126 1382 2144 e
1404 2115 1459 2143 Gu.
1484 2118 1509 2145 1.
1531 2118 1557 2146 2.
1579 2131 1621 2137 -—
1644 2118 1691 2152 23)
1715 2116 1801 2153 Vulg.
1825 2115 1860 2142 ld
1879 2121 1922 2142 est
1945 2120 2024 2142 crem
2048 2116 2111 2151 rin,
2133 2115 2185 2143 sed

1245 2158 1280 2186 id
1308 2163 1350 2185 est
1383 2167 1442 2186 om.
1475 2158 1530 2185 Gu.
1555 2161 1578 2188 l.
1602 2161 1630 2189 2.
1654 2174 1696 2180 ——
1728 2159 1776 2194 24)
1803 2164 1968 2196 generatur
1996 2167 2042 2185 va.
2064 2172 2106 2178 —
2136 2154 2184 2195 25)

1243 2201 1342 2238 Libya
1365 2210 1421 2229 om.
1448 2200 1503 2230 Cu.
1530 2202 1559 2230 2.
1589 2215 1630 2222 -
1666 2200 1714 2237 26)
1742 2201 1791 2228 Sic
1821 2201 1876 2228 Gu.
1903 2202 1929 2230 1.
1959 2214 1999 2221 ——-
2027 2209 2101 2227 rena
2122 2200 2185 2225 eius

1244 2243 1324 2280 vulg.
1348 2258 1381 2263 -—
1408 2245 1451 2275 97)
1476 2243 1522 2270 Sic
1539 2244 1594 2269 Gn.
1614 2238 1640 2272 1.
1665 2252 1709 2272 va,
1733 2242 1783 2271 Ar.
1804 2258 1847 2264 —
1868 2242 1938 2271 hab.
1961 2251 2028 2269 aur.
2050 2240 2128 2277 vulg.
2143 2256 2181 2261 —

1244 2285 1312 2313 lzczb.
1340 2284 1419 2315 trad.
1452 2296 1518 2313 (ιιιν.
1550 2285 1605 2312 Gu.
1631 2287 1660 2316 2.
1693 2301 1734 2307 —
1769 2283 1818 2325 ΞΒ)
1839 2286 1934 2312 aereis
1964 2284 2019 2311 Gu.
2043 2285 2069 2312 1.
2092 2285 2120 2313 2.
2143 2300 2183 2303 —

1244 2328 1292 2364 29)
1316 2328 1364 2355 Sic
1380 2328 1427 2356 Ar.
1452 2343 1492 2348 —
1524 2328 1661 2365 Topazon
1683 2327 1763 2364 vulg.
1789 2344 1825 2348 -
1849 2330 2010 2364 topazalon
2033 2324 2088 2354 Gu.
2112 2327 2136 2355 1.
2154 2326 2182 2355 2.

1245 2386 1285 2391 --
1307 2372 1355 2407 30)
1383 2369 1429 2397 Sic
1458 2370 1507 2398 Ar.
1528 2385 1569 2391 ——
1599 2371 1702 2396 aunis
1728 2369 1809 2406 vulg.
1840 2386 1877 2390 —
1913 2365 1961 2406 31)
1990 2368 2022 2394 in
2045 2366 2147 2395 addidi
2167 2375 2183 2394 e
