2255 2819
208 88 282 123 452
901 87 1079 121 ISIDORl
1104 85 1285 120 HISPAL.
1312 85 1456 122 EPlSC.

208 184 346 217 Samum
380 186 412 215 et
439 177 644 226 Myconum¹
681 179 950 222 procurrentibus
985 180 1071 212 saxis
1105 180 1312 225 inhospitalis
1340 185 1406 221 est,
1448 184 1481 212 et
1513 181 1609 213 nullis
1635 179 1757 212 sinibus
1784 177 1974 223 portuosa².
2027 182 2154 217 Dicitur

209 240 319 268 autem
352 235 484 268 Icarum
511 233 700 266 Cretensem
729 230 774 262 ibi
801 231 978 276 naufragio
1006 232 1150 265 interisse
1161 229 1183 272 ³,
1211 239 1243 265 et
1270 233 1313 265 de
1341 233 1428 265 exitu
1455 231 1597 265 hominis
1623 232 1815 276 impositum
1839 242 1960 264 nomen
1987 233 2077 268 loco.

374 294 432 326 27.
484 288 613 325 Naxos⁴
639 290 743 322 insula
775 303 794 323 a
821 291 982 335 Dionysio
1009 289 1130 333 dieta⁵‚
1156 294 1248 336 quasi
1263 289 1465 332 Dionaxos⁶‚
1493 293 1585 335 quod
1613 293 1781 325 fertilitate
1807 291 1921 323 vitium
1949 293 2058 325 vincat
2076 304 2152 326 cae—

208 352 310 385 terasg
339 351 384 378 est
412 349 519 376 autem
547 354 566 374 a
594 342 679 374 Delo
709 342 827 375 decem
857 349 888 375 et
915 340 1013 377 oct0⁷
1042 344 1143 376 millia
1170 356 1324 388 passuum
1361 349 1532 388 separata,
1570 356 1609 377 ex
1642 355 1708 388 qua
1743 348 1776 375 et
1802 343 1888 375 lovis
1918 341 2018 377 olim8
2051 345 2155 377 fertur

209 397 363 430 adversus
390 396 524 428 Titanas
553 394 649 426 fuisse
676 394 856 437 profectus.

372 447 431 479 25.
485 445 597 478 Melos
631 457 670 478 ex
699 457 836 479 numero
862 446 1069 490 Cycladum,
1101 458 1164 479 una
1198 447 1346 480 omnium
1380 446 1558 478 insularum
1588 446 1839 487 rotundissima,
1883 446 1971 479 unde
2005 452 2037 480 et
2071 459 2156 480 nun-

209 504 328 544 cupata
342 495 364 530 ⁹.

372 548 432 583 29.
486 548 632 581 Historia
659 549 739 583 dicit
766 559 805 581 ex
832 548 948 581 Iasone
980 553 1094 582 natum
1129 549 1227 581 fuisse
1255 548 1480 580 Philomelum
1514 553 1546 580 et
1574 549 1730 592 Plutum,
1768 561 1807 582 ex·
1832 548 2024 582 Philomelo
2051 550 2155 582 Pare-

208 605 318 634 antum
346 602 506 646 genitum,
534 601 590 643 qui
618 601 661 633 de
688 612 745 633 suo
773 601 906 632 nomine
932 601 1042 633 Paron
1059 598 1081 617 ¹⁰
1103 601 1240 634 insulam
1269 606 1299 633 et
1328 600 1493 644 oppidum
1521 601 1718 644 appellavit3
1752 602 1842 645 prius
1879 606 1989 634 autem
2018 601 2155 640 Minoia,

208 653 331 686 deinde
357 654 461 686 Paros
489 653 587 686 dicta.
640 652 692 684 De
719 664 784 695 qua
812 649 1021 697 virgilius-¹¹:

436 704 654 748 Nic-eamque
669 700 693 720 ¹²
720 704 850 737 Paron.

208 755 329 799 Gignit
355 755 440 787 enim
470 767 616 788 marmor
644 756 932 794 candidissimum,
967 753 1058 796 quod
1088 754 1221 786 Parium
1246 753 1368 788 dicunt.
1423 754 1528 786 Mittit
1556 760 1587 787 et
1615 754 1744 787 Sardan
1761 751 1784 772 ¹³
1807 754 1953 799 lapidem
1982 755 2156 787 marmori-

207 807 270 839 bus
297 806 434 850 quidem
457 808 740 850 praestantiorem,
769 812 800 839 et
826 807 909 838 inter
934 817 1085 849 gemmas
1108 806 1310 838 vilissimum.

375 865 434 898 30.
487 864 629 899 ChlosH
660 868 762 900 insula
789 863 909 910 Syn-11¹³
936 866 1051 910 lingua
1079 865 1282 910 appellatur,
1319 876 1359 897 eo
1400 865 1491 908 quod
1526 866 1570 898 ibi
1607 866 1723 898 mastix
1755 865 1910 910 gignitur.
1964 864 2039 908 Syri
2071 864 2158 896 enim

209 917 378 950 masticem
402 915 523 950 Chiom
550 924 679 952 vocant.

371 976 431 1012 31.
486 977 605 1010 Samos
623 975 645 994 ¹⁷
673 979 777 1010 insula
806 984 853 1010 est
881 977 962 1009 mari
974 973 997 993 ¹3
1025 978 1177 1021 Aegaeo,
1209 977 1265 1008 ubi
1293 981 1368 1008 nata
1398 977 1555 1019 estluno,
1584 988 1624 1009 ex
1652 988 1717 1019 qua
1745 975 1950 1019 suitSilela
1978 975 2100 1017 Samia,
2128 980 2161 1007 et

208 1027 421 1071 Pythagoras
458 1029 587 1061 Samius
605 1026 637 1069 ¹⁰,
673 1042 691 1061 a
730 1041 797 1071 quo
812 1026 836 1045 ²⁰
871 1028 1111 1073 philosophiae
1145 1040 1265 1060 nomen
1296 1028 1462 1060 inventum
1489 1034 1543 1061 est.
1598 1029 1635 1060 ln
1669 1028 1735 1061 hac
1762 1028 1868 1060 insula
1902 1033 2035 1071 reperta
2069 1025 2160 1071 prius

210 1079 324 1111 fictilia
352 1091 428 1111 vasa
450 1080 624 1112 traduntur
639 1077 673 1112 ²¹.
726 1080 828 1112 Unde
856 1086 888 1112 et
915 1092 991 1113 vasa
1019 1081 1132 1112 Samia
1160 1080 1330 1124 appellata
1358 1084 1439 1112 sunt.

373 1139 431 1170 32.
486 1139 601 1171 Sicilia
629 1151 647 1170 a
675 1140 797 1172 Sicano
825 1151 906 1183 rege
933 1140 1064 1173 Sicania
1087 1140 1324 1184 cognominata
1355 1144 1419 1178 est,
1455 1138 1579 1170 deiude
1611 1150 1630 1170 a
1654 1137 1770 1171 Siculo
1799 1138 1872 1170 ltali
1906 1137 2007 1170 fratre
2035 1137 2159 1171 Sicilia.

209 1189 303 1222 Prius
328 1195 437 1222 autem
460 1190 633 1223 'I'rinacria
661 1191 749 1223 (licta
776 1197 917 1234 propter
943 1192 1005 1223 tria
1029 1190 1140 1235 ἄκρα,
1168 1191 1201 1222 id
1230 1195 1277 1222 est
1305 1191 1551 1233 promontoria,
1585 1189 1760 1229 Pelorum,
1790 1188 1974 1221 Pachinum
2007 1194 2039 1221 et
2065 1188 2161 1231 Lily-

209 1241 341 1273 baeum.
394 1241 567 1275 Trinacria
598 1242 684 1274 enim
721 1243 890 1274 Graecum
927 1247 992 1279 est,
1028 1242 1118 1285 quod
1153 1242 1272 1274 Latine
1308 1237 1511 1283 ῑῑίιμιιιιῐιτι22
1549 1240 1686 1280 dicitur,
1729 1241 1822 1283 quasi
1857 1241 1889 1272 in
1925 1245 1990 1272 tres
2019 1239 2162 1283 quadras

211 1292 325 1325 divisa.
380 1293 476 1325 llaec
503 1294 545 1325 ab
575 1294 671 1325 ltalia
699 1295 820 1338 exiguo
856 1294 941 1325 freto
970 1293 1131 1332 discreta,
1168 1294 1319 1326 Africum
1348 1304 1439 1324 mare
1474 1297 1708 1335 prospectans,
1743 1292 1836 1324 terris
1863 1291 2044 1334 frugifera,
2080 1302 2161 1323 auro

211 1344 394 1382 abundans.
419 1345 566 1378 cavernis
594 1351 703 1377 tamen
731 1351 763 1377 ct
784 1345 900 1377 fistulis
929 1345 1158 1389 penetrabilis,
1185 1346 1359 1387 ventisque
1387 1349 1419 1375 et
1448 1343 1610 1387 sulphure
1636 1343 1747 1387 plena.
1802 1342 1902 1375 Unde
1936 1347 1968 1374 et
2007 1342 2051 1374 ibi
2078 1343 2163 1375 Aet-

212 1407 273 1428 nae
298 1396 416 1428 montis
439 1397 590 1429 incendia
627 1394 785 1429 extant²³:
821 1397 852 1428 iu
882 1397 974 1429 cuius
1012 1397 1097 1429 freto
1120 1396 1223 1430 Scilla
1255 1402 1303 1429 est
1331 1401 1362 1428 et
1390 1395 1599 1438 Charybdis,
1634 1395 1753 1437 quibus
1787 1394 1919 1438 navigia
1946 1398 2003 1426 aut
2028 1393 2161 1426 sorben-

212 1445 307 1489 tur²⁴‚
335 1452 390 1479 aut
418 1448 630 1484 colliduntur.

379 1506 437 1538 33.
493 1508 570 1540 Fuit
592 1513 702 1540 autem
730 1508 835 1552 patria
863 1507 1032 1550 quondam
1047 1504 1072 1525 ²5
1099 1507 1307 1551 Cyclopum,
1343 1511 1376 1539 et
1402 1511 1518 1551 postea
1545 1506 1651 1539 nutrix
1678 1511 1905 1549 tyrannorum,
1932 1505 2066 1550 frugum
2094 1504 2163 1537 fer—

213 1559 287 1599 tilis,
316 1569 356 1591 ac
377 1558 521 1602 primum
549 1561 642 1592 terri-2·
669 1560 822 1592 omnibus
848 1560 1029 1592 commissis
1062 1560 1237 1591 seminibus
1272 1564 1380 1590 aratro
1409 1560 1578 1602 proscissa.
1631 1558 1822 1601 Principem
1859 1556 1989 1588 urbium
2017 1557 2164 1600 Syracu-

214 1621 263 1642 sas
290 1609 413 1650 habet,
445 1611 573 1643 fontem
609 1611 812 1643 Arethusam
843 1616 874 1643 et
896 1610 1088 1654 Alphaeum
1117 1611 1252 1643 fluvium
1287 1621 1486 1654 magnorum
1520 1614 1753 1654 generatorem
1767 1605 1792 1625 ²⁶
1827 1618 1998 1651 equorum.
2052 1607 2091 1639 In
2124 1618 2164 1640 ea

215 1661 319 1694 insula
347 1661 492 1705 primum
522 1668 569 1694 est
592 1663 722 1695 inventa
739 1660 762 1679 ²³
791 1662 977 1696 comoedia.

380 1721 438 1753 34.
491 1722 645 1755 Achaten
673 1723 821 1767 lapidem
851 1724 921 1766 ipsa
953 1722 1098 1765 primum
1136 1732 1176 1754 ev(
1199 1720 1331 1754 Achate
1366 1720 1501 1752 flumine
1534 1719 1628 1752 dedit
1646 1716 1679 1751 ²³.
1732 1717 1876 1750 Parturit
1909 1722 1940 1750 et
1978 1729 2069 1750 mare
2096 1717 2164 1750 eius

217 1769 425 1805 corallium²⁹
451 1774 563 1818 gignit
579 1771 603 1790 ³⁰
631 1779 663 1806 et
689 1775 771 1807 sales
795 1774 1033 1819 Agrigentinos
1057 1774 1089 1805 in
1117 1774 1195 1817 igne
1223 1773 1390 1813 solubiles,
1431 1772 1463 1804 in
1490 1772 1583 1814 aquis
1610 1771 1809 1814 crepitantes
1822 1766 1857 1803 ³¹.
1911 1768 2029 1802 Omnis
2055 1769 2164 1802 ambi-

304 1855 331 1894 1)
356 1856 403 1884 Sic
438 1857 485 1885 Ar.
515 1874 557 1879 —
585 1859 756 1886 Miconium
784 1859 865 1896 vulg.
893 1874 936 1879 --
975 1857 1004 1897 2)
1040 1863 1081 1884 est
1105 1857 1171 1885 add.
1215 1873 1256 1878 —
1280 1854 1325 1895 17)
1346 1858 1436 1884 Scmw
1467 1857 1497 1885 Z.
1531 1856 1587 1883 Gu.
1604 1859 1632 1886 2.
1663 1865 1710 1884 va.
1747 1871 1785 1874 —
1822 1851 1865 1893 18)
1889 1855 1922 1882 in
1944 1855 2024 1881 mari
2055 1863 2101 1892 pr.
2122 1869 2164 1874 —

221 1898 278 1925 Gu.
307 1900 333 1927 1.
359 1915 399 1919 —
429 1902 456 1934 3)
486 1900 532 1927 Sic
564 1902 620 1929 Gu.
648 1904 673 1931 1.
704 1912 750 1940 pr.
775 1918 816 1922 —
839 1902 990 1928 interiissc
1021 1900 1099 1937 vulg.
1132 1916 1172 1921 -
1218 1898 1261 1938 19)
1287 1900 1412 1927 Samius
1440 1909 1497 1927 um.
1522 1899 1578 1926 Gu.
1601 1900 1628 1928 2.
1651 1914 1688 1918 -
1722 1896 1768 1934 20)
1793 1907 1826 1923 ex
1845 1907 1905 1934 quo
1922 1897 1978 1926 Gu.
1998 1899 2026 1928 2.
2048 1912 2090 1917 —
2118 1898 2163 1929 21)

218 1939 247 1978 4)
281 1940 390 1967 Naxon
421 1942 476 1969 Gu.
500 1945 523 1971 1.
546 1945 573 1972 2.
606 1954 649 1981 pr.
678 1954 724 1972 va.
747 1960 788 1965 —
824 1942 853 1983 5)
883 1950 973 1971 antea
1003 1944 1173 1983 Dionysum
1212 1942 1409 1980 perhibentur
1438 1942 1492 1970 Gu.
1519 1943 1547 1972 2.
1577 1957 1611 1962 -
1647 1942 1692 1976 (Δί’)
1716 1940 1763 1967 Sic
1786 1939 1817 1967 Z.
1849 1940 1904 1969 Gu,
1931 1942 1957 1970 1.
1989 1938 2026 1966 al.
2047 1948 2093 1976 pr.
2117 1948 2163 1967 va.

220 1982 305 2009 dicta
329 1983 380 2010 Ar.
405 1993 420 2010 e
444 1984 533 2010 Solin.
566 2001 605 2006 —-
643 1987 672 2022 6)
697 1988 861 2014 Dimmxun
886 1987 917 2014 Ζ,
948 1987 1003 2014 Gu.
1026 1989 1053 2015 1.
1076 1989 1103 2016 2.
1127 1996 1173 2023 pr.
1219 2002 1249 2005 -
1281 1986 1430 2023 triquetra
1461 1983 1541 2020 vulg.
1573 2001 1610 2005 -—-
1651 1982 1696 2021 93)
1720 1982 1768 2009 Sic
1791 1982 1847 2009 Gu.
1872 1985 1895 2012 l.
1918 1997 1960 2003 —-
1984 1985 2084 2008 extant
2105 1981 2163 2008 inc.

220 2035 266 2052 va·
295 2041 336 2046 -“
377 2025 407 2060 7)
431 2025 479 2052 Sic
507 2026 538 2054 Z.
564 2028 620 2055 Gu.
642 2031 670 2059 2.
701 2040 745 2067 pr.
777 2039 823 2057 va.
848 2030 898 2057 Ar.
920 2045 960 2051 —
983 2027 1173 2056 novendecim
1217 2027 1298 2065 vulg.
1329 2043 1370 2048 —-
1414 2025 1459 2065 324)
1490 2026 1538 2053 Sic
1568 2026 1623 2052 Gu.
1650 2027 1676 2054 1.
1706 2040 1747 2045 —
1782 2024 1948 2052 &orbantur
1979 2024 2035 2051 Gu.
2061 2025 2091 2054 2.
2129 2040 2160 2044 -

221 2068 300 2104 vulg.
323 2083 364 2088 —
390 2066 487 2094 decem
510 2074 535 2094 el
560 2080 659 2096 norem
684 2072 739 2099 Gu.
766 2074 791 2101 1.
816 2088 854 2093 —
880 2074 910 2108 3)
934 2072 982 2099 Sic
1008 2072 1063 2098 Gu.
1083 2074 1108 2100 1.
1131 2086 1173 2091 —
1217 2070 1415 2097 absorbentur
1436 2068 1516 2105 vulg.
1539 2086 1573 2089 -
1599 2067 1806 2095 almorlmntztr
1825 2077 1870 2105 pr.
1893 2082 1935 2088 —-
1963 2064 2010 2104 25)
2033 2065 2082 2093 Sic
2108 2065 2164 2094 Gu-

222 2120 256 2137 ex
279 2119 340 2148 qua
363 2110 435 2137 olim
459 2110 539 2137 lovis
561 2112 641 2146 vulg.
664 2129 705 2133 —
727 2113 754 2152 9)
779 2120 987 2151 uum-apulum
1011 2114 1041 2142 Z.
1059 2128 1100 2134 —-
1124 2113 1170 2147 10)
1217 2116 1243 2143 1.
1278 2129 1312 2133 —-
1344 2110 1455 2150 quand.
1473 2117 1555 2148 ρων.
1579 2110 1658 2147 vulg.
1690 2127 1727 2130 —
1766 2113 1809 2139 96)
1830 2113 2033 2145 generatorem
2055 2118 2112 2136 om.
2134 2108 2164 2136 Z.

223 2153 344 2180 Par-ean
373 2161 418 2179 va.
452 2157 481 2179 et
511 2163 580 2180 mox
607 2155 740 2183 Parnon.
769 2173 809 2177 —
856 2159 898 2191 11)
924 2159 993 2184 Aen.
1019 2155 1083 2190 ΙΙΙ,
1103 2157 1171 2186 126.
1217 2171 1252 2176 -—
1296 2154 1341 2192 27)
1365 2155 1487 2181 inventa
1511 2164 1567 2181 om.
1591 2153 1621 2182 Z.
1650 2168 1690 2174 —
1728 2151 1773 2189 23)
1798 2153 1845 2179 Sic
1867 2153 1898 2181 Z.
1929 2151 1986 2179 Gu·
2011 2153 2036 2182 l.
2055 2153 2083 2181 2·
2112 2149 2163 2178 ΑΓ·

223 2209 265 2215 -·
303 2192 348 2232 12)
371 2193 418 2221 Sic
449 2194 504 2223 Gu,
532 2198 557 2225 1.
591 2205 637 2223 va.
664 2197 710 2225 Ar.
738 2213 769 2218 ·—
808 2199 997 2235 Niveumqae
1026 2198 1106 2235 vulg.
1132 2213 1172 2217 —
1216 2213 1256 2218 —
1286 2195 1383 2223 edida
1415 2196 1494 2233 vulg.
1520 2212 1560 2217 —·
1604 2197 1651 2229 229)
1675 2195 1722 2222 Sic
1746 2195 1801 2223 Gu.
1822 2197 1848 2225 1.
1871 2205 1917 2222 va.
1934 2194 1982 2221 Ar.
2002 2208 2044 2214 —
2064 2191 2165 2219 coral-

226 2234 271 2274 13)
296 2235 440 2263 Sardium
463 2237 494 2266 Z.
519 2237 553 2264 al.
577 2247 622 2275 pr.
647 2247 692 2268 va.
717 2256 757 2260 ——
779 2240 912 2267 Sardum
930 2241 985 2268 Gu.
1004 2243 1029 2271 1.
1049 2257 1082 2260 —-
1101 2242 1172 2267 Sur-
1217 2240 1281 2266 lum
1312 2239 1391 2276 vulg.
1421 2255 1462 2260 -—
1503 2238 1554 2273 30)
1582 2239 1675 2265 nzittlt
1701 2238 1731 2266 Z.
1767 2253 1800 2258 -
1838 2235 1888 2276 31)
1917 2236 1965 2263 Sic
1996 2235 2052 2262 Gu.
2074 2237 2099 2264 1.
2122 2250 2162 2255 —-

226 2277 299 2305 dam
322 2278 374 2307 Ar.
398 2295 437 2299 —
462 2279 508 2316 14)
535 2279 609 2307 Clu'o
633 2280 681 2308 Ar.
703 2297 744 2301 -—-
779 2282 850 2309 Cim
872 2284 902 2312 Z,
928 2283 983 2312 Gu.
1005 2285 1031 2312 1.
1056 2293 1100 2320 pr.
1126 2292 1172 2310 va.
1216 2292 1292 2319 orep.
1324 2283 1356 2308 in
1383 2292 1430 2318 ‘¹‘l·
1452 2281 1534 2318 vulg.
1565 2297 1607 2302 —
1642 2279 1687 2318 3⁶2)
1716 2279 1764 2307 Sic
1791 2279 1847 2309 Gu.
1866 2282 1891 2310 1.
1907 2293 1948 2299 ——
1968 2278 2061 2304 trium
2083 2275 2164 2313 vulg.

230 2338 262 2341 —
295 2318 340 2360 15)
364 2331 442 2359 quae
454 2322 532 2359 :Syra
556 2322 592 2352 al.
617 2338 659 2344 —-
692 2324 737 2359 16)
758 2324 843 2351 leion
861 2325 892 2353 Z.
912 2340 952 2347 —
971 2325 1045 2352 Cion
1066 2325 1122 2354 Gu.
1146 2328 1172 2355 1.
1218 2339 1257 2345 -
1279 2323 1377 2352 tribus
1391 2323 1517 2351 milibus
1533 2323 1581 2351 Ar.
1608 2340 1639 2344 —
1667 2321 1713 2360 33)
1737 2322 1785 2350 Sic
1809 2322 1866 2350 Gu.
1894 2322 1920 2351 1.
1935 2333 1977 2340 --
1999 2317 2075 2346 dicit
2092 2318 2161 2347 Ital.
