2264 2830
795 90 1041 126 ORlGlNUM
1077 94 1222 129 LIBER
1249 95 1309 129 111.
1960 101 2033 134 129

80 187 167 219 Nam
194 188 272 227 iter,
294 188 386 231 quod
415 190 463 220 501
488 190 519 220 in
548 187 665 219 (liebus
693 185 879 220 CCCLXV
912 185 1097 232 peragitffl,
1129 190 1206 222 luna
1219 186 1243 205 ³⁰
1270 201 1333 234 per
1362 189 1455 222 XXX
1484 188 1554 222 dies
1582 190 1684 223 currit
1699 186 1728 222 ³⁰.
1787 192 1884 226 {inde
1913 200 1943 227 et
1972 207 2031 228 an>

80 238 162 281 tiqui
190 252 316 273 menses
339 241 371 273 in
399 241 490 278 luna,
518 250 620 271 annos
649 243 758 271 autem
786 240 817 270 in
845 238 921 270 solis
949 251 1045 273 cursu
1072 246 1264 284 posuerunt.

587 332 675 365 CA
702 333 739 364 P.
795 332 902 365 Ll'll.
981 333 1055 366 De
1108 335 1324 379 eclipsi
1376 335 1522 367 solis.

248 402 398 446 hle-[ipsis
422 402 504 435 solis
527 407 592 441 est,
620 402 773 444 quotiens
802 401 878 433 luna
900 402 1071 446 trigesima
1099 403 1142 435 ad
1170 402 1312 435 eandem
1346 402 1485 443 lincam,
1513 415 1579 446 qua
1611 404 1660 435 501
1689 403 1839 445 vehitur,
1868 407 2030 449 pervenit,

81 451 177 494 eique
211 465 245 485 se
277 454 434 486 obiicicns
447 449 469 469 ⁴¹
510 453 615 486 solem
629 449 650 469 ¹²
683 454 847 486 obscurat.
909 454 993 486 Nam
1023 455 1169 488 delicere
1203 455 1296 487 nobi„-
1333 455 1382 487 501
1418 454 1563 496 videtur,
1607 455 1688 488 (lum
1724 456 1771 488 illi
1808 457 1897 489 orbis
1931 457 2028 491 lunae

81 504 270 547 opponitur.

569 581 712 614 CAP.
769 581 889 614 LVlll.
973 582 1041 615 Dc
1094 583 1306 627 eclipsi
1358 583 1537 615 lunae.

251 658 277 689 1.
333 658 487 703 Ide-[ipsis
515 659 619 692 Immo
647 664 704 701 est,
729 659 879 702 quotiens
904 659 935 691 in
960 660 1111 692 umbram
1138 665 1244 692 terrae
1273 660 1350 692 luna
1378 658 1524 693 incurrit.
1577 658 1652 691 Non
1681 660 1766 692 enim
1793 672 1886 693 suurn
1916 662 2028 695 lumen

80 708 223 748 habere,
249 709 307 741 sed
334 722 353 741 a
380 711 449 743 5010
476 711 650 744 illuminari
666 707 689 727 ³³
708 715 861 755 putatur,
884 711 972 744 unde
1000 718 1032 744 et
1059 711 1230 746 desectum
1259 711 1383 756 patitur
1394 707 1439 753 Η,
1468 711 1494 743 si
1522 710 1605 743 inter
1632 711 1739 754 ipsam
1762 716 1793 744 et
1820 713 1924 746 solem
1953 725 2027 746 um-

80 761 140 792 bra
168 766 275 793 terrae
303 763 505 795 interveniat.

243 812 275 844 2.
330 814 456 846 Patitur
481 819 591 846 autem
619 812 687 846 hoc
714 812 845 846 decima
872 813 984 856 quinta
1013 815 1091 846 luna
1118 825 1267 858 eousque
1281 810 1323 855 ⁴⁵,
1357 825 1457 858 quam
1486 813 1543 846 diu
1571 817 1721 847 centrum
1749 819 1849 858 atque
1874 816 1992 848 umbra
2003 813 2027 832 ⁴⁶

80 863 236 896 obstantis
262 869 369 898 terrae
394 872 489 898 exeat
515 865 693 908 videatque
721 865 844 905 solem,
878 865 931 898 vel
960 877 979 898 a
1006 866 1076 899 sole
1102 865 1264 899 videatur.

245 966 274 999 C
298 968 328 999 A
351 969 386 1000 Ρ.
440 968 528 1002 LIX.
600 967 660 1001 De
693 967 977 1013 differentia
1009 969 1267 1008 stellarum,
1299 967 1516 1007 siderum,
1551 970 1590 999 et
1624 970 1862 1000 astrorum.

251 1044 276 1075 1.
333 1044 468 1078 Stellae
478 1042 502 1062 ⁴⁷
530 1050 562 1077 et
587 1044 710 1077 sidera
734 1050 767 1077 et
794 1048 896 1078 astra
923 1045 1006 1078 inter
1032 1058 1067 1078 se
1095 1045 1263 1078 differunt.
1319 1045 1405 1077 Nam
1432 1043 1526 1077 stella
1559 1048 1608 1076 est
1641 1044 1814 1087 quaelibet
1841 1044 2025 1089 singularis.

78 1094 195 1127 Sidera
221 1107 299 1128 vero
326 1103 399 1129 sunt
424 1096 525 1130 stellis
547 1096 697 1140 plurimis
711 1093 732 1112 ’Β
758 1097 864 1138 facta,
893 1102 928 1129 ut
955 1097 1113 1142 Hyades,
1141 1097 1307 1129 Pleiades.

243 1147 277 1182 2.
330 1149 428 1181 Astra
455 1154 564 1181 autem
577 1144 601 1164 ⁴¹³
627 1148 743 1181 stellae
764 1148 925 1192 grandes,
954 1154 990 1181 ut
1017 1148 1143 1189 Orion,
1170 1149 1307 1181 Bootes.
1361 1146 1430 1180 Sed
1458 1145 1545 1180 haec
1574 1146 1708 1179 nomina
1737 1147 1915 1191 scriptores
1943 1158 2026 1182 con-

78 1196 235 1239 fundunt,
264 1204 296 1231 et
323 1205 406 1233 astra
433 1211 496 1245 pro
523 1199 624 1233 stellis
651 1205 683 1232 et
710 1199 819 1232 stellas
846 1211 910 1244 pro
938 1200 1101 1233 sideribus
1128 1205 1268 1244 ponunt.

542 1293 694 1326 CAP.
747 1292 817 1324 Lx.
898 1292 970 1324 De
1008 1293 1206 1325 lumine
1246 1291 1556 1325 stellarum.

242 1361 367 1393 Stellae
395 1372 460 1393 non
488 1361 615 1393 habere
642 1360 818 1404 proprium
843 1360 974 1399 lumen,
1017 1360 1076 1393 sed
1104 1373 1123 1392 a
1151 1360 1222 1393 sole
1250 1359 1429 1393 illuminari
1457 1357 1629 1396 dicuntur,
1666 1358 1748 1392 sicut
1776 1363 1807 1391 et
1835 1359 1920 1391 luna.

544 1453 695 1486 CAP.
748 1453 836 1486 LXI.
916 1452 989 1486 De
1042 1453 1340 1486 stellarum
1392 1447 1550 1484 silum.

243 1521 369 1553 Stellae
397 1521 587 1554 immobiles
614 1526 687 1554 sunt
714 1526 747 1554 et
773 1531 850 1553 cum
878 1521 976 1554 coelo
1004 1521 1089 1553 fixae
1116 1526 1283 1565 perpetuo
1317 1526 1409 1553 motu
1436 1519 1604 1558 feruntur,
1639 1528 1748 1561 neque
1776 1515 1937 1552 caduut⁵¹
1965 1531 2026 1564 per

79 1572 186 1611 diem,
218 1572 275 1604 sed
304 1569 415 1604 5011552
442 1572 624 1617 splendore
651 1573 877 1606 obscurantur.

537 1665 688 1699 CAP.
741 1666 846 1699 Lxll.
926 1665 998 1698 De
1050 1676 1208 1698 cursu
1261 1664 1576 1697 stellarum.

244 1734 363 1767 Sidera
385 1740 495 1767 autem
506 1731 530 1751 ⁵³
552 1734 719 1773 feruntur,
747 1739 803 1767 aut
833 1737 1017 1767 moventur.
1072 1733 1255 1773 Feruntur,
1289 1743 1376 1776 quae
1403 1732 1502 1766 coelo
1530 1731 1595 1763 fixa
1622 1735 1695 1762 sunt
1723 1735 1756 1764 et
1783 1742 1861 1764 cum
1874 1727 1898 1747 ⁵³
1927 1732 2025 1765 coelo

80 1785 265 1818 volvuntur.
317 1785 498 1819 Moventur
525 1797 604 1819 vero
634 1785 820 1829 quaedam,
855 1787 938 1819 sicut
964 1785 1136 1830 planetae,
1178 1784 1213 1817 id
1241 1790 1290 1817 est
1317 1785 1495 1824 erraticae,
1537 1794 1624 1826 quae
1660 1793 1774 1816 cursus
1808 1794 1883 1816 suos
1921 1795 2026 1829 vagos

81 1842 170 1870 certa
196 1834 340 1869 ῑεὶιιιιῡη55
365 1837 563 1870 diffinitione
588 1838 777 1872 conficiunt.

82 1957 141 1973 nuo
156 1945 223 1975 add.
243 1948 298 1973 (ἆυ.
315 1948 345 1976 2.
363 1962 404 1966 —
425 1945 473 1986 97)
499 1947 531 1975 in
553 1953 653 1975 centro
677 1949 781 1986 spatia
804 1948 861 1976 Gu.
880 1949 910 1978 2.
928 1946 963 1975 al.
984 1956 1029 1974 va.
1075 1962 1110 1967 --
1135 1945 1181 1985 39)
1204 1946 1252 1974 Sic
1270 1946 1326 1973 Gu.
1344 1948 1370 1976 1.
1399 1961 1436 1967 -—-
1460 1944 1521 1971 ista
1538 1942 1618 1980 vulg.
1641 1958 1683 1964 —
1719 1943 1767 1980 40)
1793 1943 1842 1971 Sic
1862 1943 1920 1971 Gu·
1940 1947 1963 1974 1.
1986 1959 2027 1965 —-

81 1989 128 2024 28)
158 1987 294 2015 moderat
320 1988 376 2016 Gu.
393 1990 422 2018 2.
451 2004 493 2009 -
525 1989 575 2030 29)
598 1996 624 2017 ec
646 2000 703 2018 om.
727 1991 756 2018 Z.
789 2006 825 2011 -
857 1989 915 2017 ubl.
934 1987 1030 2018 inccd.
1068 1990 1222 2027 percurrit
1238 1989 1320 2026 vulg.
1345 2003 1386 2009 —
1403 1997 1459 2026 per
1474 1991 1542 2015 ante
1557 1986 1665 2014 XXX.
1684 1995 1741 2013 om.
1760 1995 1805 2024 pr,
1831 2001 1873 2006 —
1895 1986 1942 2022 41)
1966 1986 2025 2014 obi-

82 2041 175 2058 ‹tur-su
190 2037 216 2058 et
234 2042 291 2058 non
310 2036 386 2057 recto
404 2030 459 2058 Gu.
473 2033 501 2061 2.
524 2032 560 2062 al,
586 2049 622 2054 —
646 2034 692 2068 30)
717 2033 828 2061 scilicet
844 2043 879 2060 ηε
892 2032 1030 2062 Z,Gu,2.
1073 2032 1152 2059 ciens
1164 2032 1219 2060 Gu.
1238 2034 1264 2062 1,
1278 2033 1306 2062 2.
1331 2041 1378 2069 pr,
1402 2046 1442 2051 —
1467 2030 1516 2065 42)
1539 2029 1631 2056 solem
1653 2028 1689 2056 al.
1712 2037 1769 2057 om.
1791 2044 1831 2049 —
1861 2029 1910 2066 43)
1933 2028 1987 2056 sed
2008 2040 2027 2055 α

82 2084 128 2112 pr.
150 2084 196 2101 va.
221 2092 256 2095 -—
284 2072 403 2101 incedat
418 2074 473 2101 Gu.
488 2076 519 2105 2.
536 2085 582 2114 pr.
600 2085 648 2103 va.
670 2091 711 2096 —
734 2076 780 2114 31)
796 2075 920 2113 eclipsin
936 2075 966 2102 Z.
984 2083 1031 2112 pr.
1074 2074 1134 2102 sole
1157 2075 1331 2102 illuminari
1349 2083 1407 2102 om.
1424 2071 1461 2101 al.
1490 2088 1532 2093 —-
1562 2072 1611 2108 44)
1636 2076 1772 2109 putatur
1793 2071 1848 2098 Gu.
1867 2074 1894 2101 1.
1917 2088 1955 2091 —
1979 2070 2026 2110 45)

82 2126 129 2144 va.
159 2135 195 2138 —
225 2118 270 2153 32)
297 2115 408 2143 Vicina
433 2117 510 2143 enim
531 2118 596 2145 eius
620 2123 662 2145 est
681 2119 713 2146 Z.
738 2136 774 2140 -—
805 2117 933 2146 Vicinus
954 2118 1032 2144 enim
1074 2122 1101 2144 et
1114 2127 1170 2155 pro
1188 2127 1318 2155 eousque
1332 2115 1370 2144 al.
1400 2131 1435 2136 —
1460 2115 1508 2151 46)
1532 2115 1564 2142 in
1580 2119 1714 2141 cenlrlcm
1730 2113 1787 2142 Gu.
1801 2116 1830 2145 2.
1855 2129 1896 2134 —
1919 2114 2026 2140 umbra

83 2165 125 2186 est
144 2169 189 2197 pr.
210 2168 255 2186 va.
283 2174 324 2180 —
352 2155 400 2197 33)
424 2158 473 2186 Sic
497 2159 553 2188 Gu.
569 2162 639 2191 1.2.
662 2171 708 2199 pr.
732 2170 778 2188 va.
809 2176 850 2182 —
877 2160 946 2188 circ.
968 2159 1032 2187 eins
1074 2160 1104 2188 Z.
1121 2159 1178 2188 Gu.
1201 2162 1228 2190 2.
1257 2169 1301 2187 va.
1318 2158 1368 2186 Ar.
1399 2173 1441 2179 --
1471 2156 1518 2197 47)
1542 2156 1638 2184 Stella
1660 2156 1711 2185 Ar.
1743 2172 1785 2176 —
1819 2155 1864 2194 48)
1881 2156 2024 2194 pluribus

82 2201 162 2239 vulg.
192 2217 222 2222 -—
250 2203 295 2235 34)
321 2206 469 2239 exspectat
482 2202 514 2230 Z.
533 2202 589 2230 Gu.
599 2205 628 2233 2.
644 2213 691 2241 pr.
706 2209 851 2241 respectat
868 2202 904 2231 al.
922 2220 959 2224 —-
981 2202 1030 2239 35)
1075 2203 1130 2230 Gu.
1145 2204 1175 2232 2.
1196 2218 1239 2223 —
1261 2202 1308 2238 49)
1334 2200 1419 2238 Vulg.
1442 2205 1514 2227 sunt
1531 2205 1632 2235 astra,
1650 2198 1701 2227 sed
1716 2203 1788 2226 sunt
1805 2208 1862 2227 om.
1879 2199 1933 2226 Gu.
1953 2202 1976 2228 1.
1988 2214 2023 2218 —

83 2254 192 2271 casura
210 2244 266 2272 Gu.
280 2246 308 2275 2.
340 2261 374 2264 -
410 2246 454 2281 36)
478 2244 527 2271 Sic
544 2244 598 2272 Gu.
615 2247 642 2276 1.
670 2261 712 2268 —
742 2246 829 2274 terris
844 2246 969 2273 vicinior
989 2250 1031 2271 est
1073 2244 1118 2283 50)
1143 2244 1192 2272 Sic
1206 2244 1263 2272 Gu.
1281 2247 1308 2275 1.
1333 2259 1371 2265 —
1393 2248 1478 2270 mom
1496 2242 1574 2280 vulg.
1597 2257 1639 2263 —-
1661 2239 1708 2281 51)
1732 2240 1839 2268 cadent
1856 2240 1911 2270 Gu.
1930 2242 1959 2270 22.
1979 2249 2024 2277 pr.

83 2287 162 2324 vulg.
190 2303 231 2308 —
256 2289 300 2319 37)
324 2284 392 2314 inde
413 2291 456 2323 et,
486 2285 538 2314 sed
559 2292 585 2314 et
610 2296 668 2315 om.
694 2288 750 2316 Gu.
768 2292 810 2324 1.,
835 2288 886 2326 qui
909 2286 1032 2316 exhibet
1073 2303 1113 2308 —
1136 2285 1265 2314 candent
1278 2296 1324 2315 va.
1349 2301 1390 2308 —
1413 2284 1460 2324 52)
1484 2285 1571 2322 Vulg.
1590 2295 1609 2312 a
1624 2284 1713 2320 solis,
1740 2283 1791 2312 sed
1812 2294 1832 2310 α
1847 2293 1903 2313 om.
1923 2283 1954 2310 Z.
1969 2282 2023 2309 Gu.

84 2329 213 2363 brevior,
237 2328 319 2366 quod
336 2328 445 2367 recepi.
470 2345 508 2349 —
531 2327 578 2368 38)
597 2330 718 2367 peragit
733 2329 835 2359 addidi
851 2340 866 2359 e
885 2331 915 2358 Z.
935 2330 990 2358 Gu.
1003 2332 1030 2360 1.
1076 2331 1101 2359 1.
1116 2331 1143 2359 2.
1159 2329 1195 2357 al.
1214 2339 1262 2357 va.
1279 2329 1328 2357 Ar.
1353 2347 1391 2351 —
1422 2327 1467 2366 53)
1485 2333 1541 2355 aut
1557 2328 1588 2357 Ζ.
1610 2328 1658 2356 Ar.
1691 2342 1725 2347 —
1759 2324 1807 2363 54)
1831 2335 1899 2352 Cum
1914 2334 1968 2352 0111-
1987 2323 2024 2350 ssl-

85 2375 112 2402 2.
135 2372 203 2408 (sol.
216 2368 294 2410 per.)
319 2372 365 2401 Ar.
381 2382 426 2410 pr.
446 2381 493 2400 va.
520 2388 552 2392 —
581 2373 717 2400 trecenti-9
733 2375 892 2411 Sexaginta
909 2371 1029 2410 gothici.
1073 2387 1114 2392 —
1140 2370 1186 2410 55)
1209 2378 1310 2400 tamen
1336 2381 1391 2400 om.
1411 2370 1467 2399 Gu.
1483 2373 1509 2402 2.

128 2423 217 2451 Gnffl
227 2433 297 2451 MA'r.
321 2433 387 2450 LAT.
407 2423 455 2451 Ill.
1580 2420 1611 2452 R
