2255 2819
210 96 284 130 482

210 195 321 223 autem
343 189 475 231 videris,
502 192 615 221 monet
641 189 785 218 mentem
812 190 845 217 et
865 185 909 217 ad
936 187 1133 220 memoriam
1159 185 1214 221 te¹
1242 189 1382 230 reducit,
1410 194 1445 221 ut
1471 194 1638 224 mortuum
1664 190 1859 225 recorderis,

902 92 1079 127 ISIDORI
1106 93 1290 147 HISPAL.
1317 94 1459 128 EPISC.

1914 190 2132 224 Monumenta
2146 188 2158 208 ²

211 243 322 286 itaque
345 247 378 275 et
404 240 583 274 memoriae
607 248 669 281 pro
697 236 812 268 mentis
840 236 1088 272 admonitione³
1116 239 1235 274 dictae.

376 292 408 325 2.
462 290 625 323 Tumulus
652 288 760 322 dictus
787 290 879 331 quasi
905 296 1035 324 tumens
1062 291 1168 324 tellus.

312 343 551 387 Sarcophagus
579 341 747 373 Graecum
775 346 821 373 est
844 339 1009 384 iioiiien‘²‚
1047 353 1087 375 eo
1122 343 1214 386 quod
1250 353 1393 387 corpora
1423 339 1494 375 ibi⁵
1527 341 1754 383 asumantur⁶;
1788 342 1875 392 σάρξ
1904 346 1990 378 enim
2024 344 2157 379 Graece

210 408 298 438 cam,
327 398 452 441 φαγεῖν
480 392 659 426 comedere
686 391 814 425 dicitur.

371 446 404 478 3.
458 444 637 477 Mausolea
663 449 736 476 sunt
766 444 963 489 sepulchra,
997 456 1053 477 seu
1080 450 1294 478 monumenta
1326 456 1465 489 regum,
1503 458 1521 478 a
1551 445 1730 480 Mausoleo
1763 458 1845 491 rege
1881 443 2156 492 Aegyptiorum²

208 498 305 531 dicta.

361 497 445 529 Nam
474 508 514 530 eo
542 493 726 530 defunctoss
760 508 842 528 uxor
877 498 944 529 eius
979 497 1081 530 mirae
1110 497 1345 541 magnitudinis
1380 502 1412 529 et
1439 497 1696 541 pulchritudinis
1724 498 1878 532 exstruxit
1905 499 2120 544 sepulchrum
2134 494 2156 539 ⁹,

207 549 238 580 in
265 553 404 589 tantum,
426 553 460 582 ut
482 560 586 592 usque
608 547 711 580 hodie
740 549 851 581 onmia
883 554 1097 582 monumenta
1129 549 1274 593 pretiosa
1309 560 1348 581 ex
1379 549 1514 581 nomine
1541 550 1608 581 eius
1625 546 1649 566 ¹⁰
1675 550 1851 583 Mausolea
1880 546 2155 596 nuncupenturu.

372 599 405 633 4.
458 601 607 644 Pyramis
622 596 645 616 ¹²
671 611 777 644 genus
793 597 816 616 ¹³
843 601 1099 645 sepulchrorum
1134 600 1334 644 quadratum
1377 605 1409 633 et
1448 600 1650 645 fastigiatum
1685 602 1771 634 ultra
1805 614 1937 635 omnem
1983 603 2156 636 excelsita-

206 659 272 684 tem
287 648 321 692 ¹⁴,
348 663 434 695 quae
461 653 532 685 fieri
560 663 660 685 manu
687 652 790 696 possit
803 648 836 694 ¹³,
863 652 951 685 unde
979 657 1011 685 et
1038 664 1225 685 mensuram
1241 649 1264 668 ¹⁰
1291 651 1482 684 umbrarum
1512 664 1665 697 egressae
1691 655 1817 687 nullam
1847 655 1974 688 habere
2002 655 2154 687 umbram

206 703 359 737 dicuntur
374 701 407 737 ¹⁷.
469 704 545 737 Tali
568 709 678 736 autem
705 703 859 736 aedificio
877 701 899 720 ¹³

205 755 306 799 ignis3
339 755 410 802 πῦρ
446 756 532 789 enim
560 756 679 789 dicitur
713 756 807 800 ignis

205 807 381 847 montibus,
410 812 466 840 aut
492 807 524 839 in
550 808 716 840 montibus
739 807 992 851 sepeliebantur.

205 858 334 899 fierent,
362 862 417 891 aut
443 859 594 904 ingentes
620 859 797 893 columnae
824 859 1078 893 collocarentur.

630 961 659 995 C
686 962 717 994 A
746 963 782 998 P.
836 963 909 997 XII.
988 962 1063 996 De

1116 961 1419 1007 aedificiis

926 709 1082 749 surgunt,
1111 710 1145 737 ut
1173 716 1191 737 a
1220 705 1288 736 lato
1317 705 1477 748 incipiant
1504 710 1536 738 et
1559 705 1592 736 in
1619 710 1759 750 angusto
1775 703 1796 722 ¹⁰
1823 707 1998 745 finiantur„
2038 701 2156 739 sicut²⁰

862 752 964 788 Has²¹
1001 757 1180 800 Aegyptus
1215 756 1328 789 habet.

1046 808 1128 840 lude
1145 805 1170 825 ²²
1197 813 1335 841 tractum
1374 814 1438 848 est,
1479 813 1514 840 ut
1542 819 1643 853 super
1679 809 1841 842 cadavera
1878 816 1933 843 aut
1965 809 2155 854 pyramides

1382 756 1485 801 Apud
1519 756 1660 789 maiores·
1695 758 1780 790 enim
1817 764 1969 802 potentes
2005 763 2060 790 aut
2095 757 2155 789 sub

1472 963 1718 997 rusticis.

369 1037 400 1069 l.
455 1036 539 1069 Casa
567 1042 615 1070 est
641 1043 772 1082 agreste
799 1039 1028 1072 habitaculum
1056 1040 1139 1083 palis
1169 1045 1268 1082 atque
1299 1039 1449 1084 virgultis
1460 1036 1484 1056 ²³
1508 1039 1789 1083 arundinibusque
1807 1045 2008 1081 contextum,
2036 1040 2155 1083 quibus

204 1088 330 1132 possint
342 1086 367 1106 ²³⁴
394 1087 546 1120 homines
574 1090 657 1121 tueri
684 1102 703 1121 a
732 1090 761 1122 vi
789 1091 933 1135 frigoris,
960 1092 1013 1124 vel
1041 1092 1158 1125 caloris
1182 1091 1309 1125 iniuria.

367 1148 400 1180 2.
456 1148 645 1192 Tugurium
675 1150 786 1182 casula
814 1155 872 1191 est,
902 1163 1002 1194 quam
1030 1152 1155 1186 faciunt
1182 1151 1242 1184 sibi
1281 1150 1435 1183 custodes
1471 1151 1640 1183 vinearum
1678 1150 1722 1182 ad
1758 1151 1905 1195 tegimen
1941 1162 1989 1183 sui

1980 1152 1987 1159 ‘
2001 1148 2027 1168 ²⁵
2061 1151 2155 1193 quasi

202 1199 380 1243 tegurium,
403 1199 469 1231 sive
496 1204 637 1243 propter
664 1201 818 1233 ardorem
848 1202 924 1234 solis
952 1207 984 1235 et
1011 1203 1120 1235 radios
1149 1202 1385 1241 declinandos,
1413 1201 1480 1233 sive
1506 1206 1541 1233 ut
1566 1201 1645 1233 inde
1671 1199 1867 1241 homines²⁶‚
1901 1202 1956 1235 vel
1988 1202 2154 1242 bestiolas,

202 1261 288 1293 quae
315 1251 459 1284 insidiari
486 1251 593 1283 solent
621 1253 702 1285 natis
729 1254 882 1298 frugibus
893 1250 927 1295 ²⁷,
957 1254 1102 1299 abigant.

201 1308 271 1334 tuin
301 1299 455 1348 capiat'ffl.

1158 1255 1256 1287 Hanc
1283 1253 1394 1286 rustici
1423 1249 1644 1297 capannam'ffi
1670 1258 1801 1294 vocant,
1833 1254 1925 1296 quod
1952 1265 2052 1286 unum
2080 1259 2154 1285 tan-

366 1363 398 1397 3.
451 1364 584 1397 Tescua
600 1360 626 1381 ³⁰
656 1364 793 1407 quidam
822 1369 940 1409 putant
962 1376 1031 1397 csse
1059 1365 1212 1410 tuguria,
1239 1364 1378 1408 quidam
1393 1361 1415 1381 3¹
1445 1364 1520 1397 loca
1547 1368 1729 1407 praerupta
1757 1369 1789 1396 et
1813 1375 1940 1409 aspera.

367 1423 401 1458 4.
457 1424 609 1469 Mag-alia
637 1423 789 1458 aedificia
818 1424 1038 1457 Numidarum
1067 1425 1245 1470 agrestium
1275 1426 1443 1468 oblonga,
1471 1424 1613 1456 incurvis
1640 1423 1801 1457 lateribus
1829 1429 1934 1463 tecta,
1969 1425 2061 1468 quasi
2095 1436 2155 1457 na-

204 1472 293 1504 vium
322 1475 452 1507 carinae
479 1482 552 1508 sunt
564 1474 598 1515 ³²¹,
627 1476 694 1508 sive
718 1476 860 1508 rotunda
888 1477 920 1508 in
946 1477 1086 1509 modum
1114 1478 1295 1511 furnorum.

203 1535 320 1568 magar
347 1526 462 1560 Punici
490 1539 609 1560 novam
638 1527 751 1560 villam
780 1528 906 1569 dicunt,
934 1540 997 1560 una
1026 1529 1120 1561 litera
1148 1534 1350 1562 commutata
1378 1528 1389 1559 l
1416 1539 1480 1572 pro
1507 1538 1533 1567 r,
1566 1528 1726 1572 magaria,
1753 1528 1885 1572 tuguria
1927 1554 1931 1559 .

817 1630 845 1663 C
873 1631 903 1664 A
931 1631 966 1664 P.
1021 1631 1112 1664 XIII.

1349 1477 1394 1509 Et
1421 1475 1567 1520 magalia
1594 1475 1701 1516 dicta,
1738 1477 1831 1519 quasi
1870 1477 2038 1521 magaria,
2076 1476 2155 1519 quia

1898 1525 1923 1545 ³³

1197 1631 1276 1664 Dc
1330 1630 1544 1675 agris.

370 1705 401 1737 l.
455 1706 549 1750 Ager
566 1706 684 1739 Latine
712 1708 876 1751 appellari
904 1708 1036 1749 dicitur,
1065 1720 1105 1740 eo
1131 1708 1221 1752 quod
1249 1709 1283 1741 in
1311 1719 1351 1741 eo
1378 1713 1497 1752 agatur
1519 1706 1654 1749 aliquid.
1707 1708 1774 1741 Alii
1802 1719 1921 1752 agrum
1949 1704 2001 1739 :1³⁴
2017 1707 2151 1742 Graeco

206 1755 364 1788 nominari
379 1754 404 1774 ³5
430 1758 632 1791 manifestius
660 1759 809 1792 credunt.

291 1864 320 1901 1)
343 1870 370 1891 te
393 1876 450 1894 om.
475 1876 519 1896 va.
539 1883 579 1889 -—
614 1867 642 1906 Ξ)
667 1869 898 1896 Monumentum
921 1870 952 1899 Z.
978 1885 1020 1890 —
1043 1870 1072 1907 3)
1093 1880 1157 1896 am-

205 1907 307 1935 monit.
332 1907 389 1934 Gu.
413 1911 440 1939 2.
464 1924 502 1928 —
525 1908 556 1949 4)
579 1911 627 1937 Sic
651 1912 680 1939 Z.
705 1912 760 1941 Gu,
789 1915 814 1941 1.
832 1928 873 1932 —
891 1923 998 1940 nomen
1018 1918 1059 1939 est
1077 1913 1156 1949 vulg.

205 1965 245 1970 -
288 1951 315 1983 5)
347 1950 395 1977 Sic
432 1950 487 1978 Gu.
520 1954 545 1982 1.
577 1968 620 1974 —
652 1953 695 1981 ibi
725 1965 806 1992 corp.
844 1955 924 1992 vulg.
964 1971 1006 1975 --
1051 1953 1079 1986 6)
1109 1955 1157 1982 Sic

206 1991 264 2020 Gu.
288 1994 313 2023 1.
338 2007 376 2012 —
401 1992 601 2022 alm-mnarum
630 1997 660 2023 Z.
691 2007 736 2024 va.
767 1999 818 2026 Ar.
842 2014 879 2018 —
905 1997 1025 2025 ‹cd-sum.
1051 1997 1107 2025 Gu.
1128 1999 1155 2027 2.

205 2049 246 2055 -
268 2044 382 2062 assum.
407 2035 484 2071 vulg.
508 2051 549 2057 —
577 2036 606 2076 7)
633 2039 743 2066 (briae
766 2040 851 2067 Arev.
876 2041 976 2069 nescio
1004 2040 1091 2068 unde.
1116 2056 1157 2060 —

206 2075 234 2115 8)
255 2076 316 2114 def.
340 2089 369 2104 ευ
395 2078 424 2105 Z.
449 2093 488 2098 —
512 2076 541 2115 9)
562 2079 609 2106 Sic
633 2081 663 2108 Z.
689 2082 742 2109 Gu.
770 2085 795 2112 l.
815 2083 844 2113 4.
869 2093 970 2120 pr.—
992 2093 1050 2119 sep.
1072 2088 1157 2110 exmia

206 2120 286 2157 vulg.
309 2136 350 2141 —
393 2117 440 2158 10)
464 2119 513 2147 Sic
538 2120 593 2148 Gu.
617 2125 641 2151 l.
661 2125 689 2152 2.
719 2134 762 2161 pr.
784 2134 829 2151 va.
854 2126 903 2153 Ar.
926 2141 968 2146 --
991 2126 1057 2151 eiu-⁹
1080 2135 1157 2152 nom..

206 2162 289 2199 vulg,
301 2177 338 2184 -
366 2165 408 2196 11)
428 2168 643 2200 nuncupantur
655 2174 698 2202 pr,
717 2181 752 2186 —-
780 2166 824 2204 12)
840 2168 887 2194 Sic
903 2168 951 2198 Ar.
965 2185 1000 2189 —
1013 2168 1157 2203 Pirami—

207 2203 260 2231 des
287 2205 318 2232 Z.
350 2204 405 2232 Gu.
426 2207 451 2234 1.
472 2206 499 2235 2.
527 2215 572 2242 pr.
598 2215 645 2233 va.
680 2224 714 2227 —
746 2209 830 2244 Pyra
853 2210 933 2246 vulg.
964 2225 1003 2230 —-
1045 2212 1086 2244 13)
1116 2215 1157 2237 est

204 2257 303 2285 genus
321 2247 412 2284 vulg„
436 2246 487 2274 sed
510 2254 551 2274 est
576 2258 631 2276 om.
654 2248 684 2275 Z.
719 2251 773 2277 Gu.
792 2253 815 2280 1.
835 2252 882 2279 Ar.
909 2269 946 2273 -
985 2253 1027 2282 14)
1053 2252 1100 2279 Sic
1126 2253 1156 2280 Z.

207 2290 292 2320 Gu.1.
310 2291 338 2319 2.
363 2290 411 2318 Ar.
430 2305 472 2310 —
495 2289 702 2317 celsitudinem
726 2292 804 2328 vulg.
829 2309 869 2315 —
910 2292 954 2332 15)
972 2300 1101 2330 possunt
1125 2295 1156 2323 Z.

208 2332 265 2360 Gu.
292 2335 315 2362 1.
335 2334 363 2362 2.
392 2348 433 2352 -ν
474 2334 516 2366 16)
541 2332 625 2369 Vulg.
659 2344 828 2360 mensurum
851 2346 959 2371 unam5
985 2337 1034 2364 sed
1063 2348 1155 2364 unam

209 2384 266 2403 om.
293 2375 348 2403 Gu.
376 2377 400 2405 1.
427 2373 476 2402 Ar.
506 2391 547 2396 -
577 2386 720 2404 mensura
756 2386 820 2404 una
852 2378 884 2407 Z.
916 2394 956 2398 -
992 2381 1038 2414 17)
1058 2380 1156 2416 forus

863 1759 964 1792 Unde
993 1765 1025 1792 et
1053 1760 1131 1792 villa
1159 1760 1291 1794 Graece
1319 1754 1494 1806 χοραγρός
1521 1758 1650 1792 dicitur.

1202 1880 1318 1897 omnem
1349 1866 1574 1904 celsitudinem,
1615 1868 1699 1905 quod
1729 1870 1803 1905 sieri
1831 1878 1926 1896 manu
1951 1873 2050 1907 potest
2082 1867 2150 1897 add.

1203 1914 1257 1940 Gn.
1282 1917 1306 1941 1.
1331 1927 1371 1932 —
1410 1909 1453 1949 18)
1481 1911 1570 1939 Talia
1585 1932 1592 1939 .
1608 1932 1614 1939 .
1629 1910 1773 1948 aedificia
1792 1910 1827 1939 al.
1852 1927 1893 1932 --
1925 1912 1969 1948 19)
1993 1913 2026 1939 in
2048 1920 2151 1949 angu-

1200 1960 1282 1982 stum
1307 1955 1338 1982 Z.
1364 1954 1412 1983 Ar.
1442 1969 1482 1975 -—
1513 1952 1560 1992 ΞΟ)
1582 1954 1675 1980 sicuti
1698 1955 1729 1983 Z.
1755 1970 1793 1975 --
1831 1952 1876 1991 ⁶21)
1902 1954 1969 1981 Hos
1992 1954 2023 1981 Z.
2047 1954 2104 1982 Gu.
2123 1956 2149 1984 1.

1201 2001 1229 2029 2.
1252 2012 1293 2018 ——
1315 1997 1372 2024 lzas
1395 1997 1472 2023 enim
1488 1996 1563 2031 Aeg.
1580 1997 1610 2023 Z.
1635 2012 1676 2018 --
1699 1996 1745 2034 22)
1764 1995 1838 2024 Inde
1854 2019 1860 2026 .
1878 2019 1883 2024 .
1899 2019 1905 2025 .
1923 1997 2027 2025 collos,
2051 2005 2108 2024 om.
2121 1996 2149 2023 Z.

1202 2057 1242 2061 —
1264 2037 1310 2079 23)
1333 2039 1463 2076 virgulis
1485 2039 1516 2068 Ζ.
1543 2055 1577 2059 ·—
1603 2040 1651 2075 24)
1676 2045 1805 2077 possunt
1828 2039 1858 2067 Ζ.
1882 2055 1923 2060 -
1951 2038 1997 2076 25)
2015 2038 2075 2066 sibi
2094 2038 2150 2065 Gu-

1201 2085 1230 2112 2.
1256 2099 1295 2102 -
1334 2082 1378 2121 ἓξ»)
1407 2081 1452 2108 vel
1482 2082 1561 2108 lium.
1594 2081 1623 2109 Ζ,
1654 2091 1700 2110 va.
1724 2080 1772 2111 Ar.
1804 2097 1845 2103 —
1879 2084 1923 2115 27)
1945 2082 2029 2109 natis
2055 2081 2150 2108 solem

1192 2127 1287 2161 frug.
1310 2134 1356 2151 va.
1382 2141 1418 2145 —-
1442 2126 1489 2157 28)
1513 2124 1623 2151 cabaa.
1649 2124 1680 2153 Z.
1705 2141 1746 2145 —
1769 2133 1875 2151 cavan.
1899 2133 1944 2151 va.
1967 2140 2009 2144 —
2036 2124 2083 2160 29)
2101 2132 2150 2150 ca-

1196 2169 1287 2205 piant
1311 2167 1340 2194 Z.
1364 2181 1406 2187 —
1428 2169 1474 2203 50)
1498 2169 1642 2194 Teu-uam
1669 2167 1725 2195 Gu.
1752 2170 1777 2197 1.
1800 2183 1841 2188 —
1870 2166 1984 2204 Tesqua
2006 2166 2058 2195 Ar.
2083 2165 2148 2193 Om.

1202 2209 1277 2236 hane
1300 2210 1426 2245 glossam
1457 2208 1522 2237 cod.
1547 2210 1615 2237 Zilt.
1639 2224 1681 2230 —
1716 2208 1764 2247 31)
1789 2209 1838 2237 Sic
1862 2209 1920 2237 Gu.
1948 2211 1973 2238 1.
1995 2211 2023 2239 2.
2048 2208 2149 2235 Ar.—

1202 2250 1353 2289 quaedum
1383 2251 1459 2285 vulg.
1498 2267 1534 2272 —-
1569 2255 1615 2283 32)
1640 2251 1687 2279 Sic
1710 2252 1741 2279 Z.
1766 2252 1821 2279 Gu.
1850 2255 1874 2282 1.
1898 2254 1926 2282 2.
1956 2261 2002 2279 va·
2024 2265 2065 2270 ——
2087 2250 2147 2276 sint

1200 2294 1281 2331 vulg.
1310 2310 1351 2314 —
1382 2296 1426 2327 33)
1451 2304 1532 2332 mag.
1557 2300 1592 2321 ut
1615 2300 1679 2333 tug.
1710 2295 1765 2324 Gu.
1788 2296 1814 2323 1.
1836 2309 1878 2314 —
1899 2303 1980 2331 mag.
2003 2298 2066 2330 tug.
2090 2301 2147 2320 om.

1200 2337 1231 2365 Z.
1257 2354 1294 2358 —
1327 2335 1372 2374 34)
1396 2347 1415 2363 α
1439 2347 1493 2374 pro
1517 2348 1549 2364 ex
1573 2337 1628 2365 Gu.
1648 2340 1671 2368 1.
1695 2353 1736 2358 —
1753 2347 1812 2374 pro
1835 2345 1881 2364 va.
1902 2350 1940 2356 —-
1967 2332 2015 2374 35)
2030 2337 2148 2362 nomine

1202 2379 1257 2407 Gu.
1286 2381 1311 2409 1.
1341 2394 1382 2400 —
1419 2378 1465 2417 30)
1487 2379 1537 2407 Sic
1569 2379 1626 2408 Gu.
1653 2381 1677 2409 1.
1711 2394 1750 2400 —-
1780 2377 1817 2405 td
1841 2383 1883 2404 est
1912 2377 1992 2414 vulg.
2026 2394 2061 2398 -—
2100 2376 2146 2414 37)
