2264 2830
794 82 1307 119 PRAEFA'HONES.
2012 104 2032 125 v

92 172 231 205 omnibus
257 172 350 206 facilc
377 177 558 219 censeatur,
587 185 644 219 pro
667 186 725 208 sua
752 176 908 220 singulari
937 178 966 209 in
988 188 1037 210 me
1064 179 1283 214 benevolentia
1310 190 1373 213 una
1396 190 1515 213 mecum
1543 192 1583 215 ex
1605 182 1664 216 tide
1688 185 1888 219 vetustissimi
1917 198 2031 221 exem-

91 223 190 266 plavis
226 226 447 269 corrigendum
482 228 639 270 suscepit,
676 229 762 260 cuius
790 240 884 260 causa
920 230 966 272 (ut
1001 230 1030 261 in
1059 233 1241 273 praesentia
1272 234 1514 276 praetermittam
1547 237 1592 266 tot
1618 238 1648 268 et
1675 239 1778 269 tantos
1806 238 2032 273 eruditissimos

91 284 169 307 sane
195 277 299 320 viros,
327 289 403 320 quos
429 280 457 310 in
485 279 543 310 hac
570 279 690 321 inclyta
713 280 837 311 civitate
864 281 937 313 mihi
963 282 1168 315 amicissimos
1193 282 1318 327 paravi)
1344 285 1418 316 nihil
1440 295 1488 317 me
1513 287 1649 328 poenitet
1672 287 1732 320 huc
1754 290 1890 323 venisse.
1944 291 2033 324 Bene

89 326 161 358 vale
190 327 354 362 Musarum
379 330 601 375 patrocinium,
632 334 663 362 ct
685 329 868 374 Cyminium
889 336 974 366 tuum
997 343 1079 365 ama.
1134 334 1270 379 Neapoli
1292 335 1430 372 Kulend,
1451 336 1620 371 Ianuariis.
1643 338 1738 374 Anno
1762 339 1807 375 Μ.
1824 342 1864 376 1).
1881 342 2031 377 ΧΧΧΠ.

998 438 1134 480 Ἄδηλον.

584 503 708 544 Ὀρφεῦ,
732 503 769 536 ου’
791 505 885 545 μόνος
911 509 943 539 ἐκ
966 513 1080 549 νεκρῶν
1102 511 1285 549 παλίνορσον
1308 509 1431 551 (ι’φεῖλας

674 546 736 578 Τιὲν
758 546 868 588 ἄλόχου
891 552 993 591 ψυχάν
1015 551 1090 592 πρὸς
1115 551 1192 591 φάος
1216 552 1369 593 η’ὕκόμου·

584 587 664 621 Ἀλλ’
687 590 735 629 ἐμὲ
760 591 838 631 δήθ’
862 591 1017 633 α’χέρουτος
1040 593 1099 633 v'tp'
1121 595 1226 635 ν’γροῖς
1248 598 1386 636 κείμενον
1408 597 1528 640 ἄντροις

670 635 818 673 Κυμίνιος
841 634 960 672 ζεόντων
982 636 1092 678 ἤγαγεν
1113 639 1155 674 εἰς
1177 638 1316 670 δάπεδον.

966 737 1153 770 Ἀδέσποτον.

582 799 626 831 Ου’
645 799 737 840 μόνον
759 803 893 844 ήρακλῆς
912 818 942 836 τε
964 806 1014 836 καὶ
1035 804 1161 845 Ὀρφεύς
1184 809 1289 844 ζῶντες
1312 808 1341 844 ἐς
1364 807 1439 850 ξῖδου

670 848 721 875 A&
743 847 926 886 κατέβησαν,
953 848 1000 879 ἐπὶ
1027 850 1168 890 κέρβερον
1190 849 1237 889 ἦθ’
1265 850 1382 890 ἄλοχον.

584 886 644 917 Καὶ
666 887 721 927 γάρ
745 887 762 918 ὅ
788 891 933 929 Κυμίνιος
956 891 1088 931 καταβτὶς
1110 892 1277 932 ἐπανήγαγε
1299 898 1370 925 θεῖα

671 930 866 972 (Σωσιπάτρου
888 933 992 973 τεύχη,
1022 932 1176 975 Αέσονίης
1198 935 1220 966 τ’
1243 935 1353 977 ὄνειαρ.

811 1033 916 1074 Scipio
945 1035 1092 1066 Donatus
1124 1037 1315 1070 cosentinus,

584 1097 663 1135 Quod
688 1099 784 1129 nitidus
807 1102 917 1132 volitem
931 1128 937 1138 ,
967 1103 1087 1134 tenebris
1109 1111 1170 1145 post
1193 1112 1273 1147 terga
1295 1104 1397 1137 relictis

668 1141 751 1171 Lotus
775 1150 800 1173 ut
825 1144 931 1174 undanti
957 1146 1067 1175 Lucifer
1089 1147 1218 1183 Oceano,

582 1181 641 1212 Hoc
663 1183 747 1223 ipsum
771 1185 861 1215 ell‘ecit
886 1187 989 1216 sollerti
1013 1189 1097 1219 corde
1120 1189 1267 1229 Cyminus,

666 1225 776 1257 Inl'erno
800 1228 843 1268 qui
867 1239 910 1259 me
933 1230 1013 1260 traxit
1037 1231 1072 1260 ab
1095 1243 1178 1272 usque
1202 1232 1289 1262 Chao.

580 1351 638 1385 Io.
663 1352 855 1388 Pierius
886 1357 1118 1402 Cyminius
1144 1360 1252 1395 Suis
1279 1362 1537 1397 Cosentinis

824 1417 1217 1455 Adulescentibus
1252 1422 1288 1456 S.

83 1489 196 1522 Videte
224 1490 455 1526 Adulescentes
482 1495 744 1544 ingeniosissimi,
779 1505 925 1545 quantum
958 1505 1096 1539 valuerit
1124 1508 1207 1552 apud
1237 1520 1287 1542 me
1314 1510 1457 1543 hortatus
1489 1514 1606 1544 vester.
1665 1511 1749 1544 Nam
1780 1515 1839 1546 etsi
1870 1522 1932 1556 ego
1969 1523 2030 1546 non

81 1551 170 1573 eram
205 1542 256 1574 vel
288 1543 319 1574 in
355 1546 499 1579 maximis
535 1551 786 1593 occupationibus
820 1556 966 1597 promissi
1003 1558 1133 1603 oblitus,
1168 1564 1271 1593 tamen
1299 1562 1348 1594 ubi
1384 1564 1518 1605 prImum
1549 1566 1595 1596 tot
1630 1564 1780 1608 epistolas
1810 1576 1830 1597 a.
1856 1565 1945 1597 vobis
1972 1574 2030 1597 ac—

84 1592 173 1635 cepi,
202 1593 319 1625 relictis
346 1596 439 1629 rebus
467 1599 626 1644 omnibus,
655 1601 837 1637 charisium
863 1609 1140 1650 grammaticorum
1167 1613 1302 1645 omnium
1330 1612 1423 1646 facile
1451 1615 1638 1659 principem,
1673 1626 1732 1658 quo
1766 1617 1796 1648 in
1823 1627 1880 1649 suo
1908 1626 2031 1659 genere

82 1643 161 1676 nihil
190 1644 361 1691 literatius,
395 1648 473 1680 nihil
500 1651 702 1698 elegantius,
737 1656 813 1688 1111111
840 1656 963 1690 demum
990 1661 1102 1693 melius
1135 1668 1285 1707 apparet,
1322 1666 1382 1696 iam
1408 1666 1514 1698 multis
1541 1666 1652 1699 abhinc
1678 1667 1792 1699 seculis
1819 1668 1850 1699 in
1877 1667 2030 1701 altissimo

82 1695 216 1738 pulvere
243 1695 406 1731 defossum
431 1701 520 1734 vobis
548 1703 639 1736 edidi.
692 1706 728 1737 In
756 1716 794 1740 eo
822 1712 925 1742 autem
952 1712 1033 1753 quod
1059 1722 1180 1746 meeum
1208 1716 1416 1758 expostulatis
1442 1728 1552 1761 parum
1578 1718 1766 1762 clementer,
1802 1718 2031 1763 ignoscendum

83 1745 158 1778 mihi
186 1750 277 1790 puto,
307 1749 389 1791 quod
415 1750 455 1782 ad
476 1756 675 1788 constitutam
702 1756 804 1803 diem,
831 1763 864 1792 ut
892 1760 1096 1807 desideratis,
1123 1775 1186 1798 non
1214 1766 1381 1811 redierim,
1407 1770 1491 1801 scitis
1519 1770 1599 1801 enim
1626 1770 1735 1802 literas
1758 1770 1789 1802 in
1813 1780 1907 1803 causa
1931 1769 2030 1802 fuisse

82 1797 157 1829 1111111
183 1798 322 1830 redditas
349 1801 386 1832 ab
418 1802 599 1839 Innocentio
627 1806 779 1853 Chiacio,
807 1811 921 1844 iuvene
949 1816 1090 1858 corporis
1124 1819 1155 1848 et
1184 1818 1277 1850 animi
1304 1818 1425 1851 dotibus
1457 1822 1676 1865 ornatissimo,
1713 1824 1744 1853 et
1769 1822 1870 1853 nostri
1896 1823 2028 1854 nominis

84 1846 204 1891 (palam
231 1860 282 1881 res
310 1849 373 1894 est)
402 1852 572 1889 defensore
599 1861 764 1893 acerrimo.
818 1861 911 1903 Quod
937 1874 1014 1898 vero
1042 1877 1152 1899 rursus
1180 1878 1263 1901 nune
1293 1870 1437 1913 rogando
1465 1871 1647 1915 orandoque
1673 1873 1804 1904 scribitis
1832 1872 1909 1904 nihil
1930 1883 2028 1915 aeque

81 1909 140 1931 vos
168 1909 301 1943 cupere,
330 1913 421 1944 quam
445 1916 495 1938 me
520 1907 601 1941 istuc
628 1910 798 1956 advolare,
827 1923 966 1957 agnosco
996 1919 1026 1948 et
1053 1916 1147 1951 laudo
1174 1919 1371 1953 voluntatem
1398 1926 1560 1967 vestram,
1586 1924 1645 1957 hoe
1673 1933 1796 1967 nanque
1825 1927 1872 1956 est
1898 1923 2027 1956 deside-

80 1951 162 1981 rium
188 1961 246 1993 pro
270 1958 475 1997 praeceptore
502 1959 603 2003 pium,
639 1963 751 2006 quippe
775 1965 825 2007 qui
848 1968 988 1998 vestrum
1015 1970 1183 2002 nonnullos
1211 1981 1332 2003 summo
1360 1972 1464 2007 studio
1486 1984 1666 2019 magnoque
1691 1975 1820 2019 labore,
1847 1979 2028 2019 rumpantur

80 2001 136 2032 ilia
163 1999 279 2034 Codl·is
306 2004 392 2049 istis,
427 2006 468 2038 ad
502 2011 647 2052 optimam
674 2012 801 2058 frugem
828 2016 916 2048 brevi
947 2018 1107 2061 perduxit.
1158 2020 1247 2054 Bene
1280 2023 1405 2068 valete,
1439 2028 1471 2058 et
1503 2036 1523 2058 a
1556 2035 1606 2058 me
1634 2025 1797 2058 Messalae
1830 2036 1899 2060 meo
1926 2026 2026 2059 Bonio

82 2055 196 2094 poetae
228 2055 417 2090 suavissimo
444 2059 580 2094 salutem
607 2066 878 2110 quamplurimam.
932 2068 1069 2113 Neapoli
1094 2071 1233 2115 Kalend.
1259 2073 1384 2107 Ianuar.
1436 2076 1531 2111 Anno
1558 2076 1605 2112 M.
1626 2077 1666 2111 D.
1689 2077 1837 2112 XXXII.

657 2179 821 2211 Leonardi
847 2181 998 2224 Sekiptmi
1026 2185 1067 2214 ad
1099 2186 1275 2219 Cosentiam
1308 2189 1448 2222 Carmen.

657 2246 771 2277 Aemula
795 2248 963 2280 Romulidum
985 2252 1066 2282 niveo
1089 2253 1217 2284 cosentia
1241 2266 1319 2286 curru

702 2288 864 2327 Excelsum,
897 2300 922 2323 ut
946 2304 996 2333 par
1018 2302 1074 2329 est,
1100 2296 1172 2327 etl'er
1193 2298 1227 2327 ad
1250 2305 1323 2329 astra
1346 2307 1432 2341 caput,

664 2329 812 2362 Aeternum
835 2341 946 2373 poteras
968 2338 1082 2377 proprio
1105 2340 1279 2378 praecellere
1299 2348 1392 2382 partu,

703 2372 766 2409 Quo
788 2374 911 2415 Cffbelen
932 2389 1045 2418 superas
1067 2381 1269 2423 Argolicasque
1292 2395 1381 2415 nurus.

659 2414 711 2444 Aut
734 2417 823 2455 magis
846 2419 930 2448 ascito
954 2421 1075 2451 censeris
1098 2424 1158 2453 cive
1182 2424 1310 2463 Cymino,

702 2456 755 2494 Qui
779 2469 859 2490 sacer
880 2461 985 2492 Aonias
1007 2462 1095 2495 haurit
1121 2472 1147 2496 et
1169 2465 1244 2497 efflat
1267 2479 1359 2509 aquas.
