2255 2819
225 89 301 123 418

389 180 422 212 3.
475 178 615 212 Nimbus
643 181 689 208 est
716 175 856 208 densitas
883 177 977 210 nubis
1004 179 1200 222 intempesta
1217 177 1227 196 ¹
1256 175 1314 211 et²
1341 180 1493 219 obscura,
1520 185 1552 212 et
1579 181 1656 213 inde
1692 181 1820 213 nimbus
1836 176 1848 196 ³
1881 192 1899 212 a
1932 181 2028 214 nube.

1190 232 1277 263 Nam
1300 231 1430 274 pluvias
1462 242 1619 265 vocamus
1651 232 1755 265 lentas
1797 237 1829 264 et
1863 232 1956 276 iuges
1983 233 2073 276 quasi
2100 234 2165 267 flu-

226 236 335 265 autem
363 231 466 264 nimbi
493 228 682 274 repentinae
710 230 742 258 et
767 228 968 273 praecipites
994 230 1138 274 pluviae·

225 284 303 327 vias,
329 280 406 317 vel⁴
433 282 526 325 quasi
553 280 698 311 fluentes.

920 85 1098 119 ISIDORI
1134 85 1314 121 HISPAL.
1350 85 1493 120 EPISC.

2083 183 2166 216 Sunt

387 333 421 366 ⁴.
473 332 598 364 lmbres
627 334 737 362 autem
765 333 797 361 et
824 331 867 362 ad
896 331 1000 364 nubes
1028 336 1060 365 et
1087 331 1130 364 ad
1157 332 1284 376 pluvias
1311 333 1487 376 pertinent,
1515 334 1595 368 dicti
1622 332 1663 367 a⁵
1691 335 1825 368 Graeco
1853 334 2037 377 vocabulo,
2070 335 2163 378 quod

223 392 344 420 terram
370 379 550 417 inebriant⁰
582 381 625 414 ad
653 381 919 425 germinandum.

973 383 1025 416 Ex
1051 383 1103 416 his
1132 384 1218 416 enim
1246 389 1364 418 cuncta
1392 390 1554 428 creantur,
1581 383 1694 419 unde⁷
1723 382 1937 419 Lucretiusssz

447 434 507 466 Ex
534 433 611 477 igni
631 436 729 465 terra
756 438 862 479 atque
888 435 1008 468 αηὶηιιι
1033 433 1252 469 naseuntur-⁰
1280 439 1312 468 et
1339 435 1452 468 imbri.

222 487 281 521 Est
306 490 415 518 autern
443 497 563 518 nomen
592 485 771 519 Graecum.

385 535 419 569 5.
473 537 613 570 Grando
642 537 831 581 appellata,
869 537 961 581 quod
997 538 1106 570 fornia
1142 538 1209 570 eius
1245 549 1427 582 granorum
1458 538 1704 572 similitudinem
1735 538 1869 574 habeat.

1924 538 2021 571 Haec
2053 542 2162 571 autem

220 592 393 622 ventorum
411 586 433 605 ¹⁰
460 590 574 633 rigore
588 584 608 604 ¹¹
638 587 798 621 durantur
824 589 857 621 in
885 590 984 630 nube,
1012 601 1051 623 ac
1071 587 1093 606 ¹²
1120 590 1303 622 solidantur
1329 590 1361 622 in
1389 590 1508 631 nivem,
1539 595 1706 634 ruptoque
1734 602 1809 624 aere
1835 590 2016 623 solvuntur.

383 640 419 674 6.
470 638 567 672 Nix¹³
594 652 613 671 a
640 640 740 680 nube,
768 640 856 673 unde
884 641 980 674 venit.

322 691 457 725 Glacies
474 688 498 708 ¹⁴
526 704 544 724 a
570 691 652 736 gelu
672 696 705 724 et
732 703 836 735 aqua,
865 692 957 735 quasi
985 687 1170 736 gelaciesff,
1199 691 1232 724 id
1258 696 1305 724 est
1331 692 1444 736 gelata
1471 703 1557 735 aqua

381 743 416 775 7.
469 740 604 783 Gelu¹⁷,
632 742 724 785 quod
753 754 793 776 eo
812 740 834 759 ’ὅ
857 744 1034 788 stringatur
1060 743 1165 778 tellus.

217 793 298 840 gelu
326 794 496 839 stringitur
523 799 620 833 terra,
649 805 724 827 cum
753 795 850 827 fuerit
873 806 937 827 nox
963 805 1087 827 serena.

381 845 414 878 8.
468 846 588 878 Pruina
610 850 656 877 est
677 846 827 878 matutini
853 847 1013 890 temporis
1040 846 1163 890 frigus,
1191 856 1277 888 quae
1290 842 1314 861 ²⁰
1341 845 1418 878 inde
1445 842 1606 890 pruinae²

456 897 538 943 Πῦρ
560 897 645 930 enim
664 897 759 941 ignis,
787 909 881 930 urere
896 895 921 914 ²²
949 904 980 930 et
1007 897 1050 929 ad
1078 897 1183 929 solem
1210 901 1241 929 et
1269 896 1311 928 ad
1340 898 1445 941 frigus
1473 897 1614 941 pertinet
1627 894 1659 929 ²³¹.

215 896 301 940 ignis
329 896 401 929 urit.

216 947 345 980 diversa
372 948 610 992 significantur,
638 959 701 992 pro
730 960 771 981 eo
798 949 890 992 quod
918 960 1018 981 unuin
1047 948 1204 981 effectum
1237 946 1409 983 habens&

1112 1001 1197 1032 Nam
1225 1004 1258 1032 et
1271 996 1295 1015 ²⁷
1323 1000 1415 1033 calor
1442 1000 1515 1040 urit,
1543 1005 1578 1032 ut
1605 1005 1652 1032 est
1664 997 1704 1033 ²⁹:

217 1004 249 1031 et
275 999 422 1044 frigoris,
450 999 538 1032 unde
566 1005 597 1032 et
618 1005 757 1043 utraque
785 1012 862 1033 saxa
889 1005 1057 1045 rumpunt.

452 1050 575 1083 Uritur
602 1050 727 1095 infelix
753 1051 859 1085 Dido.

215 1101 297 1136 ltem
325 1101 431 1146 frigus
457 1102 532 1142 urit,
559 1106 593 1135 ut
618 1107 665 1134 est
675 1098 716 1135 ²⁹:

1572 688 1604 724 15·

1222 744 1277 788 Γῆ
1303 745 1432 787 quippe
1459 749 1545 776 terra
1572 743 1700 776 (licitur.
1753 743 1852 777 Tunc
1867 748 1978 776 autem
2002 743 2127 774 maiore
2140 738 2162 758 ¹⁰

1610 841 1618 861 ¹
1646 856 1767 878 nomen
1790 845 1938 889 accepit,
1973 845 2050 888 quia
2078 844 2161 877 sicut

1715 897 1801 929 Nam
1829 908 1896 930 uno
1923 907 2074 930 sermone
2092 895 2160 928 duo

1463 949 1585 981 Similis
1621 949 1708 981 enim
1742 949 1788 982 vis
1826 943 1909 982 est²³
1939 953 1970 981 et
2005 944 2160 981 caloris²⁸

439 1152 511 1186 Aut
540 1153 668 1186 boreae
690 1152 913 1198 penetrabile
925 1152 1056 1198 sm‘gus
1083 1152 1227 1184 adurat.

373 1202 406 1236 9.
461 1205 531 1236 Ros
559 1204 727 1237 Graecum
757 1209 814 1245 est,
842 1204 934 1247 quod
962 1204 1011 1236 illi
1039 1199 1191 1249 δρόσος3

213 1260 245 1287 et
257 1251 279 1271 ³¹
309 1265 374 1287 non
398 1255 527 1298 spissus,
550 1260 585 1287 ut
611 1255 734 1298 pluvia.

1193 1200 1204 1218 ⁰
1232 1202 1356 1236 dicunt.

1413 1203 1478 1235 Alii
1502 1215 1554 1235 ros
1582 1209 1698 1248 putant
1726 1204 1861 1242 dictum,
1889 1204 1967 1247 quia
1994 1213 2084 1234 rarus
2101 1207 2159 1238 est.

376 1306 435 1339 10.
489 1306 621 1338 Nebula
635 1303 659 1323 ³²
686 1305 764 1338 inde
786 1305 886 1346 dicta,
914 1305 1003 1337 unde
1031 1309 1063 1336 et
1090 1303 1214 1341 nubila,
1241 1303 1284 1336 ab
1306 1303 1511 1336 obnubendo
1539 1304 1663 1338 scilicet
1678 1301 1713 1344 ³³,
1734 1304 1802 1338 hoc
1816 1310 1864 1337 est
1879 1301 1903 1321 ³4
1927 1303 2112 1348 operiendo
2122 1299 2158 1343 ³⁵,

211 1357 276 1390 sive
303 1357 396 1400 quod
424 1358 527 1390 nubes
554 1358 669 1390 volans
697 1357 807 1391 saciat.

213 1408 293 1450 lum,
320 1409 396 1441 inde
424 1409 522 1442 nives.

211 1509 369 1555 gignatur
391 1510 502 1544 calore
514 1508 548 1543 ³⁰.

375 1560 433 1593 12.
487 1561 665 1594 Tenebrae
692 1561 863 1602 dicuntur,
890 1561 983 1604 quod
1009 1565 1142 1594 teneant
1177 1561 1319 1593 umbras.

489 1460 612 1505 Caligo
643 1461 762 1494 umbra
788 1465 836 1493 est
864 1460 907 1493 de
935 1459 1145 1505 spissitudine
1172 1459 1253 1491 aeris
1281 1458 1412 1492 effecta.

860 1357 1032 1389 Exlialant
1059 1356 1145 1388 enim
1174 1355 1278 1387 valles
1306 1355 1466 1388 humidae
1493 1356 1631 1388 nebulas
1655 1361 1687 1389 et
1714 1356 1796 1388 fiunt
1818 1356 1932 1397 nubes,
1959 1355 2036 1388 inde
2060 1354 2157 1387 nubi-

576 1409 731 1442 Nebulae
759 1414 869 1441 autem
898 1410 964 1441 ima
991 1412 1118 1452 petunt,
1142 1418 1219 1441 cuin
1241 1407 1396 1439 serenitas
1425 1412 1489 1445 θεῖς
1518 1419 1657 1449 sumnia,
1685 1419 1760 1441 cum
1782 1408 1939 1440 nubilum.

1466 1459 1510 1491 Et
1538 1459 1628 1493 dicta
1650 1459 1772 1504 caligo,
1800 1459 1893 1502 quod
1917 1458 2060 1491 maxime
2076 1457 2157 1490 aeris

1374 1559 1465 1592 Nihil
1500 1558 1645 1593 aute1n3⁷
1678 1566 1751 1593 sunt
1782 1561 1957 1602 tenebrae,
1992 1559 2050 1593 sed
2084 1559 2156 1603 ipsa

210 1611 290 1644 lucis
318 1612 466 1645 absentia
493 1614 648 1646 tenebrae
677 1613 841 1654 dicuntur,
868 1613 950 1645 sicut
976 1613 1139 1646 silentium
1164 1624 1230 1644 non
1257 1612 1368 1654 aliqua
1395 1623 1447 1644 res
1475 1617 1542 1653 est,
1570 1612 1627 1644 sed
1652 1613 1708 1645 ubi
1735 1622 1833 1644 sonus
1860 1623 1926 1644 non
1955 1616 2021 1651 est,
2056 1610 2153 1643 silen—

211 1663 292 1696 tium
319 1663 456 1703 dicitur3
483 1664 530 1698 sic
543 1661 568 1680 ³⁸
594 1664 750 1697 tenebrae
773 1676 839 1697 non
867 1665 994 1708 aliquid
1022 1669 1105 1704 sunt,
1132 1663 1190 1696 sed
1219 1663 1276 1696 ubi
1304 1664 1358 1695 lux
1386 1674 1451 1695 non
1473 1668 1530 1703 est,
1557 1664 1714 1696 tenebrae
1739 1663 1902 1696 (licuntur.

374 1714 433 1749 13.
486 1715 616 1748 Umbra
644 1720 690 1748 est
726 1728 782 1749 aer
817 1727 930 1750 carens
964 1716 1046 1752 sole.
1073 1712 1205 1750 Dicta³⁹
1238 1719 1359 1755 autem,
1386 1714 1478 1758 quod
1502 1715 1576 1756 fiat,
1604 1726 1680 1748 cum
1707 1714 1786 1747 solis
1808 1714 1983 1747 obiicimur
1996 1709 2021 1730 ‘¹⁰
2044 1711 2150 1745 radiis.

296 1804 323 1843 1)
348 1807 380 1833 in
402 1812 573 1845 tempestate
595 1808 632 1836 al.
657 1817 704 1836 va.
727 1823 768 1829 —
798 1810 828 1845 Q)
852 1815 877 1835 et
901 1819 959 1837 oin.
982 1819 1028 1837 va.
1052 1825 1093 1828 ——
1129 1807 1158 1846 3)
1196 1809 1275 1846 frig.
1299 1813 1322 1834 et
1339 1806 1383 1834 ml
1396 1808 1450 1835 sol.
1468 1808 1525 1836 Gu.
1541 1809 1568 1837 2.
1588 1816 1633 1844 pr.
1654 1817 1698 1834 va.
1715 1823 1756 1828 —
1778 1805 1824 1844 24)
1840 1806 1971 1833 habeant
1987 1806 2042 1833 Gu-
2058 1807 2088 1836 2-
2105 1815 2151 1834 Vn·

212 1846 306 1874 nimbi
328 1848 381 1875 Gn.
403 1851 430 1878 2.
455 1859 500 1877 va.
514 1867 552 1872 —
576 1850 604 1886 4)
628 1855 652 1877 el
684 1850 728 1878 ed.
749 1850 838 1879 Goth.
861 1867 903 1872 —
926 1852 991 1879 0111.
1009 1851 1066 1879 Gu.
1088 1853 1114 1881 1.
1131 1854 1158 1882 2.

212 1899 258 1928 pr.
274 1906 308 1910 —
326 1889 361 1917 id
374 1897 413 1917 est
428 1900 473 1919 va.
493 1908 529 1913 —
556 1891 583 1930 5)
607 1898 706 1920 autem
723 1892 818 1924 Gu.1.
848 1910 880 1914 —
907 1891 937 1932 6)
962 1894 1010 1922 Sic
1026 1895 1080 1920 Gu.
1096 1895 1159 1923 1.2.

212 1930 316 1970 (supra
338 1931 427 1970 vers.)
448 1949 488 1954 —
509 1933 595 1972 Vulg.
617 1935 774 1965 inebrient.
797 1952 838 1957 --
867 1936 896 1973 7)
921 1935 1001 1964 unde
1024 1942 1049 1963 ει
1068 1935 1159 1972 vulg„

211 1973 263 2002 sed
284 1979 309 2001 et
334 1984 392 2004 om.
419 1975 475 2002 Gu.
497 1977 523 2006 1.
546 1993 588 1998 -—
616 1976 643 2014 8)
667 1978 686 2008 l.
710 1978 730 2014 1,
754 1979 827 2009 715.
850 1994 890 2000 ·--
926 1977 955 2018 9)
975 1989 1160 2017 [Ji-ecrescere

212 2015 330 2045 Lucret.
353 2033 395 2038 —
420 2015 468 2057 10)
491 2024 592 2046 ventus
616 2020 670 2047 Gu.
689 2023 713 2050 1.
736 2036 777 2042 -
801 2018 846 2059 11)
865 2023 964 2059 rigore
980 2032 1037 2050 om.
1053 2021 1109 2049 Gu.
1132 2023 1158 2051 1.

213 2075 252 2081 -—
276 2057 324 2097 12)
347 2065 374 2086 et
396 2069 442 2087 Va.
463 2075 505 2080 —
536 2060 579 2098 13)
603 2067 702 2089 aulem
725 2062 794 2093 add.
819 2073 865 2091 va.
887 2058 929 2086 4-
960 2063 1008 2105 14)
1035 2069 1061 2092 et
1089 2063 1160 2100 gla-

213 2102 271 2128 cies
300 2101 355 2130 Gu.
379 2104 404 2132 1.
427 2103 456 2132 2.
485 2118 527 2123 -
570 2101 615 2142 15)
642 2105 801 2142 gelaquies
827 2105 876 2135 Ar,
913 2124 954 2128 —
1000 2105 1046 2144 16)
1072 2106 1159 2143 ἑξείη-

213 2149 260 2171 tae
282 2154 381 2182 aquae
396 2143 452 2171 Gu.
470 2146 498 2174 2.
514 2153 561 2172 va.
576 2161 618 2166 —
643 2145 686 2186 17)
707 2147 800 2174 Gelas
823 2148 878 2176 Gu.
893 2152 921 2180 2.
939 2165 973 2170 -—
985 2148 1088 2186 gelum
1112 2158 1157 2186 pr.

214 2202 254 2207 —-
277 2192 378 2214 aulem
405 2185 473 2216 add.
496 2186 586 2224 vulg„
617 2187 669 2216 sed
692 2199 749 2218 om.
773 2190 828 2218 Gu.
852 2193 878 2221 1.
900 2208 941 2213 —
976 2190 1022 2230 18)
1045 2202 1076 2218 eo
1100 2201 1159 2219 om.

214 2237 260 2256 va.
291 2245 330 2250 —
371 2228 415 2267 19)
438 2228 486 2256 Sic
515 2229 571 2257 Gu.
595 2231 621 2258 1.
650 2245 692 2251 --
723 2233 832 2259 maiori
854 2234 934 2271 vulg.
957 2249 998 2254 -—
1033 2236 1077 2265 QO)
1108 2233 1157 2260 Sic

215 2270 271 2298 Gu.
289 2272 315 2301 1.
339 2286 380 2291 -
402 2269 485 2309 quod
510 2270 591 2308 vulg.
614 2287 654 2293 —
678 2277 703 2299 et
733 2273 802 2301 inde
831 2275 867 2302 al.
890 2292 931 2297 —
969 2276 1014 2311 21)
1038 2277 1157 2312 pruina

216 2312 272 2341 Gu.
291 2316 317 2342 1.
344 2329 382 2333 -
411 2314 457 2350 22)
480 2314 558 2341 enim
581 2313 638 2342 Gu.
661 2316 687 2344 1.
714 2316 742 2344 2.
763 2325 807 2343 va.
829 2333 870 2338 -—
894 2317 961 2346 add.
985 2327 1051 2344 veru
1074 2318 1155 2355 vulg.

215 2354 272 2382 Sed
309 2354 500 2384 omittendam
527 2365 632 2385 censeo
669 2356 857 2395 particulam.
897 2375 939 2382 —-
979 2357 1028 2398 23)
1057 2365 1082 2387 et
1114 2358 1159 2387 ad

1206 1866 1240 1871 -
1265 1851 1313 1886 25)
1337 1849 1384 1877 Sic
1408 1850 1464 1877 Gu.
1482 1853 1508 1881 1.
1525 1852 1554 1881 2.
1580 1859 1624 1886 pr.
1648 1859 1693 1877 va.
1719 1849 1848 1886 Ar.vulg.
1865 1855 1906 1876 est
1926 1850 1980 1877 ris.
1995 1864 2035 1870 --
2057 1848 2103 1886 26)
2125 1854 2151 1876 et

1203 1893 1316 1920 caloris
1338 1903 1393 1920 oui.
1418 1902 1465 1922 va.
1487 1908 1529 1914 —
1558 1891 1606 1931 27)
1630 1898 1655 1919 et
1677 1902 1733 1919 om.
1757 1892 1813 1920 Gu.
1836 1894 1867 1922 2.
1890 1901 1935 1920 va.
1959 1891 2008 1920 Ar.
2031 1906 2073 1912 —
2105 1890 2151 1929 23)

1203 1935 1283 1973 Virg.
1308 1934 1379 1964 Aen.
1403 1935 1452 1971 1V,
1475 1936 1527 1965 68.
1552 1950 1586 1954 —
1623 1935 1670 1971 29)
1695 1934 1775 1971 Virg.
1798 1934 1904 1971 Georg.
1927 1934 1949 1970 I,
1973 1936 2021 1964 93.
2037 1949 2080 1954 —
2102 1932 2150 1969 30)

1203 1975 1312 2017 δρόσος
1334 1988 1391 2007 om.
1414 1987 1461 2007 va.
1475 1993 1517 1997 —
1537 1976 1585 2012 31)
1609 1976 1657 2004 Sic
1681 1977 1738 2005 Gu.
1749 1980 1778 2008 2.
1793 1987 1837 2015 pr.
1853 1986 1901 2006 va.
1915 1993 1958 1998 —
1977 1981 2004 2004 et
2026 1986 2086 2003 non
2108 1980 2149 2002 esc

1202 2031 1245 2058 sp.
1268 2021 1325 2048 Gu.
1344 2023 1372 2052 1.
1395 2035 1437 2041 —
1462 2029 1554 2047 rarus
1575 2025 1626 2054 est,
1651 2030 1710 2047 non
1732 2030 1777 2057 Sp-
1803 2019 1884 2055 vulg.
1908 2036 1946 2040 -
1976 2020 2023 2054 32)
2049 2017 2147 2045 Nebu-

1203 2064 1251 2090 lae
1275 2084 1282 2092 .
1307 2084 1314 2091 .
1338 2061 1438 2090 dictae
1459 2072 1506 2090 va.
1532 2077 1568 2082 —
1599 2060 1646 2101 ,33)
1669 2062 1783 2089 seilicet
1808 2061 1909 2090 addidi
1933 2071 1948 2089 e
1972 2061 2029 2090 Gu.
2053 2062 2078 2090 1.
2100 2070 2148 2098 pr.

1202 2116 1248 2135 va.
1274 2121 1310 2126 —
1335 2105 1374 2133 ab
1404 2114 1460 2134 om.
1485 2105 1540 2132 Gu.
1567 2107 1593 2134 1.
1622 2119 1665 2125 ·—
1703 2103 1748 2142 34)
1773 2103 1808 2131 id
1824 2109 1865 2131 est
1889 2104 1944 2131 Gu.
1966 2105 1995 2133 2.
2026 2118 2068 2124 —
2102 2104 2147 2139 35)

1201 2154 1312 2176 terram
1335 2146 1402 2175 add.
1432 2147 1526 2184 vulg„
1557 2146 1639 2184 quod
1662 2157 1717 2177 om.
1743 2146 1798 2175 Gu.
1822 2149 1849 2176 1.
1871 2162 1912 2168 -·
1946 2143 1995 2184 36)
2019 2145 2068 2173 Sic
2091 2144 2145 2172 Gu.

1204 2193 1232 2220 1.
1254 2206 1296 2212 —
1319 2190 1419 2217 calore
1445 2191 1531 2228 giga.
1555 2189 1637 2226 vulg.
1660 2205 1702 2210 ——
1721 2189 1866 2227 gignilur
1887 2199 1933 2217 va.
1959 2204 2001 2209 —
2027 2186 2075 2224 37)
2097 2186 2144 2214 Sic

1201 2233 1257 2260 Gu.
1275 2235 1302 2264 1.
1320 2235 1349 2263 2.
1372 2242 1416 2260 va.
1440 2233 1489 2261 Ar.
1527 2249 1562 2253 —
1595 2232 1674 2259 enim
1694 2232 1775 2269 vulg.
1800 2247 1837 2252 —-
1866 2229 1916 2270 33)
1938 2232 2019 2257 sieut
2041 2229 2098 2256 Gu.
2117 2230 2144 2259 1.

1199 2290 1242 2296 —
1275 2272 1324 2314 39)
1347 2275 1397 2302 Sic
1420 2274 1477 2303 Gu.
1508 2277 1536 2306 1.
1560 2284 1604 2312 pr.
1628 2284 1674 2302 va.
1695 2289 1737 2295 —
1756 2275 1886 2302 Dictum
1908 2272 1988 2309 vulg.
2021 2286 2062 2292 -—
2097 2270 2142 2304 40)

1200 2317 1331 2345 obicitur
1354 2317 1408 2345 Gu.
1427 2319 1454 2348 1.
1478 2333 1518 2339 —
1546 2315 1592 2354 41)
1615 2316 1665 2344 Sic
1686 2316 1743 2345 Gu.
1761 2318 1788 2346 1.
1811 2326 1856 2354 pr.
1880 2325 1916 2343 va
1939 2313 1990 2344 Ar.
2007 2329 2049 2335 —-
2064 2318 2143 2340 certa

1199 2359 1281 2398 vulg.
1305 2376 1346 2381 —
1380 2358 1425 2398 42)
1447 2360 1582 2387 locorum
1604 2359 1643 2389 al.
1665 2375 1705 2379 —
1729 2366 1886 2396 corporum
1900 2365 1944 2384 va.
1960 2371 2001 2379 -—
2022 2355 2070 2393 43)
2094 2355 2141 2383 Sic
