2203 2829
173 79 247 119 242

335 176 372 211 4.
423 176 539 210 Helias
572 176 807 221 interpretatur
846 178 1010 213 Dominus
1044 181 1146 216 Deus.

855 84 1037 120 ISIDORI
1070 86 1252 120 HISPAL.
1289 87 1433 124 EPISC.

1212 182 1264 215 Ex
1293 182 1393 215 futuri
1427 180 1549 227 igitur¹
1579 184 1757 228 praesagio
1791 184 1838 217 sic
1870 188 2007 218 vocatus
2043 180 2122 217 est².

170 230 258 263 Nam
287 229 368 262 dum
396 229 610 262 altercaretur
636 230 667 261 in
694 230 858 264 sacrificio
887 242 963 264 cum
991 233 1243 278 quadringentis
1269 234 1496 267 sacerdotibus
1522 235 1618 276 Baal,
1647 236 1801 269 invocato
1828 236 1962 268 nomine
1988 236 2124 269 Domini

171 281 346 315 descendit
370 280 458 325 ignis
486 280 529 312 de
556 277 677 313 coelo³
705 293 805 326 super
831 282 1078 319 holocaustum.

171 335 258 368 ciem
283 343 378 366 suam
407 337 439 364 et
464 328 548 364 ait⁴z
575 332 750 366 Dominus
776 334 850 379 ipse
878 339 927 368 est
953 335 1062 369 Deus.

1132 286 1234 326 Quod
1270 297 1345 319 cum
1374 286 1506 319 vidisset
1529 287 1635 320 omnis
1662 287 1824 332 populus,
1861 287 1985 322 cecidit
2011 287 2044 319 in
2070 287 2125 320 fa-

336 382 370 415 5.
423 383 475 415 Ex
503 382 567 416 hac
595 382 720 428 ἰςίῑιιτ5
748 396 845 419 causa
873 387 939 419 tale
960 389 1049 432 prius
1078 399 1199 421 nomen
1227 388 1368 433 accepit,
1397 400 1460 432 pro
1488 401 1527 422 eo
1556 390 1649 433 quod
1673 402 1735 435 per
1757 401 1832 422 eum
1854 395 1970 435 postea
1991 400 2123 434 cogno—

170 435 253 469 verit
278 435 426 479 populus
454 435 637 469 Dominum
664 436 784 472 Deum.

837 438 933 472 Idem
960 446 992 472 et
1019 440 1115 472 sortis
1137 441 1298 473 Dominus

1310 438 1321 455 ¹⁵
1348 441 1591 485 interpretatur,
1619 442 1673 475 vel
1700 448 1842 487 propter
1866 442 1959 486 quod
1986 441 2123 474 eosdem

171 487 361 521 sacerdotes
388 484 590 528 interfecit⁷,
625 488 679 520 vel
705 495 846 534 propter
872 491 966 534 quod
993 491 1116 524 Achab
1140 493 1371 525 adversitatem
1400 493 1560 525 toleravit.

334 537 367 570 6.
422 537 596 572 Helisaeus
632 540 766 573 Domini
801 541 887 574 salus
923 543 1173 587 interpretatur,
1209 544 1413 577 vocabulum
1450 551 1560 576 autem
1596 541 1649 577 et⁵3
1677 544 1767 578 idem
1796 555 1835 577 ex
1869 539 1994 577 futuri⁹
2021 555 2122 588 prae-

168 588 262 633 sagio
307 589 452 634 suscepit
463 586 502 631 ¹⁰,

167 640 312 673 salvavit.

334 691 367 726 7.
422 691 556 725 Nathan
580 693 693 736 dedit,
722 695 789 728 sive
814 696 928 729 dantis.

270 744 370 776 Isaias
383 741 404 760 ¹²
432 745 667 789 interpretatur
693 747 837 779 salvator
865 748 1007 782 Domini.

557 590 702 635 denique
747 597 779 625 et
813 594 932 626 multas
968 596 1100 628 virtutes
1141 596 1236 640 fecit,
1290 602 1322 628 et
1356 596 1480 628 famem
1522 596 1690 640 repellens

1062 749 1106 781 Et
1133 749 1262 781 merito.

1703 592 1725 612 ¹¹
1760 596 1927 642 populum
1961 607 1980 628 a
2014 600 2121 628 morte

1540 745 1563 766 13

1318 748 1527 783 salvatorem
1590 749 1677 782 enim
1706 750 1931 783 universarum
1959 749 2120 794 gentium,

167 794 302 838 eiusque
329 801 534 829 sacramenta
562 798 724 841 amplius,
753 810 853 842 quam
882 800 1004 833 caeteri
1031 796 1245 844 praedicatu.

332 846 366 880 8.
419 847 575 880 Ieremias
603 850 750 883 excelsus
777 851 931 894 Domini,
966 863 1029 897 pro
1067 863 1106 885 eo
1141 851 1233 895 quod
1262 851 1388 885 dietum
1417 857 1463 885 est
1491 852 1537 885 ei:
1574 850 1745 885 Constitui
1756 847 1780 869 ¹⁵
1806 855 1839 885 te
1865 862 1971 898 super
1996 855 2121 897 gentes

166 900 199 930 et
225 907 354 943 regna.

332 949 366 982 9.
394 950 557 984 Ezechiel
584 952 746 986 fortitudo
774 954 847 989 Dei.

268 1000 387 1034 Daniel
416 1002 575 1035 iudicium
604 1004 679 1047 Dei,
707 1007 774 1038 sive
802 1007 881 1049 quia
909 1007 940 1039 in
969 1007 1240 1050 presbyterorum
1266 1005 1389 1038 iudicio
1418 1007 1613 1039 sententiam
1638 1005 1768 1038 divinae
1796 1006 2042 1038 exanimationis
2063 1017 2121 1039 ex-

164 1050 290 1092 hibuit,
318 1053 399 1086 dum
428 1060 560 1098 reperta
589 1067 705 1088 eorum
731 1058 874 1089 falsitate
902 1059 1086 1091 Susannam
1115 1058 1157 1090 al)
1185 1058 1315 1089 interitu
1342 1057 1512 1099 liberavit,
1544 1059 1612 1090 sive
1639 1058 1732 1100 quod
1767 1058 1907 1090 visiones
1921 1055 1943 1075 ¹⁶⁵
1971 1064 2002 1091 et
2030 1068 2120 1090 som·

163 1104 237 1144 nia,
265 1105 382 1146 quibus
409 1117 471 1149 per
494 1106 603 1150 sigilla
620 1103 641 1123 ¹⁷
668 1109 834 1150 quaedam
864 1107 933 1141 etffi
959 1110 1147 1154 aenigmata
1169 1109 1437 1141 monstrabantur
1465 1110 1574 1142 sutura

1589 1106 1628 1149 ¹⁹,
1657 1110 1769 1154 sagaci
1797 1115 1907 1142 mente
1933 1108 2121 1143 discernens

163 1155 303 1199 aperuit.
348 1156 415 1189 Hic
444 1162 476 1189 et
503 1157 744 1192 desideriorum
770 1161 819 1192 vir
845 1161 1032 1205 appellatus
1060 1158 1152 1201 essm,
1181 1161 1257 1203 quia
1282 1172 1405 1205 panem
1417 1158 1438 1177 ²¹
1469 1161 1625 1194 desiderii
1646 1173 1711 1193 non
1740 1157 1924 1194 comedit²²
1951 1167 1983 1193 et
2009 1161 2120 1194 viuum

163 1207 453 1252 concupiscentiae
481 1220 545 1240 non
574 1210 666 1241 bibit.

330 1258 387 1290 10.
441 1258 535 1292 Ozee
568 1260 713 1292 salvator
749 1266 805 1293 aut
832 1262 960 1294 salvans
994 1258 1276 1306 interpretatur2.

162 1309 207 1341 ob
236 1309 359 1342 crimen
388 1307 634 1343 idololatriae²⁴
662 1311 914 1356 prophetasset,
952 1313 1066 1346 domui
1095 1313 1199 1346 Indae
1233 1313 1371 1345 salutem
1409 1310 1684 1357 pronunciavitffi.

1256 1258 1267 1277 Ὗ
1330 1261 1419 1293 Dum
1448 1262 1534 1294 enim
1566 1263 1647 1295 iram
1676 1262 1737 1296 Dei
1765 1263 1796 1294 in
1823 1262 1989 1307 populum
2018 1263 2119 1296 lsrael

1740 1315 1883 1357 Propter
1907 1315 1999 1357 qnod
2027 1315 2119 1347 Eze-

162 1360 255 1394 chias
283 1373 339 1394 rex
365 1361 470 1405 luda,
502 1363 638 1395 sublatis
665 1363 780 1404 idolis,
809 1376 895 1407 quae
922 1365 1163 1410 praecedentes
1191 1376 1288 1410 reges
1321 1362 1647 1407 consecraverantffi,
1683 1365 1846 1410 templum
1874 1365 2009 1398 Domini
2037 1377 2118 1410 pur-

162 1423 260 1456 gasse
287 1424 327 1446 ac
357 1414 549 1456 purificasse
579 1415 824 1447 demonstratur
837 1413 870 1451 Ἠ,

162 1513 233 1547 lum
257 1512 430 1557 resonat²⁹‚
459 1517 667 1561 etymologia
694 1518 829 1552 incerta.

332 1565 388 1600 12.
443 1567 549 1599 Amos
577 1568 724 1613 populus
752 1570 892 1603 avulsus.

441 1465 538 1497 lohel
567 1466 727 1499 Dominus
756 1467 864 1508 Deus,
902 1469 969 1501 sive
998 1468 1158 1512 incipiens
1194 1467 1286 1507 Deo,
1322 1467 1374 1499 vel
1402 1467 1464 1499 suit
1491 1467 1563 1499 Dei.

1618 1467 1697 1501 Hoc
1707 1464 1732 1484 ²3
1760 1467 1845 1500 enim
1875 1468 1942 1501 eius
1968 1469 2119 1502 vocabu-

945 1569 1131 1614 I'rophetia
1160 1569 1245 1601 enim
1275 1569 1342 1601 eius
1369 1568 1412 1601 ad
1441 1569 1607 1612 populum
1632 1569 1691 1601 suit
1720 1570 1840 1611 Israel,
1877 1568 1994 1614 quia³⁰
2021 1572 2115 1605 avul-

163 1627 215 1649 sus
243 1621 314 1649 erat
341 1629 360 1649 a
388 1617 552 1660 Domino,
579 1625 611 1651 et
639 1620 744 1652 aureis
772 1622 899 1654 avitulis
927 1622 1107 1660 serviebat,
1135 1621 1201 1653 sive
1230 1621 1358 1653 avulsus
1384 1632 1401 1652 a
1430 1631 1536 1664 regno
1559 1620 1665 1664 stirpis
1694 1621 1812 1653 David.

331 1669 390 1703 13.

251 1771 275 1801 1)
300 1769 347 1796 Sic
372 1770 427 1797 Gu.
447 1773 473 1801 1.
497 1781 542 1809 pr.
564 1781 610 1799 va.
633 1783 702 1810 ergo
725 1773 805 1807 vulg.
830 1789 871 1794 ·-—
900 1774 928 1812 2)
952 1774 1000 1802 Sic
1017 1775 1073 1802 Gu.
1093 1777 1119 1805 1.

163 1812 194 1842 2.
223 1808 278 1848 (est
295 1812 366 1847 om.)
391 1819 514 1841 vocatur
537 1815 617 1851 vulg.
646 1831 687 1837 —
716 1818 744 1852 3)
769 1817 817 1843 Sic
841 1816 896 1844 Gu.
915 1819 941 1847 1.
969 1833 1001 1838 —-
1031 1817 1118 1854 Vulg.

163 1850 200 1879 de
223 1853 302 1880 coelo
326 1855 407 1892 ignis
426 1871 467 1876 --
489 1856 520 1892 4)
546 1859 558 1887 1
585 1858 655 1895 Reg.
682 1859 738 1895 18,
763 1860 812 1889 39.
838 1876 875 1881 —
900 1862 928 1893 5)
953 1859 1000 1887 Sic
1018 1860 1073 1888 Gu.
1092 1863 1120 1890 1.

163 1904 210 1933 pr.
241 1904 288 1924 va.
317 1896 368 1925 Ar.
395 1908 463 1935 ergo
493 1898 573 1936 vulg.
596 1916 637 1920 —
665 1902 693 1935 6)
718 1902 849 1928 Domini
872 1901 923 1929 Ar.
946 1917 987 1923 —
1017 1905 1044 1935 7)
1072 1901 1120 1930 Sic

165 1938 224 1966 Gu.
246 1941 323 1968 1.—
346 1939 435 1977 Vulg.
459 1942 608 1978 interfecit
633 1942 750 1970 eusdem
767 1955 813 1970 ,ςαι
823 1943 883 1972 erd.
904 1960 936 1964 —
966 1945 997 1981 8)
1022 1950 1047 1971 et
1071 1945 1121 1972 ad-

163 1979 226 2008 didi
249 1990 264 2010 e
287 1981 344 2010 Gu.
366 1984 391 2012 1.
408 1985 436 2013 2.
466 1993 509 2021 pr.
545 2002 582 2006 ——
618 1983 778 2023 9)s111u1·0
803 1987 858 2014 Gu.
875 1989 903 2017 2.
927 1996 971 2024 pr.
1003 2005 1040 2009 —
1075 1986 1118 2023 10)

164 2024 279 2060 accepit
310 2024 358 2052 Ar.
389 2040 430 2045 ·—
467 2028 513 2062 lt)
538 2026 585 2054 Sic
612 2028 669 2056 Gu.
696 2031 722 2059 1.
745 2029 859 2066 pellens
890 2029 971 2066 vulg.
999 2045 1041 2050 —
1073 2034 1118 2061 12)

162 2065 281 2096 Esaias
295 2076 339 2105 pr.
363 2076 459 2095 va.—
485 2070 528 2101 15)
552 2069 599 2096 Sic
618 2070 673 2097 Gu.
693 2073 718 2100 1.
735 2082 781 2100 va.
799 2072 899 2101 Ar.—
915 2072 1053 2099 salrator
1076 2078 1117 2098 avt

164 2109 243 2136 enim
265 2109 345 2146 vulg.
376 2126 416 2131 —-
458 2108 713 2148 14)p1·aedica1>tt
745 2114 798 2141 Gn.
820 2117 849 2144 2.
879 2114 916 2142 al.
936 2114 1118 2152 praedicunt

164 2150 203 2179 al.
226 2160 271 2189 pr.
294 2168 333 2174 —
369 2151 410 2189 15)
436 2153 512 2179 Ecce
533 2155 679 2182 constitui
702 2161 729 2182 le
752 2157 789 2184 al.
815 2156 911 2184 Locus
943 2162 986 2185 est
1016 2157 1117 2185 ierem.

165 2195 194 2228 1,
219 2196 270 2224 10.
293 2211 331 2215 -
357 2193 400 2232 16)
422 2196 484 2222 Dei
510 2195 575 2224 add.
601 2196 636 2226 al.
654 2213 689 2217 —
718 2200 763 2233 17)
786 2199 833 2226 Sic
856 2199 962 2237 scripsi
986 2209 1001 2227 e
1025 2200 1114 2227 vesti-

164 2235 218 2273 giis
242 2236 297 2264 Gu.
317 2240 344 2268 1.
367 2237 396 2264 in
421 2247 479 2275 quo
504 2243 546 2266 est
569 2240 711 2277 singula,
739 2240 817 2269 unde
842 2243 929 2270 Arev.
953 2242 1035 2278 sigla
1059 2252 1113 2270 su-

164 2277 306 2316 spicatur.
330 2295 370 2301 —-
395 2282 437 2316 lb)
461 2285 487 2307 et
511 2291 567 2309 om.
593 2282 728 2312 Gu.1.2.
750 2298 792 2304 —
817 2286 860 2315 19)
884 2284 933 2312 Sic
954 2285 1051 2316 Gu.1.
1072 2300 1115 2307 —

164 2319 250 2359 Vulg.
270 2322 331 2357 fut.
360 2327 485 2352 mrmstr.
508 2339 550 2345 —
579 2322 626 2363 ΞΟ)
649 2329 690 2350 est
717 2334 773 2352 om.
797 2326 854 2355 Gu.
873 2329 902 2358 2.
919 2344 956 2348 ——
989 2330 1033 2363 21)
1052 2339 1115 2365 pa-

164 2373 215 2391 nes
237 2364 275 2393 al.
292 2379 333 2386 —·
355 2367 399 2397 22)
423 2366 471 2393 Sic
495 2366 549 2394 Gu.
569 2368 595 2397 1.
620 2365 818 2395 manducavit
841 2368 921 2405 vulg.
938 2385 977 2390 —
1002 2372 1046 2406 2¹3)
1063 2372 1116 2397 in-

165 2410 347 2444 terpretatur
369 2406 472 2436 addidi
497 2418 512 2437 e
537 2408 593 2438 Gu.
618 2411 643 2439 1.
667 2409 706 2438 al.
736 2426 774 2431 —
805 2408 851 2449 24)
875 2410 1038 2440 idolatriae
1060 2413 1115 2440 Gn.

443 1670 578 1703 Nahum
614 1669 806 1716 gemens³¹,
841 1673 908 1706 sive
938 1674 1137 1707 consolator.

1201 1673 1357 1716 Increpat
1398 1672 1484 1704 enim
1519 1671 1686 1706 civitatem
1721 1672 1936 1717 sanguinum,
1977 1678 2010 1706 et
2039 1679 2116 1718 post

1166 1776 1192 1804 1.
1213 1777 1240 1805 2.
1264 1783 1309 1811 pr.
1334 1782 1380 1800 va.
1406 1788 1439 1793 —
1471 1772 1516 1809 525)
1535 1774 1770 1810 praenuntiavit
1794 1772 1846 1801 Ar.
1872 1791 1909 1795 —
1940 1772 1985 1811 26)
2009 1784 2116 1802 conse—

1163 1821 1324 1843 craverunt
1349 1815 1404 1842 Gu.
1425 1817 1452 1845 1.
1467 1830 1508 1835 -
1531 1814 1578 1852 27)
1601 1816 1649 1842 Sic
1668 1817 1724 1845 Gu.
1744 1818 1768 1846 1.
1792 1831 1833 1836 —
1857 1815 1942 1853 vulg.
1965 1822 2115 1844 monstra-

1164 1864 1223 1886 tur.
1247 1874 1287 1879 —-
1307 1857 1353 1894 2⁷8)
1378 1859 1463 1885 llaec
1487 1857 1536 1885 Ar.
1553 1873 1596 1878 —
1619 1856 1666 1896 29)
1690 1858 1739 1885 sic
1764 1858 1819 1885 Gn.
1838 1861 1862 1888 1.
1882 1860 1911 1888 2.
1935 1868 1981 1888 va.
2001 1860 2049 1887 Ar.
2066 1871 2114 1888 re—

1164 1907 1291 1929 sonatur
1314 1900 1394 1937 vulg.
1426 1916 1466 1921 —-
1496 1897 1544 1939 30)
1568 1900 1617 1927 Sic
1641 1902 1698 1929 (ἆυ.
1718 1903 1741 1930 1.
1773 1901 1848 1939 quia
1878 1901 1942 1928 iam
1971 1901 2050 1939 vulg.
2074 1919 2113 1924 --

1165 1947 1220 1982 qui
1243 1946 1307 1972 iam
1329 1943 1399 1971 edit.
1423 1941 1512 1970 Goth.
1543 1959 1581 1964 —
1613 1943 1658 1981 31)
1688 1953 1809 1980 gemere-s·
1833 1944 1881 1970 Ar.
1905 1953 1919 1972 e
1943 1944 2113 1973 coniectura

1164 1987 1280 2016 Grialii.
1299 2002 1335 2007 —-
1357 1995 1476 2024 germen
1492 1985 1572 2022 vulg.
1592 2003 1630 2008 —
1654 1986 1700 2024 δί’)
1724 1986 1773 2014 Sic
1795 1986 1851 2013 Gn.
1879 1988 1906 2016 1.
1929 1987 2017 2013 illius
2031 1988 2112 2026 vulg.

1161 2046 1204 2052 —-
1226 2032 1274 2065 33)
1305 2028 1543 2066 evangelizante-s·
1577 2029 1632 2057 Gu.
1657 2032 1685 2059 2.
1717 2028 1834 2057 omissis
1864 2033 1889 2055 et
1911 2030 2112 2058 annuncian-

1162 2078 1265 2101 teS.—
1284 2071 1329 2099 Al.
1354 2071 1593 2108 evangelizanti-s
1612 2081 1718 2109 pacem
1739 2076 1766 2098 et
1784 2072 2003 2099 annunciantis
2024 2072 2111 2101 bona,

1162 2115 1256 2142 Locus
1280 2118 1322 2142 est
1345 2113 1412 2142 lsai.
1437 2115 1496 2147 52,
1526 2116 1555 2144 7.
1582 2129 1624 2134 —
1651 2113 1696 2152 54)
1730 2113 1816 2150 Vulg.
1847 2115 1922 2150 quia
1946 2115 1993 2142 rel
2013 2125 2046 2141 m.-
2068 2127 2111 2152 eo,

1160 2157 1212 2186 sed
1238 2158 1311 2194 quia
1335 2166 1391 2184 om.
1419 2156 1475 2183 Gn.
1498 2158 1521 2186 1.
1546 2158 1601 2194 qai
1624 2156 1671 2183 vel
1693 2166 1736 2184 va.
1758 2171 1799 2176 —
1823 2156 1886 2183 sive
1909 2158 1983 2194 quia
2007 2157 2063 2185 Gu.
2079 2161 2109 2190 2.

1158 2216 1200 2222 -
1222 2201 1269 2237 35)
1294 2198 1344 2226 Sic
1368 2199 1423 2226 Gu.
1448 2201 1473 2228 1.
1495 2200 1623 2226 Domini
1647 2198 1729 2236 vulg.
1752 2198 1886 2226 Domino
1919 2198 1957 2227 al.
1986 2215 2026 2221 —
2061 2199 2108 2238 36)

1157 2243 1205 2271 Sic
1230 2242 1286 2269 Gu.
1306 2243 1330 2271 1.
1358 2246 1482 2268 vocatur
1503 2242 1582 2279 vulg.
1597 2258 1631 2262 -—
1653 2242 1701 2279 37)
1724 2239 1925 2278 amplexando
1951 2242 2006 2270 Gu.
2026 2244 2052 2272 1.
2067 2258 2109 2264 -—

1156 2287 1204 2322 35)
1229 2285 1261 2311 in
1288 2286 1449 2311 certamine
1473 2284 1571 2315 Gu.1,
1586 2287 1615 2315 2.
1640 2301 1678 2305 -
1708 2284 1755 2320 ’39)
1779 2284 1844 2310 Deo
1868 2283 1925 2313 Gu.
1946 2286 1973 2314 2.
1994 2300 2037 2306 —-
2059 2281 2108 2324 40)

1158 2325 1330 2364 ingreditur
1354 2328 1408 2355 (ἆυ.
1432 2328 1471 2357 2.·
1491 2342 1533 2347 --
1570 2328 1614 2359 41)
1636 2327 1684 2354 Sic
1708 2325 1762 2353 Gu.
1783 2328 1809 2357 1.
1835 2327 1937 2353 Deum
1959 2327 2038 2365 vulg.
2065 2341 2108 2349 —

1158 2369 1208 2409 42)
1233 2370 1366 2409 πολιτείᾳ
1388 2369 1487 2397 nescio
1511 2378 1546 2396 an
1569 2379 1605 2397 ex
1632 2368 1751 2397 llieron.
1775 2368 1888 2406 prolog.
1913 2374 2106 2398 commentar.

1160 2411 1276 2441 addidit
1300 2412 1349 2440 Ar.
1381 2412 1419 2441 At
1448 2410 1568 2440 videtur
1590 2411 1626 2440 ad
1650 2410 1811 2450 genitivum
1842 2411 2035 2450 repetendum
2057 2422 2106 2440 re-
