2255 2819
245 93 318 127 402

408 183 443 217 2.
494 182 564 217 Sed
600 178 650 214 et¹
685 176 773 213 alia²
806 180 888 213 sicut
923 192 1065 225 genere,
1106 183 1151 215 ita
1186 187 1218 214 et
1253 183 1399 215 moribus
1431 182 1693 215 innumerabilia.

1169 234 1286 277 Neque
1314 235 1400 266 enim
1428 231 1554 266 ornnis⁵
1582 233 1741 277 Scythiae
1764 239 1796 266 et
1823 233 1937 266 Indiae
1965 239 2021 266 aut
2043 235 2184 269 Aethio-

866 228 877 248 ⁴

246 248 370 283 genera
398 236 479 275 siut,
511 233 653 266 invenire
680 232 854 274 quisquam
904 244 970 264 non
996 237 1115 277 potest.

244 285 344 334 ‘piaeG
371 287 499 319 deserta
523 280 614 326 quis⁷
643 288 817 326 penetrare
847 284 972 327 potuit,
999 284 1056 327 qui
1083 281 1218 318 earum⁸

1214 347 1280 368 non
1306 336 1433 368 habent
1446 333 1484 378 ¹¹,
1513 337 1571 369 sed
1598 349 1660 381 per
1687 338 1759 370 avia
1786 348 1939 379 quaeque
1962 336 2156 370 discurrunt.

409 337 440 369 3.
495 337 582 368 Aves
606 334 733 377 dictae,
766 345 806 367 eo
834 335 926 378 quod
954 336 1020 368 vias
1048 341 1153 370 certas
1167 332 1191 352 ¹⁰

939 88 1116 123 lSlDORl
1141 88 1322 122 fflSPAL.
1348 88 1493 123 EPISC.

1754 178 1862 215 Νῑιηι3
1897 182 2069 216 volucrum
2101 189 2184 227 quot

1244 296 1367 329 genus,
1404 286 1458 317 vel
1485 281 1712 318 differenfiasss
1735 290 1853 318 nosset.

346 389 470 426 Alites,
499 382 627 429 quod¹²
650 383 745 418 alis¹³
772 387 838 419 alta
864 387 1036 420 intendant
1047 385 1087 427 ¹⁴,
1115 392 1147 419 et
1173 387 1216 419 ad
1243 387 1394 420 sublimia
1421 388 1561 432 remigio
1589 389 1715 421 alarum
1744 388 1978 422 conscendant.

407 438 441 473 4.
497 437 658 471 volucres
685 450 704 470 a
730 438 885 473 volando.

939 440 1024 472 Nam
1052 439 1141 472 unde
1168 439 1298 480 volare,
1341 438 1418 471 inde
1446 444 1478 471 et
1504 440 1675 473 ambulare
1702 440 1850 474 dicimus.

1904 439 1990 472 Vola
2018 439 2104 473 enirn
2131 439 2182 472 di-

243 494 326 525 citur
357 490 466 523 media
494 500 570 533 pars
597 489 713 533 pedis,
740 490 809 522 sive
835 501 968 531 manus,
1011 491 1096 524 etin
1123 491 1237 523 avibus
1251 488 1274 508 ¹⁵
1298 490 1409 523 media
1422 487 1445 508 ¹⁰
1472 502 1548 535 pars
1575 492 1718 533 alarum,
1756 502 1896 535 quarum
1935 495 2027 523 motu
2054 502 2183 535 pennae

243 544 429 588 agitantur,
465 541 542 573 inde
571 547 603 573 et
615 537 636 557 ¹⁷
665 540 823 574 volucres.

405 591 438 625 5.
493 592 579 625 Pulli
603 592 755 625 dicuntur
781 593 891 626 axium
918 594 1064 626 omnium

242 649 378 685 cuntur,
423 648 456 676 et
481 643 587 676 homo
614 655 735 688 parvus
762 645 874 688 pullus
885 641 917 676 ²⁰.

241 697 337 730 vestis
364 697 460 740 nigra
488 696 581 739 pulla
609 696 697 729 dicta
709 692 742 727 ²².

1079 589 1101 609 le

403 746 438 780 6.
491 748 574 780 Alae
601 752 684 787 sunt,
710 748 743 779 in
770 746 889 789 quibus
915 758 1043 790 pennae
1072 758 1132 790 per
1159 747 1310 780 ordinem
1334 748 1418 780 fixae
1442 747 1579 780 volandi
1607 747 1765 782 exhibent
1791 759 1894 781 usum.

1125 593 1207 633 nati,
1236 593 1294 626 sed
1321 598 1353 626 et
1380 593 1571 626 amimalium
1598 594 1868 638 quadrupedium
1880 589 1902 609 ¹³
1929 593 1996 626 nati
2022 593 2108 636 pulli
2131 593 2183 626 di-

972 645 1135 678 Recentes
1164 656 1246 690 ergo
1274 645 1340 677 nati
1367 645 1452 689 pulli
1465 641 1506 686 ²¹,
1551 656 1592 678 eo
1619 646 1711 689 quod
1737 645 1861 690 polluti
1887 650 1968 678 sunt.

2022 644 2125 677 Unde
2152 649 2183 676 et

1949 747 2097 780 Vocatae
2122 758 2182 779 au-

241 805 308 832 tem
332 799 425 839 alae,
453 810 493 831 eo
521 798 614 841 quod
638 799 675 830 iis
702 810 777 831 aves
805 798 999 842 complexos
1026 798 1113 830 alant
1141 809 1179 832 ac
1191 795 1215 814 ²³
1243 800 1377 832 foveant
1403 800 1526 843 pullos.

406 849 440 883 Ἰ.
496 850 605 882 Penna
632 862 651 882 a
678 849 876 894 pendendo,
904 849 938 881 id
967 854 1014 882 est
1041 861 1060 881 a
1088 849 1234 881 volando
1256 851 1360 884 dicta:

1406 851 1494 884 unde
1523 856 1556 883 et
1583 850 1743 895 pendere.
1796 849 1957 884 Volucres
1984 849 2070 882 enim
2095 860 2181 893 pen-

241 912 357 933 narum
385 900 509 934 auxilio
538 906 729 943 moventur,
757 900 892 944 quando
917 912 950 933 se
978 901 1045 933 aeri
1072 898 1273 936 mandant²¹.

404 959 438 994 S.
499 961 620 994 Pluma
662 961 755 1004 quasi
799 961 934 1006 piluma.

240 1013 272 1044 in
299 1011 422 1046 avibus.

1009 961 1096 993 Nam
1132 961 1214 994 sicut
1254 961 1314 1005 pili
1357 962 1388 993 in
1428 961 1685 1006 quadrupedum
1732 971 1897 1006 corpore,
1946 962 1991 992 ita
2031 956 2169 1004 pluma²

2171 955 2182 976 5

403 1070 436 1103 9.
491 1071 612 1103 Avium
634 1073 767 1104 nomina
794 1072 898 1104 multa
925 1084 943 1104 a
971 1082 1052 1103 sono
1073 1073 1164 1104 vocis
1192 1069 1353 1104 constat²¹⁵
1379 1083 1448 1104 esse
1468 1072 1671 1116 composita,
1699 1077 1734 1105 ut
1755 1084 1853 1116 grus,
1882 1082 2017 1111 corvuS,
2044 1082 2181 1116 cygnus,

240 1118 382 1165 pavo27,
418 1122 554 1161 milvus,
590 1123 695 1161 ulula,
732 1123 888 1163 cuculus,
924 1119 1117 1168 graculusffl
1144 1127 1204 1156 etc.

239 1173 319 1216 quid
333 1169 358 1189 3⁰
390 1173 644 1206 nominarentur.

404 1232 462 1266 10.
515 1232 639 1275 Aquila
666 1232 709 1264 ab
737 1233 890 1265 acumine
923 1233 1097 1266 oculorum
1128 1238 1256 1265 vocata.

1274 1124 1424 1156 Yarietas
1457 1125 1544 1157 enim
1575 1124 1664 1157 vocis
1703 1120 1850 1156 earum²⁰
1878 1123 1993 1155 docuit
2020 1122 2181 1161 homines,

1311 1232 1410 1265 Tanti
1438 1234 1523 1265 enim
1552 1234 1670 1267 dicitur
1698 1245 1766 1266 esse
1794 1234 1958 1266 contuitus
1971 1230 2016 1273 ³⁸¹,
2043 1239 2078 1265 ut
2105 1244 2180 1265 cum

239 1295 338 1327 super
367 1284 469 1316 maria
496 1284 659 1316 immobili
685 1294 795 1327 penna
820 1284 959 1323 feratur,
988 1294 1049 1316 nec
1077 1282 1228 1316 humanis
1256 1288 1370 1327 pateat
1400 1284 1586 1317 obtutibus:
1627 1284 1670 1316 de
1696 1289 1785 1316 tanta
1813 1285 2012 1317 sublimitate
2038 1284 2180 1328 piscicu—

240 1335 288 1367 los
314 1341 428 1368 natare
460 1335 591 1376 videat,
619 1346 658 1368 ac
685 1335 839 1367 tormenti
869 1335 968 1367 instar
995 1335 1198 1368 descendens
1225 1340 1356 1379 raptam
1385 1336 1545 1379 praedam
1569 1336 1685 1380 pennis
1712 1335 1755 1367 ad
1787 1335 1875 1368 littus
1900 1335 2081 1380 pertrahat.

404 1395 463 1430 ll.

518 1396 604 1427 Nam
631 1399 663 1427 et
691 1400 805 1428 contra
836 1395 966 1428 radium
999 1395 1076 1428 solis.
1103 1396 1205 1428 fertur
1232 1396 1382 1428 obtutum
1411 1407 1477 1428 non
1512 1396 1665 1433 flectere,
1707 1395 1795 1428 uude
1822 1400 1854 1427 et
1880 1395 1992 1439 pullos
2019 1405 2094 1426 suos
2119 1406 2180 1427 un—

239 1456 306 1489 gue
333 1457 506 1489 suspensos
534 1446 632 1478 radiis
660 1446 736 1478 solis
763 1447 899 1488 obiicit,
944 1453 976 1479 et
1002 1458 1084 1490 quos
1112 1447 1229 1480 viderit
1254 1447 1463 1479 immobilem
1490 1452 1602 1480 tenere
1633 1447 1758 1488 aciem,
1804 1451 1839 1479 ut
1851 1442 1876 1462 ³²
1911 1446 2031 1491 dignos
2056 1457 2180 1491 genere

241 1501 429 1536 conservat,
456 1497 481 1529 si
509 1508 592 1540 quos
620 1508 698 1529 vero
726 1495 930 1531 inflectere-“³³
951 1499 1120 1539 obtutum,
1152 1498 1243 1542 quasi
1271 1498 1455 1542 degeneres
1479 1498 1600 1532 abiicit.

407 1555 463 1588 12.
517 1556 636 1590 Vultur
664 1568 682 1588 a
708 1557 820 1590 volatu
847 1557 943 1590 tardo
966 1558 1152 1591 nominatus
1163 1555 1188 1574 ³³
1215 1562 1358 1601 putatur.

805 1609 935 1641 Horum
965 1606 1163 1652 quosdrun³⁷
1192 1608 1306 1642 dicunt
1335 1620 1401 1642 uon
1430 1610 1559 1642 misceri
1590 1609 1622 1640 in
1650 1608 1830 1642 concubitu
1842 1605 1877 1649 ³⁸,
1901 1613 1934 1640 et
1959 1608 2026 1639 sine
2053 1607 2178 1650 copula

241 1657 417 1701 concipere
443 1664 475 1692 et
493 1670 673 1704 generare,
701 1665 860 1703 natosque
885 1672 999 1694 eorum
1027 1672 1115 1705 pene
1141 1672 1244 1704 usque
1271 1660 1314 1693 ad
1343 1664 1474 1695 centum
1502 1671 1604 1693 anuos
1627 1659 1821 1703 procedere.

334 1602 359 1622 ³ss

241 1607 324 1650 pites
385 1608 513 1640 volatus
539 1619 606 1640 non
638 1607 750 1641 habet.

327 1771 352 1799 1)
383 1773 407 1794 et.
436 1778 493 1797 orn.
519 1768 576 1797 Gu.
604 1771 629 1798 1.
652 1771 681 1799 2.
719 1784 758 1789 —
800 1768 828 1808 ξ’)
858 1770 938 1797 aliae
967 1770 1022 1799 Gu.
1046 1772 1074 1800 Q.
1095 1780 1139 1798 va.
1164 1775 1193 1798 et

243 1808 284 1836 sic
315 1810 560 1839 inmmzerahiles.
585 1826 628 1832 —-
655 1814 683 1846 3)
706 1816 730 1838 et
755 1810 822 1841 add.
847 1811 904 1841 Gu.
930 1815 955 1842 1.
983 1829 1019 1833 —-
1052 1811 1083 1848 4)
1106 1813 1192 1850 qni-5·-

243 1861 299 1889 que
322 1851 378 1879 Gu.
406 1855 432 1882 1.
448 1855 476 1882 2.
508 1869 545 1874 -—
581 1863 763 1891 quemquam
794 1864 853 1881 non
870 1865 959 1892 poa-ae
982 1854 1067 1882 alva.
1089 1870 1131 1876 -—
1161 1857 1188 1890 5)

243 1893 290 1922 Sic
315 1893 371 1920 Gu.
396 1896 421 1923 1.
446 1894 495 1923 Ar.
516 1911 557 1917 --
588 1906 687 1923 omnes
711 1895 790 1934 vulg,
820 1912 862 1918 —
892 1898 919 1933 6)
942 1895 990 1924 Sic
1013 1896 1069 1925 Gu.
1094 1899 1121 1927 1.
1154 1914 1186 1918 -

243 1935 329 1973 Vulg.
362 1934 468 1963 Indiae
497 1943 522 1965 et
552 1938 641 1966 Aetlz.
671 1943 761 1976 atque
789 1939 890 1977 Sevitlz.
914 1956 954 1961 —
987 1944 1041 1966 aut
1065 1939 1110 1967 Sc.
1138 1939 1191 1968 Ar.

243 1993 284 2000 -
320 1983 411 2016 alque
440 1988 497 2007 om.
537 1979 592 2007 Gn.
614 1982 643 2010 2.
676 1998 711 2001 —
751 1984 779 2013 7)
811 1983 880 2019 qui-5
910 1981 1009 2010 addidi
1036 1991 1050 2009 e
1080 1981 1136 2011 Gu.
1166 1985 1190 2012 1.

244 2021 292 2050 Ar„
315 2036 357 2042 —
381 2026 437 2047 aut
463 2019 525 2049 des.
549 2023 619 2058 quis
643 2022 698 2051 Gu.
715 2025 743 2053 2.
774 2042 810 2046 --
841 2023 871 2064 8)
893 2024 942 2052 Sic
966 2024 1023 2054 Gu.
1042 2026 1066 2053 1.
1086 2025 1115 2054 2.
1139 2023 1190 2053 Ar.

246 2081 283 2085 —
308 2072 409 2090 eorum
431 2063 568 2101 vulg.—-
590 2063 618 2101 9)
641 2065 689 2093 Sic
714 2065 769 2094 Gu.
790 2069 816 2096 1.
830 2068 861 2097 2.
879 2077 924 2105 pr.
949 2067 997 2095 Ar.
1019 2083 1051 2086 -
1074 2065 1190 2093 ‹loedri-

244 2116 300 2133 nczs
321 2105 400 2142 vulg.
433 2121 474 2127 —-
498 2105 543 2142 10)
567 2111 663 2133 rectas
687 2107 742 2135 Gu.
767 2110 792 2137 1.
818 2124 859 2130 ·-
894 2112 939 2140 11)
964 2109 1011 2137 Sic
1036 2108 1092 2137 Gu.
1114 2112 1189 2139 1,—

244 2148 374 2176 habeant
397 2170 402 2174 .
427 2168 432 2174 .
457 2169 463 2175 .
488 2145 663 2175 discurrant
685 2149 765 2186 vulg.
788 2165 828 2172 —
859 2151 906 2187 12)
930 2163 961 2178 eo
985 2147 1068 2190 quod
1089 2150 1144 2179 Gu.
1160 2153 1189 2181 2.

246 2200 292 2218 va.
316 2206 356 2212 -—
387 2192 430 2222 13)
460 2189 521 2217 alis
550 2200 607 2218 om.
634 2191 691 2219 Gu.
715 2193 744 2221 2.
764 2208 803 2213 ——
834 2191 878 2229 14)
908 2192 1065 2222 intendunt
1089 2193 1145 2223 Gu.
1167 2197 1192 2223 1.

246 2248 287 2253 -
310 2230 509 2260 conscendunt
539 2242 594 2271 pro
627 2232 824 2261 conscendant
853 2235 909 2264 Gn.
927 2238 954 2266 2.
986 2251 1025 2256 --
1059 2235 1102 2262 «ul
1125 2236 1192 2264 alta

248 2274 371 2302 tendant
394 2273 430 2302 al.
459 2291 497 2296 —
524 2274 567 2313 15)
590 2274 677 2312 Vulg.
701 2274 768 2302 add.
793 2276 878 2311 volu,
903 2277 984 2314 quod
1008 2287 1062 2304 om.
1088 2278 1142 2306 Gu.
1164 2280 1191 2309 1.

250 2334 286 2337 —-
313 2316 355 2354 16)
379 2316 428 2344 Sic
450 2317 506 2344 Gu.
532 2319 558 2346 1.
578 2319 608 2347 2.
639 2332 680 2339 --
700 2327 777 2354 pars
802 2318 901 2346 media
925 2320 1004 2355 vulg.
1027 2335 1064 2340 -—
1098 2323 1142 2355 17)
1165 2326 1191 2348 et

250 2370 305 2389 om.
330 2360 386 2389 Gu.
411 2361 437 2390 1.
463 2362 492 2390 2.
523 2374 563 2380 —
593 2361 637 2397 18)
661 2359 710 2388 Sic
740 2360 795 2387 Gu.
816 2362 843 2390 1.
871 2377 911 2382 —-
941 2372 1017 2391 omn.
1041 2373 1087 2390 αι’.
1110 2362 1189 2400 vulg.

1413 1557 1647 1602 Magnitudine
1675 1557 1803 1600 quippe
1830 1557 1982 1601 corporis
1995 1553 2019 1573 ³⁵
2046 1557 2178 1600 praeci-

1877 1659 2032 1692 Vultures
2054 1662 2176 1701 autem,

1235 1785 1275 1790 —
1299 1772 1342 1801 19)
1367 1769 1415 1796 Sic
1438 1770 1493 1796 Gu.
1510 1771 1536 1799 1.
1562 1784 1603 1788 —
1632 1765 1864 1805 quadrupedum
1890 1767 1970 1804 vulg.
1993 1783 2033 1788 --
2056 1766 2103 1807 ΞΟ)
2127 1767 2177 1795 di—

1236 1813 1315 1839 citur
1337 1811 1403 1839 add.
1428 1821 1473 1839 va.
1499 1828 1535 1832 —-
1559 1812 1604 1846 21)
1628 1810 1715 1847 Vulg.
1739 1810 1806 1838 add.
1829 1809 1990 1847 (licuntur,
2014 1810 2095 1847 quod
2117 1820 2176 1840 oni.

1236 1854 1291 1882 Gu.
1310 1856 1336 1885 1.
1357 1857 1386 1885 2.
1409 1853 1444 1881 al.
1467 1869 1507 1874 —
1531 1853 1628 1889 iginu-
1651 1853 1709 1881 Gu.
1728 1854 1755 1882 2.
1779 1862 1825 1890 pr.
1844 1862 1890 1881 va.
1918 1852 1968 1882 Ar.
1997 1868 2038 1874 —-
2066 1855 2110 1886 22)
2134 1858 2177 1881 eet

1234 1896 1302 1926 add.
1326 1897 1405 1934 vulg.
1429 1894 1480 1923 sed
1501 1904 1558 1923 om.
1582 1895 1638 1923 Gu.
1656 1897 1682 1924 1.
1708 1911 1743 1916 -—
1768 1896 1814 1931 23)
1834 1905 1872 1923 ac
1895 1904 1951 1933 pro
1973 1900 1999 1922 et
2023 1895 2078 1923 Gn.
2104 1897 2131 1925 1.
2146 1897 2175 1927 2.

1233 1949 1279 1977 pr.
1298 1949 1346 1967 va.
1367 1956 1403 1960 —-
1435 1935 1482 1976 24)
1505 1936 1711 1966 commendant
1737 1938 1792 1966 Gu.
1812 1940 1841 1969 2.
1864 1947 1909 1966 va.
1931 1953 1964 1958 —
1987 1936 2032 1975 25)
2049 1937 2176 1975 plamae

1234 1992 1282 2011 va.
1306 1998 1344 2004 —-—
1378 1981 1423 2017 26)
1447 1985 1584 2009 constant
1608 1980 1652 2011 ed.
1683 1979 1773 2009 Goth.
1799 1980 1855 2008 Gu.
1877 1983 1905 2011 2.
1927 1990 1973 2018 pr.
1996 1989 2042 2008 va.
2064 1995 2106 2003 —
2126 1981 2174 2014 27>

1233 2034 1364 2062 (gignas,
1381 2033 1462 2061 paro
1486 2033 1542 2052 om.
1568 2023 1622 2051 Gu.
1650 2027 1672 2053 1,
1705 2041 1742 2046 —-
1774 2021 1819 2060 223)
1839 2022 1988 2060 garrulus
2011 2022 2066 2050 Gu.
2089 2024 2113 2051 1.
2133 2036 2174 2042 -

1230 2067 1365 2105 garulus
1384 2065 1535 2103 graculus
1557 2066 1613 2094 Gu.
1627 2068 1655 2096 2.
1677 2081 1719 2087 --
1742 2066 1788 2101 29)
1811 2065 1860 2093 Sic
1882 2064 1938 2093 Gu.
1962 2067 1987 2094 1.
2009 2080 2049 2085 ——
2070 2074 2175 2091 eorum

1233 2109 1315 2146 vulg.
1335 2124 1377 2129 --
1403 2105 1452 2145 30)
1481 2107 1630 2145 quomodo
1653 2107 1690 2136 al.
1722 2126 1760 2131 --
1792 2105 1875 2145 quod
1900 2116 1947 2135 va.
1979 2123 2016 2128 —-
2054 2106 2102 2142 51)
2126 2106 2173 2134 Sic

1234 2153 1288 2180 Gu.
1308 2153 1333 2181 1.
1355 2166 1396 2171 ——-
1419 2149 1504 2187 Vulg.
1528 2152 1681 2178 contuitus
1702 2161 1762 2178 esse
1783 2149 1842 2177 dic.
1865 2165 1907 2170 -—
1935 2148 1984 2186 32)
2005 2149 2097 2176 veluti
2117 2148 2172 2176 Gu.

1230 2195 1258 2223 2.
1282 2209 1320 2214 --
1343 2190 1390 2231 33)
1414 2192 1461 2220 Sic
1485 2193 1539 2222 Gu.
1562 2196 1587 2222 1.
1610 2193 1783 2230 —Jlectere
1804 2192 1884 2229 vulg.
1909 2207 1949 2214 —-
1975 2194 2020 2225 344)
2043 2190 2091 2219 Sic
2114 2189 2170 2220 Gn.

1232 2239 1257 2266 1.
1274 2238 1301 2266 2.
1324 2244 1371 2262 va.
1396 2250 1437 2255 —
1460 2237 1617 2263 nominata
1641 2235 1721 2271 vulg.
1744 2251 1778 2257 --
1805 2235 1853 2271 35)
1874 2234 2008 2271 corporis
2033 2231 2133 2261 addidi
2157 2242 2172 2260 e

1230 2277 1286 2306 Gu.
1307 2280 1333 2307 1.
1347 2279 1376 2307 2.
1396 2278 1443 2304 Ar.
1466 2295 1506 2298 -—
1535 2278 1584 2315 36)
1607 2276 1656 2305 Sic
1682 2278 1736 2306 Ga.
1753 2280 1781 2308 1.
1799 2279 1828 2307 2.
1850 2292 1893 2298 —
1915 2279 2068 2313 praepetes
2090 2274 2172 2311 vulg.

1229 2336 1269 2341 —
1291 2319 1340 2354 37)
1364 2319 1412 2347 Sic
1435 2320 1490 2348 Gu.
1510 2323 1536 2351 1.
1563 2336 1596 2341 —
1631 2320 1751 2347 Harum
1780 2317 1930 2356 quasdam
1951 2316 2038 2353 zvulg.
2062 2333 2096 2337 -
2123 2317 2172 2344 Sic

1228 2371 1298 2390 mox
1322 2372 1433 2390 forum.
1459 2377 1494 2383 —-
1519 2362 1566 2398 35)
1580 2362 1628 2390 Sic
1652 2362 1707 2390 Gu.
1725 2365 1750 2393 1.
1766 2377 1807 2382 -—
1829 2358 1990 2390 concubitu
2009 2369 2068 2387 non
2086 2360 2170 2389 misc.
