2255 2819
217 93 293 129 558

919 83 1097 119 ISIDORI
1122 83 1303 118 HISPAL.
1329 83 1475 121 EPISC.

382 182 442 215 20.
495 178 660 224 Capparis
691 187 813 209 nomen
845 177 1021 222 sumpsisse
1054 177 1184 210 videtur
1210 187 1231 210 a
1257 175 1438 219 Graecis¹,
1483 178 1576 223 quod
1610 177 1736 212 habeat
1770 179 1804 212 in
1836 179 2075 215 summitatibus
2102 192 2159 214 ro-

221 231 348 271 tunda²
375 233 535 267 seminum
562 227 729 271 capitella,

320 279 539 321 Arinoraca³,
566 280 635 312 hoc
662 284 710 311 est
737 278 883 323 lapsana.

320 335 517 381 Lapisthus,
544 327 726 375 lapatum⁴.
779 330 875 363 Haec
897 330 930 362 in
961 329 1039 362 cibo
1067 335 1199 374 sumpta
1226 329 1436 365 stomachum
1462 331 1647 373 confortat,
1675 343 1828 365 venerem
1855 332 2012 377 reprimit.

322 387 473 423 Carduus
486 381 507 416 ⁵.

382 437 440 470 21.

220 491 373 527 cendium
401 491 544 521 moveat.

220 550 363 586 utraque
390 545 500 572 tamen
528 537 665 570 Veneris
692 547 786 569 usum
814 546 1028 569 commovens
1041 531 1063 569 ⁶.

672 621 824 655 CAP.
877 621 934 655 xl.
1014 621 1087 654 De

387 693 417 725 l.
472 691 597 735 Apium
619 689 763 730 (lictum,
791 690 885 732 quod
911 686 976 722 ex'
999 700 1039 722 eo
1067 700 1171 733 apex,

221 749 320 782 batur
347 771 354 778 .

220 800 331 844 capite
344 793 385 836 ¹¹,
413 806 500 828 nunc
521 794 718 833 oleastrum,
745 804 831 826 nunc
858 793 980 836 apium.

219 862 302 884 rum.

408 743 575 777 Hercules
602 747 711 774 autem
733 741 822 775 hanc
847 741 990 775 herbam
1015 741 1142 785 primus
1163 741 1263 784 capiti
1292 741 1494 775 circumtulit
1506 737 1528 775 ⁹.

494 435 625 475 Eruca,
650 433 744 476 quasi
771 433 879 473 urica,
907 431 998 475 quod
1026 432 1151 476 ignitae
1185 433 1225 465 sit
1255 432 1397 474 virtutis,
1431 437 1464 465 et
1492 433 1525 466 in
1551 434 1628 467 cibo
1662 446 1762 480 saepe
1788 439 1921 480 sumpta
1946 435 2084 468 Veneris
2110 435 2162 468 iu-

612 485 720 518 Huius
753 484 880 528 species
911 484 1014 523 (luae,
1056 495 1195 527 quarum
1222 484 1326 518 altera
1353 484 1491 526 usualis,
1539 486 1641 519 altera
1668 486 1824 532 agrestis,
1866 486 2000 521 acrioris
2026 486 2161 527 virtutis,

1140 620 1404 653 odoratis
1455 620 1720 655 oleribus.

1210 689 1244 721 id
1272 694 1321 722 est
1350 694 1452 734 caput
1481 689 1690 732 antiquorum
1717 689 1992 735 triumphantium
2018 699 2161 723 corona-

1581 741 1668 773 Nam
1694 753 1781 775 nunc
1792 739 1816 759 ¹⁰
1842 742 2007 787 populum
2033 741 2163 774 ferebat

1042 792 1144 825 Cuius
1172 792 1299 826 radices
1333 793 1514 826 efficaciter
1541 797 1692 836 pugnant
1718 799 1833 826 contra
1858 793 1988 826 insidias
2014 803 2161 826 veneno-

354 847 435 880 Eius
448 843 470 862 ¹²
496 845 627 890 generis
640 841 662 861 ¹³
689 850 761 877 sunt
788 845 1031 888 petroselinon,
1058 843 1296 887 hipposelinon
1323 849 1356 877 et
1381 844 1586 877 oleoselinon
1599 840 1631 876 Η.

386 897 419 930 2.
473 897 702 929 Petroselinon
734 900 908 936 vocatum,
954 895 1046 938 quod
1077 896 1117 927 sit
1149 895 1259 928 similis
1275 892 1297 911 ¹⁵
1331 896 1430 939 apio,
1473 901 1506 928 et
1531 900 1684 929 nascatur
1697 891 1721 912 ¹⁶
1746 895 1778 927 in
1802 895 1904 939 petris
1930 895 2162 937 montibusque

220 950 430 998 praeruptis,
455 947 548 991 quod
576 959 636 980 nos
662 948 850 991 petrapium
878 947 990 980 (licere
1022 957 1204 990 possumus.

1574 943 1597 963 lu

1257 943 1443 982 2⁴5me
1471 948 1558 980 enim
1631 947 1764 980 Graece
1790 947 1904 991 apium
1932 946 2070 986 dicitur,
2103 945 2161 978 sed

222 1009 270 1037 est
285 999 306 1019 ¹⁹
334 1011 498 1034 summum
527 1010 566 1031 ac
589 999 766 1042 probabile
795 998 1054 1032 Macedonicum
1067 995 1110 1038 ²⁰,
1137 1002 1236 1042 gustu
1259 1009 1377 1038 suave,
1406 1002 1438 1031 et
1464 998 1571 1031 odore
1598 999 1790 1032 aromatico.

384 1051 419 1085 3,
471 1050 718 1094 Hipposelinon
746 1050 871 1082 (lictum
882 1047 924 1089 ²¹,
963 1049 1055 1092 quod
1079 1049 1119 1081 sit
1145 1050 1264 1081 durum
1292 1054 1324 1081 et
1350 1055 1525 1085 austerum.

845 1098 861 1109 .,.

322 1101 556 1141 oleoselinon,
584 1100 677 1143 quod
705 1098 869 1132 mollius-⁵
894 1101 978 1133 folio
1005 1105 1037 1132 et
1058 1100 1153 1133 caule
1180 1106 1338 1133 tenerum.

384 1152 419 1185 ⁴.
474 1152 670 1184 Feniculum
693 1152 800 1183 Latini
827 1156 964 1191 vocant,
994 1151 1085 1193 quod
1113 1152 1180 1183 eius
1207 1151 1322 1194 thyrsi,
1351 1147 1440 1183 aut²3
1467 1151 1586 1184 radicis
1609 1160 1726 1183 succus
1752 1154 1848 1183 acuat
1875 1150 1982 1181 visum
2008 1150 2111 1182 oculis
2121 1145 2163 1182 ²¹:

221 1206 312 1241 cuius
337 1205 436 1237 virtus
457 1203 613 1245 traditur,
640 1203 733 1246 quod
745 1200 770 1219 ²⁵
796 1208 965 1246 serpentes
988 1214 1129 1234 annuam
1159 1207 1362 1235 senectutem
1391 1201 1458 1234 eius
1482 1207 1580 1246 gustu
1607 1201 1786 1245 deponant.

219 1254 417 1304 μα’ραθρον
444 1260 574 1287 vocant.

471 1305 677 1351 Ligusiciunr
691 1301 715 1320 ²¹⁵
748 1317 766 1337 a
791 1305 930 1349 regione
957 1315 1078 1337 nomen
1105 1304 1246 1348 accepit.

220 1358 420 1399 aromatico,
449 1362 481 1390 et
494 1355 517 1374 ²⁷
545 1362 644 1401 gustu
671 1353 782 1389 aerim&

1839 1200 1918 1234 Hoc
1944 1200 2018 1233 olus
2041 1201 2162 1234 Graeci

1312 1303 1465 1336 Nascitur
1495 1303 1581 1336 enim
1609 1302 1787 1347 plurimum
1812 1301 1846 1334 iu
1872 1301 2031 1347 Liguria,
2058 1302 2164 1335 odore

384 1408 418 1444 6.
474 1410 624 1447 Anesou,
654 1408 777 1441 Graeci
802 1412 838 1441 ut
864 1407 979 1441 dicunt
992 1403 1027 1448 ²⁹,
1055 1407 1138 1448 sive,
1167 1411 1201 1439 ut
1228 1405 1355 1444 Latini,
1383 1406 1509 1438 anisum
1522 1402 1557 1445 ³⁰,
1585 1404 1692 1437 herba
1719 1404 1871 1437 omnibus
1898 1404 2044 1449 cognita,
2070 1414 2164 1438 acer-

221 1462 303 1494 rime
323 1461 470 1500 servenS,
497 1460 668 1493 mictualis.

323 1511 493 1544 Anethum
520 1510 549 1546 *,

323 1561 501 1596 Cuminum
529 1558 595 1593 *³¹.

384 1612 419 1648 7.
471 1612 693 1647 coriandrum
720 1622 760 1644 ex
787 1610 921 1644 Graeco
949 1610 1082 1644 nomine
1109 1615 1297 1656 sumptum,
1328 1609 1423 1654 quod
1448 1609 1498 1642 im
1523 1605 1647 1656 κόριον
1674 1613 1824 1642 vocant.-
1855 1607 1959 1641 Cuius
1992 1618 2105 1642 semen
2130 1609 2165 1641 in

308 1725 333 1757 1)
357 1721 404 1749 Sic
428 1722 483 1750 Gu.
503 1724 527 1751 1.
549 1724 579 1752 2.
600 1737 636 1742 -—-
657 1731 677 1747 a
700 1721 753 1749 Gr.
776 1730 855 1747 nom.
878 1730 992 1757 szcmpS.
1011 1719 1075 1749 vid.
1093 1720 1173 1757 vulg.
1210 1719 1408 1758 petro-silenti,
1433 1718 1637 1756 lzipposileon,
1661 1716 1821 1744 oleosileon
1835 1716 1889 1745 Gu.
1904 1719 1931 1748 1.
1950 1718 1979 1748 2.
2002 1726 2047 1755 pr.
2063 1726 2109 1744 va.
2124 1732 2163 1738 —

226 1782 261 1786 -
287 1765 316 1800 2)
339 1764 386 1791 Sic
410 1765 465 1791 Gu.
492 1766 517 1792 1.
543 1766 571 1794 2.
594 1773 638 1791 va.
670 1778 707 1784 —
744 1763 830 1799 Vulg.
854 1768 908 1790 rot.
938 1764 970 1789 in
1001 1773 1108 1790 summ.
1133 1777 1174 1783 ——

225 1806 362 1843 capitula
387 1808 441 1833 (ἆυ.
465 1808 492 1835 2.
518 1805 553 1832 al.
576 1815 623 1834 va.
646 1821 687 1827 —
717 1807 744 1839 3)
771 1805 819 1833 Sic
843 1805 947 1842 scripsi
977 1815 1043 1832 cum
1066 1805 1094 1832 in
1119 1806 1174 1832 Gu.

228 1851 254 1878 1.
274 1857 318 1885 pr.
334 1858 377 1874 va,
395 1849 431 1875 sit
445 1858 510 1875 cum
530 1848 649 1885 vulgata
668 1847 1060 1875 Arlzoram—Arbor-acm
1079 1848 1173 1878 Gu.2.

227 1907 265 1912 -
289 1888 317 1926 4)
331 1889 376 1916 Sic
394 1891 441 1917 Ar.
457 1906 497 1910 -—
518 1890 605 1927 Vulg,
619 1891 800 1927 Lupia-Irus,
826 1892 1003 1928 Lapalium.
1020 1907 1060 1911 —
1079 1892 1133 1918 Ou.
1146 1892 1172 1919 1.

226 1932 374 1970 lapi-›tra,
404 1932 525 1968 lapatia
550 1948 591 1952 —
615 1934 672 1963 Gn.
694 1935 722 1962 2.
746 1934 940 1970 Lappatlca,
971 1933 1077 1960 omisso
1100 1933 1174 1960 La-

224 1976 350 2011 pistrus.
386 1975 560 2010 Lappalica
576 1973 693 2002 exhibet
717 1975 804 2003 etiarn
820 1985 866 2004 va.
890 1991 931 1996 ——
954 1974 981 2013 5)
998 1977 1174 2013 Lupi-strusz

230 2014 374 2044 Carduae
398 2017 454 2042 Gu.
472 2018 500 2045 2.
545 2018 715 2053 Sequuntur
730 2018 820 2055 vulgo
844 2017 932 2046 haec:
952 2029 1047 2054 genus
1068 2018 1176 2045 lzfrlme

227 2060 377 2096 spino-sae.
423 2058 531 2084 llum-s·
553 2065 666 2086 natura
689 2059 817 2087 mordax

228 2101 336 2129 mollis.
381 2098 530 2136 ls'm'gidas
553 2106 577 2126 et
607 2100 776 2137 indigens-tus
804 2113 916 2130 succus
939 2104 1004 2130 eius
1026 2104 1178 2141 alolmcias

229 2148 327 2172 curat.
372 2142 456 2178 Quae
479 2151 535 2169 om.
561 2143 617 2171 Gu.
637 2145 664 2173 1.
688 2147 715 2174 2.
740 2145 789 2173 Ar.
819 2163 856 2167 —
887 2145 914 2183 6)
941 2147 991 2174 Sic
1016 2145 1069 2173 Gu.
1094 2149 1119 2177 1,
1140 2162 1173 2166 -

230 2194 372 2213 commov.
397 2194 444 2213 αδ.
462 2184 543 2221 vulg.
560 2199 601 2204 —-
624 2193 804 2214 commeant
827 2198 872 2217 va.
896 2203 937 2209 -—
960 2189 990 2223 7)
1014 2199 1046 2215 ex
1069 2199 1125 2216 orn.
1145 2189 1176 2215 Z.

231 2243 269 2249 -
292 2229 322 2265 8)
346 2232 408 2255 ant.
433 2236 532 2254 coron.
562 2226 708 2263 triumph.
735 2238 782 2257 va.
809 2245 844 2250 —
875 2231 904 2264 9)
929 2229 1126 2258 circumdedit
1148 2231 1179 2258 Ζ.

229 2285 272 2292 .-.
294 2269 341 2305 10)
358 2274 431 2296 tunc
451 2278 498 2297 vu.
521 2283 559 2289 —
588 2270 632 2302 ll)
649 2269 697 2295 Sic
719 2270 774 2299 (ἆυ,
794 2273 819 2300 1.
840 2288 881 2292 -——
904 2282 969 2309 cap.
988 2273 1180 2310 praeferebat

231 2312 311 2349 vulg,
335 2327 375 2332 -
401 2321 466 2348 cap.
491 2310 592 2348 praef.
618 2311 725 2348 popul.
753 2313 808 2338 Gu.
827 2316 855 2343 2.
879 2330 916 2334 -
949 2317 1043 2352 capilo¹
1068 2315 1178 2354 popul.

227 2354 327 2392 praef.
350 2363 397 2384 νει,
421 2369 461 2374 ·-
493 2355 535 2386 12)
558 2353 648 2380 cuius
671 2353 701 2381 Z.
736 2369 775 2374 ——
807 2356 848 2389 13)
869 2366 978 2391 gazera
1003 2367 1046 2387 va.
1070 2374 1110 2379 —
1134 2357 1178 2395 Η)

847 2066 871 2087 ιτ
895 2071 964 2088 cam
988 2066 1111 2088 «nahra
1135 2066 1177 2087 est

1217 1766 1262 1800 15)
1285 1763 1335 1790 Sic
1360 1762 1417 1790 Gu.
1440 1764 1466 1792 1.
1491 1764 1521 1792 2.
1541 1776 1582 1781 -—
1597 1759 1697 1787 simile
1718 1759 1799 1797 vulg.
1824 1775 1860 1780 —
1885 1759 1985 1786 simile
2007 1760 2048 1786 sit
2070 1759 2102 1787 Z.
2123 1774 2165 1779 —

1218 1807 1262 1838 16)
1283 1806 1424 1833 nascitur
1440 1804 1495 1831 Gu.
1512 1806 1538 1833 1.
1553 1806 1580 1834 2.
1603 1813 1649 1830 va.
1673 1818 1713 1822 —
1737 1801 1786 1840 17)
1809 1802 1945 1829 Silenum
1959 1802 1989 1829 Z.
2014 1801 2071 1829 Gu.
2085 1803 2111 1832 1.
2136 1803 2165 1832 2·

1215 1858 1260 1886 pr.
1283 1863 1323 1868 -
1347 1847 1481 1875 Sclinum
1504 1844 1553 1873 Ar,
1569 1861 1611 1866 —
1634 1842 1678 1882 18)
1693 1845 1771 1871 enim
1793 1854 1849 1872 om.
1869 1844 1900 1871 Z.
1924 1861 1964 1865 -—
1989 1844 2032 1881 19)
2052 1848 2094 1871 est
2108 1853 2164 1871 om.

1217 1900 1264 1918 va.
1295 1906 1336 1910 ——
1366 1892 1411 1923 20)
1438 1886 1649 1916 Macedonium
1674 1887 1729 1916 Gu.
1750 1890 1775 1917 1.
1797 1903 1839 1907 ——
1860 1889 1908 1922 21)
1925 1885 2041 1914 dictum
2063 1884 2165 1914 addidi

1215 1942 1230 1960 e
1253 1932 1283 1960 Z.
1308 1932 1364 1960 Gu.
1383 1934 1408 1962 1.
1428 1933 1456 1961 2.
1478 1930 1512 1959 al.
1537 1940 1584 1959 Va.
1605 1945 1646 1951 —
1674 1929 1853 1967 Imposileon
1877 1928 1934 1956 Gu.
1953 1931 1980 1960 l.
2001 1931 2030 1960 2.
2054 1945 2095 1950 —
2116 1927 2166 1963 22)

1217 1975 1338 2002 mollior
1352 1975 1383 2003 Z.
1408 1974 1464 2001 Gu.
1481 1975 1509 2003 2.
1533 1983 1577 2010 pr.
1602 1982 1647 2000 va.
1669 1988 1706 1993 —
1729 1972 1770 1999 sit
1792 1971 1912 1999 mollior
1926 1981 1971 1999 va.
1989 1989 2028 1993 —
2045 1971 2094 2006 23)
2108 1974 2165 1997 ant

1219 2028 1274 2056 pro
1298 2028 1350 2045 seu
1373 2017 1428 2046 Gu.
1450 2018 1476 2047 1.
1499 2031 1539 2035 —
1562 2015 1608 2051 94)
1623 2015 1720 2042 oculis
1742 2013 1873 2042 addidie
1893 2014 1951 2043 Gu.
1967 2016 1993 2044 1.
2010 2015 2040 2044 2.
2055 2027 2092 2034 -
2119 2014 2165 2047 95)

1220 2060 1268 2088 Sic
1292 2060 1348 2090 Gu.
1365 2061 1391 2090 1.
1412 2073 1453 2080 —
1476 2063 1510 2084 ut
1532 2057 1613 2094 vulg.
1637 2072 1676 2078 —
1701 2059 1746 2091 26)
1763 2057 1812 2085 Sic
1833 2057 1863 2084 Z.
1888 2056 1945 2084 Gu.
1964 2058 1988 2086 1.
2011 2057 2040 2086 2.
2055 2054 2106 2083 Ar.
2121 2068 2166 2076 --

1221 2103 1420 2140 Ligustinum
1451 2109 1496 2127 va.
1526 2116 1568 2121 —
1598 2100 1788 2137 Ligur-itiam
1817 2099 1898 2135 vulg.
1929 2113 1964 2119 --
1997 2097 2165 2135 Ligurium

1223 2145 1292 2173 edit.
1318 2143 1408 2172 Goth.
1431 2159 1469 2163 —-
1492 2142 1539 2180 27)
1563 2148 1587 2170 et
1611 2152 1668 2170 om.
1692 2151 1738 2171 va.
1762 2156 1805 2163 —
1829 2141 1876 2178 28)
1898 2140 1947 2168 Sic
1966 2140 2022 2168 Gu.
2041 2144 2065 2171 1.
2081 2142 2109 2171 2.
2126 2139 2165 2167 al.

1220 2198 1265 2216 va,
1288 2202 1330 2208 -——
1355 2196 1423 2213 acre
1446 2185 1523 2222 vulg.
1547 2201 1587 2206 —
1610 2186 1723 2212 acriori
1749 2184 1781 2212 Z.
1803 2199 1845 2205 -
1879 2184 1926 2220 29)
1949 2183 1997 2211 Sic
2013 2183 2068 2210 Gu.
2086 2184 2113 2213 1.
2134 2183 2164 2212 2.

1222 2247 1260 2251 -
1285 2234 1317 2255 ut
1334 2229 1386 2255 Gr.
1410 2227 1469 2256 dic.
1489 2227 1568 2265 vulg.
1591 2245 1628 2249 —-
1651 2233 1684 2254 ut
1699 2226 1758 2255 dic.
1784 2227 1836 2254 Gr.
1857 2235 1903 2254 va.
1919 2241 1960 2247 —
1981 2223 2027 2265 30)
2051 2223 2098 2251 sic
2114 2222 2164 2250 Ar.

1219 2287 1262 2294 -—
1284 2281 1406 2298 une-§mn
1419 2270 1497 2307 vulg.
1516 2286 1556 2291 —
1582 2268 1631 2309 31)
1646 2269 1699 2297 Vv.
1724 2268 1889 2296 rm'ctnaliS.
1910 2266 2073 2296 Anetlmm.
2099 2264 2163 2292 Cu»

1221 2315 1338 2341 minum
1360 2314 1516 2351 (ι-ιήιιίιιυη
1539 2310 1640 2351 codd.)
1663 2311 1767 2340 addidi
1789 2321 1803 2339 e
1827 2311 1856 2338 Z.
1884 2309 1940 2337 Gu.
1960 2312 1984 2339 1.
2008 2311 2038 2339 2.
2053 2318 2099 2336 va.
2113 2306 2162 2335 Ar.

1224 2372 1259 2377 —-
1283 2355 1328 2394 32)
1344 2357 1410 2383 rino
1434 2355 1519 2383 dulci
1535 2355 1566 2384 Z.
1584 2371 1626 2376 —-
1642 2353 1727 2382 dulce
1751 2355 1855 2381 vinum
1878 2352 1934 2379 Gu·
1952 2353 1975 2380 1.
2000 2352 2029 2381 2.
2054 2367 2089 2372 —-
2114 2350 2162 2388 33)
