2264 2830
815 74 1060 108 ORlGlNUM

575 167 600 187 :13

78 172 347 207 adhibendorum
376 171 559 204 solennium
610 194 618 211 ‚
646 171 690 202 ita
719 175 753 203 ut
780 171 836 214 qui
864 171 1044 210 scriberet,

79 231 185 260 vocet

245 275 302 308 15.
356 275 467 308 Cretio
496 279 542 306 est
567 280 674 306 certus
703 274 830 306 dierum
863 286 1034 313 numerum,

79 334 135 362 aut
162 329 253 362 linito
281 333 433 370 ternpore
461 326 613 359 cretionis
642 323 865 367 secluditur³¹³',
901 337 963 359 nec
992 327 1069 358 liber

78 433 138 465 illc
165 431 292 464 haeres
320 430 404 462 milri
431 426 553 462 estol-C-
581 427 833 472 additurqne⁴³¹,
868 430 1066 474 cernitoque

240 225 334 257 Sicut
361 229 471 256 autem
501 222 684 255 codicellus
710 223 746 254 lit
775 223 844 255 vice
872 223 1074 263 testamenti,

1087 76 1232 110 LlBER
1260 78 1299 112 V.
1957 82 2027 115 157

1738 170 1761 190 ³⁰
1789 174 1991 208 codicellum
2002 171 2025 191 ῃ

1073 176 1105 203 et
1133 172 1262 204 titulum
1277 169 1300 189 ’Ἡ
1335 168 1519 205 ciusdem*
1545 173 1726 217 scripturae

1098 224 1143 256 ita
1171 225 1312 268 epistola
1341 226 1411 257 vice
1438 224 1692 259 codicellorum.

1070 275 1101 307 in
1129 287 1196 318 quo
1225 277 1385 309 institutus
1413 275 1530 308 haeres
1559 282 1616 309 aut
1642 272 1748 309 adit³⁶
1776 276 2027 316 haereditatem,

1071 338 1132 359 'uin
1161 333 1209 360 cet
1236 329 1283 360 illi
1313 328 1397 360 ultra
1425 328 1610 371 capiendae
1634 324 1890 363 haereditatum.

359 378 471 411 Cretio
504 382 612 409 autern
640 378 812 421 appellata
824 375 847 394 ⁴¹
870 378 962 421 quasi
992 378 1159 419 decretio,
1197 379 1232 411 id
1262 385 1311 411 est
1338 379 1520 412 decernere
1548 381 1600 412 vel
1637 381 1854 420 constituere,
1891 385 2024 423 utputa:

1078 427 1101 446 ⁴¹
1129 431 1223 462 intra
1251 432 1328 463 (Hcs
1354 435 1400 463 lot
1417 427 1447 464 ¹³.
1501 431 1741 465 Adeundarum
1769 438 1879 464 autem
1908 431 2029 464 haere-

78 485 218 517 ditatum
246 482 439 515 centesimus
457 477 477 497 ¹¹⁵
505 485 643 513 stantunus
672 487 742 513 erat
769 481 856 522 dies,
884 482 1003 524 quibus
1030 494 1095 513 non
1120 479 1238 514 essetfl
1265 483 1369 515 cretio
1398 482 1511 514 addita
1527 480 1555 514 Μ.

79 598 140 628 eo,
167 585 258 629 quod
285 584 360 625 liat,
388 584 479 627 quod
508 590 618 616 tamen
647 596 711 616 non
736 581 804 617 in²¹¹
829 584 960 618 directis
989 586 1067 618 verb

77 689 240 733 probata,
269 692 301 720 et
329 684 489 721 dictum51
518 693 654 731 pactum
688 689 780 732 quasi
817 700 856 721 ex
891 699 977 733 pace
1014 689 1066 722 sac

77 740 164 786 pigit
191 739 319 773 foedus.

243 790 301 823 19.
354 789 518 823 Placitum
546 800 681 833 quoque
709 790 857 823 similiter
868 787 893 807 ⁵³
920 791 962 823 ab
990 802 1043 831 eo,

78 844 192 876 volens
219 840 325 885 quis⁴'⁰
352 838 475 881 facitfff,
504 842 546 873 ad
575 842 733 885 placitum
747 839 772 858 ⁵⁸
800 839 914 874 ver0⁵⁹
942 843 1038 875 etiam

357 533 665 565 1³31!eicommimun
694 533 838 573 dictum,
878 538 913 565 ut
940 534 1014 573 (iat,
1050 533 1143 576 quod
1178 546 1196 565 a
1233 533 1392 567 defuncto
1428 534 1651 567 committitur.

1715 535 1800 568 Nam
1830 534 1913 566 tides
1942 534 2030 568 dicta

1070 586 1113 625 is,
1141 585 1199 617 sed
1229 586 1404 629 precativis
1432 586 1631 629 exposcitur.

355 637 494 669 Pactum
523 636 644 668 dicitur
671 637 754 669 inter
781 642 891 681 partes
919 648 958 668 ex
985 648 1071 681 pace
1088 638 1285 670 conveniens
1303 638 1465 681 scriptura
1478 634 1520 677 ⁵⁰,
1548 637 1677 681 legibus
1704 648 1743 670 ac
1766 637 1912 669 moribus
1935 648 2030 670 com—

1070 694 1158 729 tum,
1193 690 1235 721 ab
1271 700 1331 730 eo,
1364 689 1456 733 quod
1492 694 1538 721 est
1573 684 1743 733 pango⁵²,
1780 689 1868 721 unde
1905 695 1936 720 et
1970 700 2031 733 pe-

1071 791 1164 834 quod
1188 788 1343 836 placet⁵⁴.
1399 792 1465 825 Alii
1492 791 1606 825 dicunt
1634 786 1804 835 [κιοῑιιιῐι55
1832 802 1910 829 esse,
1938 790 2031 833 quod

1068 844 1181 876 nolens
1206 844 1439 888 compellitur,
1473 843 1575 876 veluti
1602 842 1737 886 quando
1765 842 1904 885 quisque
1917 838 1942 858 ¹³⁰
1968 853 2032 886 pa—

78 901 166 929 ratus
193 896 233 928 sit
259 895 291 926 in
318 893 440 926 iudicio
468 893 511 925 ad
541 893 832 937 respondendum,
860 894 953 937 qnod
981 906 1079 927 nemo
1105 900 1215 939 potest
1247 896 1360 929 dicere
1389 900 1542 940 pactum,
1566 895 1624 927 sed
1653 894 1825 939 placitum.

243 945 302 978 20.

243 997 303 1031 21.

357 998 480 1029 Ratum
507 1008 601 1037 vero,
637 994 762 1040 quodUl
799 998 994 1030 rationabile
1023 1004 1054 1031 et

356 944 555 977 Mandatum
584 945 730 985 dictum,
757 945 849 988 qnod
879 946 960 978 olim
990 946 1022 978 in
1051 948 1227 980 commisso
1256 948 1400 991 negocio
1436 947 1519 979 alter
1547 946 1640 978 alteri
1669 957 1802 978 manum
1831 944 1943 976 dabat.

1081 1004 1226 1039 rectum,
1261 1000 1350 1032 unde
1378 1004 1409 1031 et
1436 999 1491 1042 qui
1520 999 1699 1043 pollicetur
1726 997 1825 1030 dicit:
1860 992 2034 1028 Ιῖαίιιηι62

81 1060 154 1083 esse
174 1047 366 1095 profiteor,
396 1048 463 1080 hoc
491 1052 557 1087 est,
585 1049 718 1081 firmum
747 1053 846 1092 atque
874 1055 1093 1094 perpetuum,
1120 1051 1182 1084 rite
1207 1056 1318 1084 autem
1347 1063 1415 1084 csse
1441 1061 1508 1083 non
1535 1055 1640 1093 recte,
1665 1049 1722 1082 sed
1752 1060 1790 1081 ex
1816 1059 1919 1080 more.

244 1099 303 1132 22.

244 1203 303 1237 24.
357 1203 496 1247 Emptio
524 1208 634 1236 autem
663 1203 768 1244 dicta,
810 1204 903 1247 quod
941 1217 959 1237 a
993 1217 1046 1237 nie

79 1253 239 1289 nundinis.

242 1304 300 1338 25.
354 1305 501 1337 Donatio
563 1304 721 1337 cuiuslibe

172 1357 356 1397 actionem,
385 1361 417 1388 et
445 1356 560 1388 dotem
587 1355 678 1398 quasi
702 1355 748 1388 do
770 1356 858 1389 item.
912 1356 1062 1389 Praeced

244 1407 303 1440 26.
356 1408 442 1440 Nam
470 1407 621 1450 antiquus
649 1407 839 1451 nuptiarum
868 1413 937 1441 erat
964 1409 1060 1450 ritus,

78 1459 246 1492 videretur
280 1470 362 1492 uxor
389 1455 561 1499 ancillan,
604 1459 688 1492 sicut
722 1458 885 1492 habemus.
918 1460 950 1492 in
986 1459 1064 1492 iure.

78 1511 225 1554 sequitur
235 1507 260 1527 ²³
285 1511 346 1543 dos
373 1511 494 1544 uxoris.

357 1099 635 1144 Chirographum
652 1127 659 1134 .
677 1126 684 1133 .
703 1125 710 1132 .
728 1126 735 1134 .
768 1100 888 1133 Cautio
904 1098 929 1118 ‘⁵³
951 1127 958 1134 ,
976 1126 983 1133 .

512 1300 536 1320 fili
725 1309 737 1336 t
749 1301 774 1321 (37

78 1357 110 1389 ni
121 1352 146 1372 fit)

76 1596 169 1626 Gu.1.
194 1595 232 1624 al.
255 1611 297 1616 —
321 1593 496 1622 excluditur
519 1594 598 1631 vulg.
624 1612 661 1617 —-
684 1597 732 1633 40)
753 1596 802 1624 Sic
825 1595 881 1623 Gu.
908 1598 931 1626 1.
955 1597 983 1626 3.
1000 1594 1029 1625 4.

76 1639 165 1667 Arev.
186 1653 229 1659 --
255 1636 396 1676 capiendi
424 1636 627 1665 haereditates
656 1639 736 1677 vulg.
768 1648 835 1667 curn
866 1639 895 1666 Z.
919 1638 956 1666 al.
984 1648 1028 1676 pr.

75 1691 122 1709 va.
147 1697 186 1702 ··-
207 1679 356 1719 capienda
375 1679 549 1708 haereditas
573 1681 628 1709 Gu.
642 1685 670 1713 2.
694 1701 730 1704 —
758 1680 898 1719 capiendi
920 1680 1030 1708 lucere-

76 1722 185 1751 ditatt's
202 1723 268 1752 edit.
287 1722 376 1751 Goth.
400 1739 435 1744 ·-
451 1721 615 1761 capiendae
638 1723 839 1752 haereditatis
864 1723 1029 1751 arbitrium

75 1765 132 1794 Gu.
149 1767 180 1797 3,
207 1776 222 1794 e
245 1766 428 1804 glossemate.
475 1765 604 1794 Genitivi
631 1767 761 1805 pendent
792 1779 807 1796 a
839 1766 966 1795 formula
991 1766 1028 1793 li·

75 1808 179 1836 berum
204 1813 262 1845 est,
285 1808 369 1836 cuius
392 1817 496 1836 sensus
522 1813 579 1836 est:
597 1809 721 1837 libertas
744 1816 793 1838 est.
816 1825 857 1830 —
877 1809 921 1846 41)
938 1808 1025 1846 Vulg.

76 1856 117 1879 cst
141 1850 223 1888 add,
245 1850 327 1889 quod
350 1860 406 1878 om.
431 1851 486 1879 Gu.
511 1855 537 1882 1.
562 1866 600 1872 —
625 1853 673 1889 42)
696 1853 745 1881 Sic
768 1854 824 1881 Gu.
849 1854 875 1882 1.
898 1867 940 1872 —
963 1857 1023 1879 esto

75 1893 152 1922 mila·
173 1894 253 1931 vulg.
276 1909 317 1914 —-
339 1893 414 1921 milti
435 1892 539 1921 haeres
560 1900 620 1922 esto
637 1895 827 1924 Ar.—-’1]1·l115
842 1894 956 1927 om.al.,
971 1903 1024 1922 nec

74 1941 119 1965 est
148 1936 229 1975 apud
259 1935 364 1964 Gaium
388 1936 424 1964 11-
454 1935 588 1975 §.164.‚
625 1938 677 1967 ubi
705 1943 764 1967 est:
802 1939 892 1965 Heres
927 1937 1025 1964 Titius

74 1984 143 2007 esto.
158 1995 199 2001 -—
222 1976 269 2017 43)
285 1988 342 2017 quc
364 1977 466 2007 addidi
491 1988 506 2007 e
529 1979 583 2007 Gu.
602 1982 669 2011 1.2.
689 1991 732 2019 pr.
757 1982 806 2009 Ar.
831 1997 869 2001 —
900 1978 946 2019 44)
965 1990 1024 2006 cer-

74 2023 214 2060 niturque
236 2022 265 2049 Z.
289 2030 338 2060 pr.
359 2037 400 2042 —
424 2022 466 2054 45)
493 2022 541 2049 Sic
567 2022 622 2050 Gu.
650 2026 674 2054 1.
697 2026 724 2055 2.
749 2024 799 2052 Ar.
822 2040 862 2044 -—
893 2028 937 2050 tot
959 2021 1023 2049 dies

74 2065 154 2103 vulg.
171 2079 214 2086 —
235 2062 284 2103 46)
299 2064 484 2091 certissima-s·
505 2064 592 2095 Gu.1.
607 2068 635 2096 2.
659 2082 700 2086 —
723 2066 771 2104 47)
795 2071 837 2093 est
860 2065 896 2093 al.
911 2075 956 2104 pr.
973 2074 1020 2094 va.

74 2123 115 2129 --
137 2105 181 2145 48)
206 2106 253 2134 Sic
273 2107 302 2134 Z.
318 2106 373 2134 Gu.
395 2109 419 2137 1.
438 2108 465 2136 2.
481 2106 528 2134 Ar.
553 2124 589 2128 —-
617 2107 738 2136 adiecta
761 2108 842 2146 vulg.
862 2124 903 2129 —
926 2111 968 2141 49)
989 2109 1020 2135 in

74 2160 132 2179 om.
153 2149 208 2177 Gu.
225 2152 253 2180 2.
274 2148 323 2177 Ar.
346 2165 388 2170 —
417 2149 465 2184 50)
487 2150 602 2187 Scripta
617 2151 650 2180 Z.
673 2167 716 2172 —
739 2152 840 2188 5l)2rst
855 2150 922 2179 add.
939 2150 1018 2188 vulg.

72 2208 114 2214 -
136 2193 181 2229 52)
199 2202 282 2230 pago
302 2192 349 2219 Ar.
373 2207 412 2212 —
429 2201 510 2229 paco
534 2191 570 2219 al.
594 2207 634 2213 —-
657 2194 705 2230 53)
731 2194 873 2221 similiter
897 2203 953 2221 om.
971 2203 1016 2221 va.

72 2250 113 2257 —-
135 2232 181 2271 54)
205 2233 288 2272 quod
308 2239 352 2261 eat
368 2234 493 2272 placeat
514 2243 560 2261 va.
584 2250 624 2256 -—
641 2235 766 2272 placeat
795 2237 851 2265 Gu.
871 2238 897 2266 2.
923 2236 958 2263 al.
978 2252 1019 2256 —

71 2275 118 2315 55)
134 2282 263 2316 pactum
289 2287 346 2306 om.
373 2277 403 2305 Z.
426 2292 467 2296 -—
483 2277 612 2314 filetum
642 2288 702 2305 csse
728 2280 764 2307 al.
794 2296 836 2300 -
867 2281 912 2315 56)
936 2279 1018 2316 quis·-

71 2330 129 2359 que
152 2320 202 2348 Ar.
226 2336 268 2341 -—-
299 2320 347 2358 57)
370 2320 481 2357 ficcictt
508 2319 538 2347 Z.
573 2336 606 2340 —
645 2320 690 2357 58)
715 2320 759 2348 ad
779 2323 933 2360 placitum
959 2321 1018 2357 Ar„

73 2361 153 2401 quod
168 2362 287 2402 recepi,
318 2372 385 2391 cum
415 2366 557 2400 sequatur
579 2363 787 2402 compellitur,
818 2374 910 2404 quum
934 2364 1016 2402 vulg.

801 1306 848 1337 rei
876 1305 1050 1338 transactio
1060 1303 1094 1337 ⁰⁸.

362 1152 501 1195 Emptio
530 1148 599 1184 et*il
626 1152 770 1184 venditio
798 1158 846 1185 est
867 1164 976 1186 rernm
997 1154 1214 1187 commutatio
1239 1158 1338 1196 atque
1366 1157 1553 1186 contractus
1581 1164 1620 1185 ex
1641 1150 1869 1185 convenientia
1891 1150 2031 1182 veniens.

1081 1205 1140 1237 tibi
1175 1202 1269 1237 sit⁰⁵z
1297 1204 1442 1236 venditio
1470 1204 1562 1247 quasi
1600 1202 1819 1243 venundatio,
1861 1202 1894 1233 id
1931 1206 1979 1234 est
2014 1213 2032 1232 a

1147 1305 1280 1339 Dictarn
1308 1310 1418 1338 autem
1447 1305 1560 1338 dicunt
1590 1304 1821 1345 donationem,
1850 1303 1941 1346 quasi
1968 1302 2031 1334 do-

1067 1362 1140 1389 ente
1168 1358 1254 1389 enirn
1279 1358 1311 1389 in
1336 1357 1456 1401 nuptiis
1484 1357 1696 1396 donatione,
1712 1356 1773 1388 dos
1800 1355 1955 1397 sequitur.

1093 1419 1161 1451 quo
1175 1405 1199 1424 ⁷⁰
1226 1420 1261 1441 se
1289 1409 1422 1441 maritus
1449 1413 1481 1441 et
1509 1419 1590 1440 uxor
1617 1407 1756 1440 invicem
1789 1407 1961 1447 emebant,
1991 1415 2032 1437 ne

1119 1459 1219 1493 Unde
1230 1456 1255 1476 ⁷²
1282 1466 1346 1503 est,
1382 1460 1475 1503 quod
1506 1459 1730 1504 praecedente
1765 1457 1947 1490 donatione
1972 1456 2032 1488 viri

1072 1595 1111 1624 sit
1134 1605 1192 1633 quo
1217 1596 1383 1634 quisquam
1404 1596 1509 1623 nolens
1532 1605 1644 1633 comp,
1667 1599 1697 1622 at
1721 1602 1766 1623 vv,
1781 1604 1838 1631 quo
1863 1595 2029 1632 quisquam

1073 1649 1129 1666 om.
1154 1638 1183 1665 Z.
1209 1639 1266 1666 Gu.
1285 1642 1311 1669 l.
1334 1641 1362 1671 2.
1385 1649 1430 1676 pr.
1454 1648 1502 1668 va.
1527 1638 1596 1672 Ar„
1626 1637 1677 1675 qui
1702 1636 1770 1665 item
1794 1637 1884 1665 etiam
1903 1635 2025 1664 addunt.

1071 1696 1113 1702 -
1135 1680 1180 1720 59)
1205 1691 1272 1708 vero
1296 1691 1353 1710 om.
1377 1691 1424 1709 va.
1453 1697 1494 1703 —-
1531 1679 1578 1719 60)
1602 1680 1650 1707 Sic
1674 1680 1705 1709 Z.
1729 1679 1785 1707 Gu.
1811 1682 1836 1709 1.
1861 1682 1889 1710 2.
1912 1688 1958 1717 pr.
1981 1688 2026 1705 va.

1074 1723 1124 1751 Ar.
1147 1739 1189 1744 --
1219 1725 1385 1762 quisquam
1408 1724 1487 1762 vulg.
1514 1739 1555 1744 —-
1592 1724 1637 1758 61)
1659 1722 1707 1750 Sic
1733 1723 1789 1751 Gu.
1816 1724 1842 1753 1.
1865 1737 1907 1742 —
1936 1721 2028 1759 quasi

1071 1766 1152 1804 vulg.
1179 1783 1220 1787 —
1252 1769 1296 1803 62)
1319 1772 1423 1794 ratum
1446 1777 1490 1794 me
1513 1776 1573 1794 esse
1595 1764 1634 1793 al.
1663 1782 1695 1786 -—
1727 1770 1752 1792 et
1776 1769 1844 1802 post
1866 1762 1945 1791 unde
1968 1773 2024 1792 om.

1067 1818 1114 1837 va.
1137 1825 1179 1829 --
1210 1811 1254 1846 63)
1279 1809 1365 1847 Vulg.
1394 1809 1490 1838 addit:
1528 1808 1575 1835 vel
1603 1809 1727 1845 scriptio
1757 1806 1891 1835 duarum
1925 1808 2024 1834 instar

1068 1851 1255 1879 chartarum.
1305 1853 1418 1880 Graece
1440 1852 1518 1880 enim
1540 1851 1801 1888 manuscriptum,
1837 1850 1946 1878 Latine
1968 1848 2022 1876 di-

1067 1895 1148 1922 cilw·
1171 1895 1284 1923 cautio.
1335 1895 1415 1923 Haec
1448 1904 1506 1923 om.
1536 1894 1566 1921 Z.
1597 1893 1653 1922 Gu.
1680 1895 1706 1923 1.
1725 1895 1753 1924 2.
1784 1893 1834 1922 Ar.
1866 1908 1902 1913 —
1936 1892 2022 1920 Ciros

1063 1947 1172 1975 graece
1201 1948 1327 1974 manns,
1371 1937 1508 1975 graphia
1540 1937 1690 1974 scriptum
1719 1934 1836 1962 dicitur
1864 1944 1911 1962 va.
1963 1934 2020 1963 Pro

1066 1981 1192 2019 scriptio
1216 1980 1254 2009 al.
1276 1981 1458 2018 perscriptio
1482 1983 1533 2007 aut
1556 1979 1747 2017 conscriptio.
1770 1993 1812 1999 —-
1832 1978 1947 2005 Latine
1964 1987 2019 2004 oni.

1065 2032 1111 2061 pr.
1156 2023 1246 2051 Recte
1274 2023 1363 2052 Arev.
1386 2022 1458 2051 llaec
1487 2022 1590 2061 spuria
1620 2031 1683 2050 esse
1713 2025 1829 2054 censet,
1866 2024 1893 2048 et
1916 2019 2018 2048 deesse

1065 2065 1222 2104 utriusque
1246 2066 1328 2094 vocis
1349 2065 1645 2104 interpretationem,
1668 2068 1701 2092 ut
1723 2063 1842 2102 saepius
1865 2063 1945 2100 apud
1961 2062 2017 2090 lsi-

1065 2107 1128 2136 dor.
1152 2108 1181 2136 in
1208 2108 1287 2137 MSS.
1311 2108 1448 2147 Apposui
1473 2107 1604 2136 defectus
1634 2111 1746 2134 noram.
1770 2122 1811 2127 —
1842 2104 1887 2144 64)
1910 2110 1936 2132 et
1959 2115 2014 2132 om.

1064 2150 1094 2180 Z.
1118 2167 1160 2172 —
1182 2154 1226 2185 65)
1251 2152 1291 2178 sit
1314 2151 1371 2178 [ilat
1394 2152 1475 2179 Z.—
1495 2151 1552 2179 Pro
1576 2148 1762 2178 venundatio
1787 2148 1874 2176 Arev.
1900 2158 2013 2175 venan-

1063 2192 1184 2221 dc'nallo
1210 2192 1339 2223 exhibet.
1355 2210 1396 2215 --
1421 2194 1468 2230 66)
1493 2193 1581 2231 Vulg.
1605 2197 1648 2220 est
1670 2191 1756 2227 add„
1781 2190 1861 2229 quod
1886 2201 1943 2219 om.
1958 2190 2010 2217 Gu.

1065 2239 1092 2265 1.
1117 2253 1158 2257 —
1182 2238 1226 2271 (37)
1251 2236 1373 2264 cuilibet
1397 2237 1453 2264 Gu.
1476 2238 1501 2267 1.
1525 2252 1565 2257 —
1593 2236 1640 2271 63)
1664 2234 1829 2262 translatio
1852 2233 1882 2260 Z.
1904 2249 1945 2253 —-
1967 2233 2010 2263 69)

1062 2278 1110 2306 Sic
1124 2279 1155 2307 Z.
1174 2279 1229 2306 Cu.
1254 2282 1278 2309 1.
1302 2289 1345 2317 pr.
1366 2289 1411 2308 va.
1434 2280 1484 2308 Ar.
1500 2295 1542 2300 —
1568 2277 1652 2305 domi
1674 2277 1754 2314 vulg.
1778 2292 1818 2296 —
1841 2274 1888 2311 70)
1910 2274 1957 2301 Sic
1979 2273 2007 2301 Z.

1062 2320 1116 2348 Gu⁴
1136 2324 1163 2353 1.
1180 2323 1208 2352 2.
1232 2331 1278 2360 pr.
1301 2332 1349 2350 va.
1373 2339 1413 2344 -
1438 2320 1522 2359 quod
1541 2321 1624 2358 vulg.
1644 2336 1686 2343 -
1716 2321 1760 2356 71)
1785 2318 1832 2345 Sic
1853 2317 1908 2344 Gu.
1928 2319 1953 2346 1.
1979 2317 2004 2345 2.

1061 2374 1175 2394 -αησ,
1196 2374 1243 2393 ux.
1261 2365 1341 2404 vulg.
1352 2381 1392 2386 —
1405 2364 1451 2403 72)
1463 2364 1512 2393 Sic
1528 2364 1585 2393 Gu.
1598 2366 1672 2395 l.·-
1685 2360 1755 2389 Inde
1772 2359 1850 2397 vulg·
1864 2373 1898 2379 ···
1913 2357 1958 2394 73)
1967 2366 2008 2382 ⁸⁶·
