<?xml version="1.0" encoding="UTF-8"?>
<!DOCTYPE html PUBLIC "-//W3C//DTD XHTML 1.0 Transitional//EN"
    "http://www.w3.org/TR/xhtml1/DTD/xhtml1-transitional.dtd">
<html xmlns="http://www.w3.org/1999/xhtml" xml:lang="en" lang="en">
 <head>
  <title>
</title>
<meta http-equiv="Content-Type" content="text/html;charset=utf-8" />
  <meta name='ocr-system' content='tesseract 3.04.00' />
  <meta name='ocr-capabilities' content='ocr_page ocr_carea ocr_par ocr_line ocrx_word'/>
</head>
<body>
  <div class='ocr_page' id='page_1' title='image "./corpusgrammatico03linduoft_0593.png"; bbox 0 0 2264 2830; ppageno 0'>
   <div class='ocr_carea' id='block_1_1' title="bbox 770 115 2036 158">
    <p class='ocr_par' dir='ltr' id='par_1_1' title="bbox 770 115 2036 158">
     <span class='ocr_line' id='line_1_1' title="bbox 770 115 2036 158; baseline 0.007 -9"><span class='ocrx_word' id='word_1_1' title='bbox 770 115 1015 151; x_wconf 84' lang='lat' dir='ltr'>ORIGINUM</span> <span class='ocrx_word' id='word_1_2' title='bbox 1048 118 1192 153; x_wconf 73' lang='lat' dir='ltr'>LIBER</span> <span class='ocrx_word' id='word_1_3' title='bbox 1226 121 1339 154; x_wconf 78' lang='lat' dir='ltr'>XVIII</span> <span class='ocrx_word' id='word_1_4' title='bbox 1962 123 2036 158; x_wconf 74' lang='lat'>575</span> 
     </span>
    </p>
   </div>
   <div class='ocr_carea' id='block_1_2' title="bbox 99 209 2036 412">
    <p class='ocr_par' dir='ltr' id='par_1_2' title="bbox 99 209 2036 412">
     <span class='ocr_line' id='line_1_2' title="bbox 323 209 1255 256; baseline 0.004 -14"><span class='ocrx_word' id='word_1_5' title='bbox 323 210 466 243; x_wconf 79' lang='lat' dir='ltr'>Primus</span> <span class='ocrx_word' id='word_1_6' title='bbox 486 209 736 243; x_wconf 78' lang='lat' dir='ltr'>Erichthonius</span> <span class='ocrx_word' id='word_1_7' title='bbox 764 221 888 243; x_wconf 70' lang='lat' dir='ltr'>currus</span> <span class='ocrx_word' id='word_1_8' title='bbox 915 215 945 244; x_wconf 74' lang='lat' dir='ltr'>ct</span> <span class='ocrx_word' id='word_1_9' title='bbox 971 216 1121 256; x_wconf 79' lang='lat' dir='ltr'>quatuor</span> <span class='ocrx_word' id='word_1_10' title='bbox 1148 225 1255 246; x_wconf 64' lang='lat' dir='ltr'>ausus</span> 
     </span>
     <span class='ocr_line' id='line_1_3' title="bbox 323 259 1337 307; baseline 0.005 -14"><span class='ocrx_word' id='word_1_11' title='bbox 323 260 481 307; x_wconf 78' lang='lat' dir='ltr'>Iungere</span> <span class='ocrx_word' id='word_1_12' title='bbox 508 273 620 306; x_wconf 76' lang='lat' dir='ltr'>eqitos,</span> <span class='ocrx_word' id='word_1_13' title='bbox 652 262 858 306; x_wconf 69' lang='lat' dir='ltr'>rapidisque</span> <span class='ocrx_word' id='word_1_14' title='bbox 871 259 896 278; x_wconf 73' lang='lat'>³³³</span> <span class='ocrx_word' id='word_1_15' title='bbox 922 264 1007 295; x_wconf 77' lang='lat' dir='ltr'>rotis</span> <span class='ocrx_word' id='word_1_16' title='bbox 1033 264 1190 297; x_wconf 72' lang='lat' dir='ltr'>insistere</span> <span class='ocrx_word' id='word_1_17' title='bbox 1218 266 1337 298; x_wconf 69' lang='lat' dir='ltr'>victor.</span> 
     </span>
     <span class='ocr_line' id='line_1_4' title="bbox 263 312 2036 357; baseline 0.005 -13"><span class='ocrx_word' id='word_1_18' title='bbox 263 312 295 345; x_wconf 82' lang='grc'>2.</span> <span class='ocrx_word' id='word_1_19' title='bbox 350 314 427 346; x_wconf 83' lang='lat' dir='ltr'>Fuit</span> <span class='ocrx_word' id='word_1_20' title='bbox 453 318 561 346; x_wconf 86' lang='lat' dir='ltr'>autem</span> <span class='ocrx_word' id='word_1_21' title='bbox 590 313 762 346; x_wconf 75' lang='lat' dir='ltr'>Minervae</span> <span class='ocrx_word' id='word_1_22' title='bbox 781 320 811 346; x_wconf 86' lang='lat' dir='ltr'>et</span> <span class='ocrx_word' id='word_1_23' title='bbox 835 315 973 347; x_wconf 74' lang='lat' dir='ltr'>Vulcani</span> <span class='ocrx_word' id='word_1_24' title='bbox 1001 316 1085 348; x_wconf 76' lang='lat' dir='ltr'>tilius</span> <span class='ocrx_word' id='word_1_25' title='bbox 1113 317 1155 349; x_wconf 92' lang='lat' dir='ltr'>de</span> <span class='ocrx_word' id='word_1_26' title='bbox 1184 318 1312 350; x_wconf 86' lang='lat' dir='ltr'>caduca</span> <span class='ocrx_word' id='word_1_27' title='bbox 1340 317 1371 348; x_wconf 91' lang='lat' dir='ltr'>in</span> <span class='ocrx_word' id='word_1_28' title='bbox 1400 320 1520 349; x_wconf 85' lang='lat' dir='ltr'>terram</span> <span class='ocrx_word' id='word_1_29' title='bbox 1548 316 1701 357; x_wconf 81' lang='lat' dir='ltr'>libidine,</span> <span class='ocrx_word' id='word_1_30' title='bbox 1729 322 1764 349; x_wconf 88' lang='lat' dir='ltr'>ut</span> <span class='ocrx_word' id='word_1_31' title='bbox 1775 314 1799 334; x_wconf 74' lang='lat'>³¹</span> <span class='ocrx_word' id='word_1_32' title='bbox 1823 318 1958 352; x_wconf 84' lang='lat' dir='ltr'>fabulae</span> <span class='ocrx_word' id='word_1_33' title='bbox 1986 322 2036 352; x_wconf 85' lang='lat' dir='ltr'>se-</span> 
     </span>
     <span class='ocr_line' id='line_1_5' title="bbox 99 363 2036 412; baseline 0.004 -16"><span class='ocrx_word' id='word_1_34' title='bbox 99 368 192 405; x_wconf 91' lang='lat' dir='ltr'>runt,</span> <span class='ocrx_word' id='word_1_35' title='bbox 218 371 429 408; x_wconf 77' lang='lat' dir='ltr'>procreatus,</span> <span class='ocrx_word' id='word_1_36' title='bbox 457 370 647 408; x_wconf 78' lang='lat' dir='ltr'>portentum</span> <span class='ocrx_word' id='word_1_37' title='bbox 676 367 910 399; x_wconf 81' lang='lat' dir='ltr'>‹taeinonicum</span> <span class='ocrx_word' id='word_1_38' title='bbox 921 363 965 408; x_wconf 80' lang='lat'>³⁵,</span> <span class='ocrx_word' id='word_1_39' title='bbox 992 368 1059 399; x_wconf 87' lang='lat' dir='ltr'>imo</span> <span class='ocrx_word' id='word_1_40' title='bbox 1088 368 1260 411; x_wconf 79' lang='lat' dir='ltr'>diabolus,</span> <span class='ocrx_word' id='word_1_41' title='bbox 1288 368 1344 412; x_wconf 89' lang='lat' dir='ltr'>qui</span> <span class='ocrx_word' id='word_1_42' title='bbox 1367 365 1528 412; x_wconf 41' lang='lat' dir='ltr'>primus-³⁶</span> <span class='ocrx_word' id='word_1_43' title='bbox 1556 368 1672 400; x_wconf 91' lang='lat' dir='ltr'>Iunoni</span> <span class='ocrx_word' id='word_1_44' title='bbox 1699 379 1831 403; x_wconf 88' lang='lat' dir='ltr'>currum</span> <span class='ocrx_word' id='word_1_45' title='bbox 1860 370 2036 404; x_wconf 75' lang='lat' dir='ltr'>dedicavit.</span> 
     </span>
    </p>
   </div>
   <div class='ocr_carea' id='block_1_3' title="bbox 97 416 872 461">
    <p class='ocr_par' dir='ltr' id='par_1_3' title="bbox 97 416 872 461">
     <span class='ocr_line' id='line_1_6' title="bbox 97 416 872 461; baseline 0.005 -14"><span class='ocrx_word' id='word_1_46' title='bbox 97 416 176 448; x_wconf 83' lang='lat' dir='ltr'>Tali</span> <span class='ocrx_word' id='word_1_47' title='bbox 203 422 340 449; x_wconf 82' lang='lat' dir='ltr'>auctore</span> <span class='ocrx_word' id='word_1_48' title='bbox 367 416 551 461; x_wconf 77' lang='lat' dir='ltr'>quadrigae</span> <span class='ocrx_word' id='word_1_49' title='bbox 578 416 763 461; x_wconf 86' lang='lat' dir='ltr'>productae</span> <span class='ocrx_word' id='word_1_50' title='bbox 791 424 872 452; x_wconf 63' lang='lat' dir='ltr'>sunt.</span> 
     </span>
    </p>
   </div>
   <div class='ocr_carea' id='block_1_4' title="bbox 681 502 1023 536">
    <p class='ocr_par' dir='ltr' id='par_1_4' title="bbox 681 502 1023 536">
     <span class='ocr_line' id='line_1_7' title="bbox 681 502 1023 536; baseline 0 0"><span class='ocrx_word' id='word_1_51' title='bbox 681 502 710 536; x_wconf 88' lang='lat' dir='ltr'>C</span> <span class='ocrx_word' id='word_1_52' title='bbox 737 504 767 536; x_wconf 88' lang='lat' dir='ltr'><strong>A</strong></span> <span class='ocrx_word' id='word_1_53' title='bbox 795 504 832 536; x_wconf 89' lang='lat' dir='ltr'>P.</span> <span class='ocrx_word' id='word_1_54' title='bbox 887 504 1023 536; x_wconf 74' lang='lat' dir='ltr'>XXXV.</span> 
     </span>
    </p>
   </div>
   <div class='ocr_carea' id='block_1_5' title="bbox 1100 503 1178 537">
    <p class='ocr_par' dir='ltr' id='par_1_5' title="bbox 1100 503 1178 537">
     <span class='ocr_line' id='line_1_8' title="bbox 1100 503 1178 537; baseline 0 0"><span class='ocrx_word' id='word_1_55' title='bbox 1100 503 1178 537; x_wconf 85' lang='lat' dir='ltr'>De</span> 
     </span>
    </p>
   </div>
   <div class='ocr_carea' id='block_1_6' title="bbox 1231 514 1447 537">
    <p class='ocr_par' dir='ltr' id='par_1_6' title="bbox 1231 514 1447 537">
     <span class='ocr_line' id='line_1_9' title="bbox 1231 514 1447 537; baseline 0 0"><span class='ocrx_word' id='word_1_56' title='bbox 1231 514 1447 537; x_wconf 68' lang='lat' dir='ltr'>curru.</span> 
     </span>
    </p>
   </div>
   <div class='ocr_carea' id='block_1_7' title="bbox 265 567 2039 616">
    <p class='ocr_par' dir='ltr' id='par_1_7' title="bbox 265 567 2039 616">
     <span class='ocr_line' id='line_1_10' title="bbox 265 567 2039 616; baseline 0.003 -14"><span class='ocrx_word' id='word_1_57' title='bbox 265 569 295 602; x_wconf 88' lang='lat' dir='ltr'>l.</span> <span class='ocrx_word' id='word_1_58' title='bbox 348 569 471 603; x_wconf 81' lang='lat' dir='ltr'>Currus</span> <span class='ocrx_word' id='word_1_59' title='bbox 498 575 609 603; x_wconf 87' lang='lat' dir='ltr'>autem</span> <span class='ocrx_word' id='word_1_60' title='bbox 622 567 646 586; x_wconf 76' lang='lat'>³⁷</span> <span class='ocrx_word' id='word_1_61' title='bbox 672 583 690 603; x_wconf 90' lang='lat' dir='ltr'>a</span> <span class='ocrx_word' id='word_1_62' title='bbox 719 583 815 605; x_wconf 71' lang='lat' dir='ltr'>cursu</span> <span class='ocrx_word' id='word_1_63' title='bbox 844 572 967 613; x_wconf 67' lang='lat' dir='ltr'>dictus,</span> <span class='ocrx_word' id='word_1_64' title='bbox 1005 572 1059 605; x_wconf 83' lang='lat' dir='ltr'>vel</span> <span class='ocrx_word' id='word_1_65' title='bbox 1096 573 1173 616; x_wconf 86' lang='lat' dir='ltr'>quia</span> <span class='ocrx_word' id='word_1_66' title='bbox 1206 577 1294 604; x_wconf 78' lang='lat' dir='ltr'>rotas</span> <span class='ocrx_word' id='word_1_67' title='bbox 1329 572 1456 604; x_wconf 84' lang='lat' dir='ltr'>habere</span> <span class='ocrx_word' id='word_1_68' title='bbox 1491 569 1654 605; x_wconf 65' lang='lat' dir='ltr'>videtur³⁸</span> <span class='ocrx_word' id='word_1_69' title='bbox 1682 572 1858 615; x_wconf 64' lang='lat' dir='ltr'>multas‘ffi,</span> <span class='ocrx_word' id='word_1_70' title='bbox 1891 575 1979 607; x_wconf 86' lang='lat' dir='ltr'>unde</span> <span class='ocrx_word' id='word_1_71' title='bbox 2008 581 2039 607; x_wconf 80' lang='lat' dir='ltr'>et</span> 
     </span>
    </p>
   </div>
   <div class='ocr_carea' id='block_1_8' title="bbox 98 617 586 664">
    <p class='ocr_par' dir='ltr' id='par_1_8' title="bbox 98 617 586 664">
     <span class='ocr_line' id='line_1_11' title="bbox 98 617 586 664; baseline 0 -10"><span class='ocrx_word' id='word_1_72' title='bbox 98 633 227 655; x_wconf 85' lang='lat' dir='ltr'>carrum</span> <span class='ocrx_word' id='word_1_73' title='bbox 241 617 266 637; x_wconf 70' lang='lat'>⁴⁰</span> <span class='ocrx_word' id='word_1_74' title='bbox 292 623 382 664; x_wconf 79' lang='lat' dir='ltr'>quasi</span> <span class='ocrx_word' id='word_1_75' title='bbox 411 633 540 654; x_wconf 76' lang='lat' dir='ltr'>cursum</span> <span class='ocrx_word' id='word_1_76' title='bbox 554 619 586 654; x_wconf 72' lang='lat'>⁴¹.</span> 
     </span>
    </p>
   </div>
   <div class='ocr_carea' id='block_1_9' title="bbox 98 672 708 717">
    <p class='ocr_par' dir='ltr' id='par_1_9' title="bbox 98 672 708 717">
     <span class='ocr_line' id='line_1_12' title="bbox 98 672 708 717; baseline 0.003 -12"><span class='ocrx_word' id='word_1_77' title='bbox 98 674 154 717; x_wconf 89' lang='lat' dir='ltr'>qui</span> <span class='ocrx_word' id='word_1_78' title='bbox 181 673 330 706; x_wconf 83' lang='lat' dir='ltr'>omnibus</span> <span class='ocrx_word' id='word_1_79' title='bbox 359 674 450 716; x_wconf 76' lang='lat' dir='ltr'>equis</span> <span class='ocrx_word' id='word_1_80' title='bbox 477 672 708 707; x_wconf 77' lang='lat' dir='ltr'>iniiceretur⁴³.</span> 
     </span>
    </p>
   </div>
   <div class='ocr_carea' id='block_1_10' title="bbox 642 622 1552 668">
    <p class='ocr_par' dir='ltr' id='par_1_10' title="bbox 642 622 1552 668">
     <span class='ocr_line' id='line_1_13' title="bbox 642 622 1552 668; baseline 0.001 -13"><span class='ocrx_word' id='word_1_81' title='bbox 642 622 891 668; x_wconf 72' lang='lat' dir='ltr'>Quadrigarium</span> <span class='ocrx_word' id='word_1_82' title='bbox 920 636 998 657; x_wconf 78' lang='lat' dir='ltr'>vero</span> <span class='ocrx_word' id='word_1_83' title='bbox 1027 635 1138 658; x_wconf 74' lang='lat' dir='ltr'>currus</span> <span class='ocrx_word' id='word_1_84' title='bbox 1166 623 1293 667; x_wconf 84' lang='lat' dir='ltr'>duplici</span> <span class='ocrx_word' id='word_1_85' title='bbox 1317 624 1397 656; x_wconf 89' lang='lat' dir='ltr'>olim</span> <span class='ocrx_word' id='word_1_86' title='bbox 1420 628 1552 656; x_wconf 88' lang='lat' dir='ltr'>temone</span> 
     </span>
    </p>
   </div>
   <div class='ocr_carea' id='block_1_11' title="bbox 1571 620 1591 640">
    <p class='ocr_par' dir='ltr' id='par_1_11' title="bbox 1571 620 1591 640">
     <span class='ocr_line' id='line_1_14' title="bbox 1571 620 1591 640; baseline 0 0"><span class='ocrx_word' id='word_1_87' title='bbox 1571 620 1591 640; x_wconf 69' lang='lat' dir='ltr'>iz</span> 
     </span>
    </p>
   </div>
   <div class='ocr_carea' id='block_1_12' title="bbox 1618 630 2039 670">
    <p class='ocr_par' dir='ltr' id='par_1_12' title="bbox 1618 630 2039 670">
     <span class='ocr_line' id='line_1_15' title="bbox 1618 630 2039 670; baseline 0.005 -14"><span class='ocrx_word' id='word_1_88' title='bbox 1618 630 1709 657; x_wconf 88' lang='lat' dir='ltr'>erant</span> <span class='ocrx_word' id='word_1_89' title='bbox 1738 631 1979 670; x_wconf 80' lang='lat' dir='ltr'>perpetuoque,</span> <span class='ocrx_word' id='word_1_90' title='bbox 2008 634 2039 659; x_wconf 85' lang='lat' dir='ltr'>et</span> 
     </span>
    </p>
   </div>
   <div class='ocr_carea' id='block_1_13' title="bbox 97 722 2041 823">
    <p class='ocr_par' dir='ltr' id='par_1_13' title="bbox 97 722 2041 823">
     <span class='ocr_line' id='line_1_16' title="bbox 261 722 2039 771; baseline 0.003 -15"><span class='ocrx_word' id='word_1_91' title='bbox 261 724 293 756; x_wconf 85' lang='lat'>2.</span> <span class='ocrx_word' id='word_1_92' title='bbox 346 725 432 769; x_wconf 86' lang='lat' dir='ltr'>lugo</span> <span class='ocrx_word' id='word_1_93' title='bbox 461 726 585 769; x_wconf 79' lang='lat' dir='ltr'>primus</span> <span class='ocrx_word' id='word_1_94' title='bbox 613 722 846 769; x_wconf 64' lang='lat' dir='ltr'>Clystllenes⁴⁸</span> <span class='ocrx_word' id='word_1_95' title='bbox 869 726 1041 769; x_wconf 75' lang='lat' dir='ltr'>Sicyonius</span> <span class='ocrx_word' id='word_1_96' title='bbox 1069 730 1194 758; x_wconf 86' lang='lat' dir='ltr'>tantum</span> <span class='ocrx_word' id='word_1_97' title='bbox 1213 725 1341 757; x_wconf 82' lang='lat' dir='ltr'>medios</span> <span class='ocrx_word' id='word_1_98' title='bbox 1368 726 1511 769; x_wconf 82' lang='lat' dir='ltr'>iugavit,</span> <span class='ocrx_word' id='word_1_99' title='bbox 1541 727 1652 769; x_wconf 69' lang='lat' dir='ltr'>eisque</span> <span class='ocrx_word' id='word_1_100' title='bbox 1670 722 1690 742; x_wconf 74' lang='lat'>¹³</span> <span class='ocrx_word' id='word_1_101' title='bbox 1717 727 1866 771; x_wconf 73' lang='lat' dir='ltr'>singulos</span> <span class='ocrx_word' id='word_1_102' title='bbox 1895 739 1933 760; x_wconf 85' lang='lat' dir='ltr'>ex</span> <span class='ocrx_word' id='word_1_103' title='bbox 1949 733 2039 760; x_wconf 83' lang='lat' dir='ltr'>utra-</span> 
     </span>
     <span class='ocr_line' id='line_1_17' title="bbox 97 774 2041 823; baseline 0.002 -15"><span class='ocrx_word' id='word_1_104' title='bbox 97 787 162 819; x_wconf 87' lang='lat' dir='ltr'>que</span> <span class='ocrx_word' id='word_1_105' title='bbox 188 782 284 820; x_wconf 82' lang='lat' dir='ltr'>parte</span> <span class='ocrx_word' id='word_1_106' title='bbox 312 776 453 821; x_wconf 85' lang='lat' dir='ltr'>simplici</span> <span class='ocrx_word' id='word_1_107' title='bbox 481 777 613 809; x_wconf 76' lang='lat' dir='ltr'>vinculo</span> <span class='ocrx_word' id='word_1_108' title='bbox 639 779 818 821; x_wconf 80' lang='lat' dir='ltr'>applicuit,</span> <span class='ocrx_word' id='word_1_109' title='bbox 846 789 930 821; x_wconf 83' lang='lat' dir='ltr'>quos</span> <span class='ocrx_word' id='word_1_110' title='bbox 957 777 1081 810; x_wconf 85' lang='lat' dir='ltr'>Graeci</span> <span class='ocrx_word' id='word_1_111' title='bbox 1109 774 1367 823; x_wconf 62' lang='lat' dir='ltr'>oecearpo&#39;oovg,</span> <span class='ocrx_word' id='word_1_112' title='bbox 1402 777 1511 809; x_wconf 86' lang='lat' dir='ltr'>Latini</span> <span class='ocrx_word' id='word_1_113' title='bbox 1535 778 1679 810; x_wconf 77' lang='lat' dir='ltr'>funarios</span> <span class='ocrx_word' id='word_1_114' title='bbox 1707 785 1843 817; x_wconf 74' lang='lat' dir='ltr'>vocant,</span> <span class='ocrx_word' id='word_1_115' title='bbox 1872 792 1889 811; x_wconf 87' lang='lat' dir='ltr'>a</span> <span class='ocrx_word' id='word_1_116' title='bbox 1917 791 2041 823; x_wconf 80' lang='lat' dir='ltr'>genere</span> 
     </span>
    </p>
   </div>
   <div class='ocr_carea' id='block_1_14' title="bbox 97 828 711 873">
    <p class='ocr_par' dir='ltr' id='par_1_14' title="bbox 97 828 711 873">
     <span class='ocr_line' id='line_1_18' title="bbox 97 828 711 873; baseline 0.002 -13"><span class='ocrx_word' id='word_1_117' title='bbox 97 828 238 868; x_wconf 78' lang='lat' dir='ltr'>vinculi,</span> <span class='ocrx_word' id='word_1_118' title='bbox 265 839 332 871; x_wconf 85' lang='lat' dir='ltr'>quo</span> <span class='ocrx_word' id='word_1_119' title='bbox 359 829 451 872; x_wconf 81' lang='lat' dir='ltr'>prius</span> <span class='ocrx_word' id='word_1_120' title='bbox 478 828 711 873; x_wconf 76' lang='lat' dir='ltr'>alligabantur.</span> 
     </span>
    </p>
   </div>
   <div class='ocr_carea' id='block_1_15' title="bbox 419 913 776 947">
    <p class='ocr_par' dir='ltr' id='par_1_15' title="bbox 419 913 776 947">
     <span class='ocr_line' id='line_1_19' title="bbox 419 913 776 947; baseline -0.003 0"><span class='ocrx_word' id='word_1_121' title='bbox 419 913 448 947; x_wconf 92' lang='lat' dir='ltr'>C</span> <span class='ocrx_word' id='word_1_122' title='bbox 474 914 505 947; x_wconf 85' lang='lat' dir='ltr'>A</span> <span class='ocrx_word' id='word_1_123' title='bbox 532 914 569 947; x_wconf 88' lang='lat' dir='ltr'>P.</span> <span class='ocrx_word' id='word_1_124' title='bbox 623 914 776 947; x_wconf 81' lang='lat' dir='ltr'>xxxvl.</span> 
     </span>
    </p>
   </div>
   <div class='ocr_carea' id='block_1_16' title="bbox 267 978 1604 1027">
    <p class='ocr_par' dir='ltr' id='par_1_16' title="bbox 267 978 1604 1027">
     <span class='ocr_line' id='line_1_20' title="bbox 267 978 1604 1027; baseline 0.002 -14"><span class='ocrx_word' id='word_1_125' title='bbox 267 981 298 1015; x_wconf 85' lang='lat' dir='ltr'>l.</span> <span class='ocrx_word' id='word_1_126' title='bbox 351 982 547 1026; x_wconf 83' lang='lat' dir='ltr'>Quadrigae</span> <span class='ocrx_word' id='word_1_127' title='bbox 574 986 607 1014; x_wconf 85' lang='lat' dir='ltr'>et</span> <span class='ocrx_word' id='word_1_128' title='bbox 633 982 750 1026; x_wconf 85' lang='lat' dir='ltr'>bigae,</span> <span class='ocrx_word' id='word_1_129' title='bbox 778 987 811 1015; x_wconf 91' lang='lat' dir='ltr'>et</span> <span class='ocrx_word' id='word_1_130' title='bbox 822 978 846 999; x_wconf 75' lang='lat'>⁴¹⁵</span> <span class='ocrx_word' id='word_1_131' title='bbox 873 982 979 1026; x_wconf 80' lang='lat' dir='ltr'>trigae</span> <span class='ocrx_word' id='word_1_132' title='bbox 1007 988 1038 1014; x_wconf 87' lang='lat' dir='ltr'>et</span> <span class='ocrx_word' id='word_1_133' title='bbox 1065 983 1199 1027; x_wconf 83' lang='lat' dir='ltr'>seiugae</span> <span class='ocrx_word' id='word_1_134' title='bbox 1227 995 1245 1015; x_wconf 90' lang='lat' dir='ltr'>a</span> <span class='ocrx_word' id='word_1_135' title='bbox 1272 994 1411 1015; x_wconf 90' lang='lat' dir='ltr'>numero</span> <span class='ocrx_word' id='word_1_136' title='bbox 1440 994 1604 1026; x_wconf 85' lang='lat' dir='ltr'>equorum</span> 
     </span>
    </p>
   </div>
   <div class='ocr_carea' id='block_1_17' title="bbox 97 1031 1000 1079">
    <p class='ocr_par' dir='ltr' id='par_1_17' title="bbox 97 1031 1000 1079">
     <span class='ocr_line' id='line_1_21' title="bbox 97 1031 1000 1079; baseline 0 -13"><span class='ocrx_word' id='word_1_137' title='bbox 97 1033 217 1076; x_wconf 84' lang='lat' dir='ltr'>quibus</span> <span class='ocrx_word' id='word_1_138' title='bbox 245 1033 424 1079; x_wconf 75' lang='lat' dir='ltr'>quadrigas</span> <span class='ocrx_word' id='word_1_139' title='bbox 451 1034 532 1073; x_wconf 86' lang='lat' dir='ltr'>soli,</span> <span class='ocrx_word' id='word_1_140' title='bbox 562 1033 656 1077; x_wconf 79' lang='lat' dir='ltr'>bigas</span> <span class='ocrx_word' id='word_1_141' title='bbox 682 1034 798 1075; x_wconf 79' lang='lat' dir='ltr'>lunae,</span> <span class='ocrx_word' id='word_1_142' title='bbox 826 1035 930 1078; x_wconf 81' lang='lat' dir='ltr'>trigas</span> <span class='ocrx_word' id='word_1_143' title='bbox 941 1031 966 1050; x_wconf 66' lang='lat'>⁴⁸</span> <span class='ocrx_word' id='word_1_144' title='bbox 993 1034 1000 1040; x_wconf 81' lang='grc'><em>“</em></span> 
     </span>
    </p>
   </div>
   <div class='ocr_carea' id='block_1_18' title="bbox 98 1082 834 1178">
    <p class='ocr_par' dir='ltr' id='par_1_18' title="bbox 98 1082 834 1178">
     <span class='ocr_line' id='line_1_22' title="bbox 98 1082 352 1118; baseline 0 0"><span class='ocrx_word' id='word_1_145' title='bbox 98 1090 308 1118; x_wconf 82' lang='lat' dir='ltr'>sacraverunt</span> <span class='ocrx_word' id='word_1_146' title='bbox 320 1082 352 1118; x_wconf 75' lang='lat'>⁴⁹.</span> 
     </span>
     <span class='ocr_line' id='line_1_23' title="bbox 99 1134 834 1178; baseline 0.001 -8"><span class='ocrx_word' id='word_1_147' title='bbox 99 1143 131 1170; x_wconf 86' lang='lat' dir='ltr'>et</span> <span class='ocrx_word' id='word_1_148' title='bbox 157 1141 332 1178; x_wconf 74' lang='lat' dir='ltr'>aestatem,</span> <span class='ocrx_word' id='word_1_149' title='bbox 361 1141 553 1169; x_wconf 86' lang='lat' dir='ltr'>autumnum</span> <span class='ocrx_word' id='word_1_150' title='bbox 582 1141 614 1169; x_wconf 89' lang='lat' dir='ltr'>et</span> <span class='ocrx_word' id='word_1_151' title='bbox 643 1135 790 1170; x_wconf 87' lang='lat' dir='ltr'>hiemem</span> <span class='ocrx_word' id='word_1_152' title='bbox 801 1134 834 1171; x_wconf 74' lang='lat'>⁵².</span> 
     </span>
    </p>
   </div>
   <div class='ocr_carea' id='block_1_19' title="bbox 860 913 1139 958">
    <p class='ocr_par' dir='ltr' id='par_1_19' title="bbox 860 913 1139 958">
     <span class='ocr_line' id='line_1_24' title="bbox 860 913 1139 958; baseline 0 -12"><span class='ocrx_word' id='word_1_153' title='bbox 860 913 936 946; x_wconf 79' lang='lat' dir='ltr'>De</span> <span class='ocrx_word' id='word_1_154' title='bbox 986 913 1139 958; x_wconf 80' lang='lat' dir='ltr'>equis</span> 
     </span>
    </p>
   </div>
   <div class='ocr_carea' id='block_1_20' title="bbox 1191 913 1719 958">
    <p class='ocr_par' dir='ltr' id='par_1_20' title="bbox 1191 913 1719 958">
     <span class='ocr_line' id='line_1_25' title="bbox 1191 913 1719 958; baseline 0.002 -12"><span class='ocrx_word' id='word_1_155' title='bbox 1191 913 1387 958; x_wconf 76' lang='lat' dir='ltr'>quibus</span> <span class='ocrx_word' id='word_1_156' title='bbox 1438 914 1719 947; x_wconf 77' lang='lat' dir='ltr'>currimus.</span> 
     </span>
    </p>
   </div>
   <div class='ocr_carea' id='block_1_21' title="bbox 1620 980 2040 1028">
    <p class='ocr_par' dir='ltr' id='par_1_21' title="bbox 1620 980 2040 1028">
     <span class='ocr_line' id='line_1_26' title="bbox 1620 980 2040 1028; baseline 0 -12"><span class='ocrx_word' id='word_1_157' title='bbox 1620 980 1643 1001; x_wconf 80' lang='lat'>⁴⁷</span> <span class='ocrx_word' id='word_1_158' title='bbox 1672 989 1704 1016; x_wconf 88' lang='lat' dir='ltr'>et</span> <span class='ocrx_word' id='word_1_159' title='bbox 1725 984 1806 1028; x_wconf 88' lang='lat' dir='ltr'>iugo</span> <span class='ocrx_word' id='word_1_160' title='bbox 1831 983 1950 1016; x_wconf 90' lang='lat' dir='ltr'>dictae.</span> <span class='ocrx_word' id='word_1_161' title='bbox 1990 983 2040 1016; x_wconf 84' lang='lat' dir='ltr'>Ex</span> 
     </span>
    </p>
   </div>
   <div class='ocr_carea' id='block_1_22' title="bbox 407 1034 2042 1131">
    <p class='ocr_par' dir='ltr' id='par_1_22' title="bbox 407 1034 2042 1131">
     <span class='ocr_line' id='line_1_27' title="bbox 993 1034 2042 1078; baseline 0.002 -13"><span class='ocrx_word' id='word_1_162' title='bbox 993 1034 1122 1072; x_wconf 73' lang='lat' dir='ltr'>mseris,</span> <span class='ocrx_word' id='word_1_163' title='bbox 1150 1035 1280 1078; x_wconf 77' lang='lat' dir='ltr'>seiugas</span> <span class='ocrx_word' id='word_1_164' title='bbox 1308 1035 1397 1076; x_wconf 81' lang='lat' dir='ltr'>Iovi,</span> <span class='ocrx_word' id='word_1_165' title='bbox 1434 1035 1619 1068; x_wconf 80' lang='lat' dir='ltr'>desultores</span> <span class='ocrx_word' id='word_1_166' title='bbox 1642 1035 1801 1069; x_wconf 83' lang='lat' dir='ltr'>Lucifero</span> <span class='ocrx_word' id='word_1_167' title='bbox 1829 1039 1861 1067; x_wconf 85' lang='lat' dir='ltr'>et</span> <span class='ocrx_word' id='word_1_168' title='bbox 1889 1034 2042 1078; x_wconf 78' lang='lat' dir='ltr'>Hespero</span> 
     </span>
     <span class='ocr_line' id='line_1_28' title="bbox 407 1081 1731 1131; baseline 0.001 -13"><span class='ocrx_word' id='word_1_169' title='bbox 407 1085 620 1129; x_wconf 83' lang='lat' dir='ltr'>Quadrigam</span> <span class='ocrx_word' id='word_1_170' title='bbox 632 1081 656 1101; x_wconf 77' lang='lat'>⁵⁰</span> <span class='ocrx_word' id='word_1_171' title='bbox 683 1085 760 1118; x_wconf 90' lang='lat' dir='ltr'>ideo</span> <span class='ocrx_word' id='word_1_172' title='bbox 788 1085 848 1117; x_wconf 77' lang='lat' dir='ltr'>soli</span> <span class='ocrx_word' id='word_1_173' title='bbox 875 1086 1030 1131; x_wconf 85' lang='lat' dir='ltr'>iungunt,</span> <span class='ocrx_word' id='word_1_174' title='bbox 1068 1087 1146 1129; x_wconf 86' lang='lat' dir='ltr'>quia</span> <span class='ocrx_word' id='word_1_175' title='bbox 1181 1097 1243 1130; x_wconf 88' lang='lat' dir='ltr'>per</span> <span class='ocrx_word' id='word_1_176' title='bbox 1270 1092 1411 1129; x_wconf 86' lang='lat' dir='ltr'>quatuor</span> <span class='ocrx_word' id='word_1_177' title='bbox 1443 1098 1543 1119; x_wconf 81' lang='lat' dir='ltr'>annus</span> <span class='ocrx_word' id='word_1_178' title='bbox 1577 1093 1731 1131; x_wconf 86' lang='lat' dir='ltr'>tempora</span> 
     </span>
    </p>
   </div>
   <div class='ocr_carea' id='block_1_23' title="bbox 1740 1083 2042 1125">
    <p class='ocr_par' dir='ltr' id='par_1_23' title="bbox 1740 1083 2042 1125">
     <span class='ocr_line' id='line_1_29' title="bbox 1740 1083 2042 1125; baseline -0.003 -7"><span class='ocrx_word' id='word_1_179' title='bbox 1740 1083 1764 1103; x_wconf 82' lang='lat'>⁵¹</span> <span class='ocrx_word' id='word_1_180' title='bbox 1802 1086 1951 1125; x_wconf 75' lang='lat' dir='ltr'>vertitur,</span> <span class='ocrx_word' id='word_1_181' title='bbox 1985 1097 2042 1118; x_wconf 80' lang='lat' dir='ltr'>ver</span> 
     </span>
    </p>
   </div>
   <div class='ocr_carea' id='block_1_24' title="bbox 262 1185 2041 1233">
    <p class='ocr_par' dir='ltr' id='par_1_24' title="bbox 262 1185 2041 1233">
     <span class='ocr_line' id='line_1_30' title="bbox 262 1185 2041 1233; baseline 0 -14"><span class='ocrx_word' id='word_1_182' title='bbox 262 1187 295 1220; x_wconf 82' lang='lat'>2.</span> <span class='ocrx_word' id='word_1_183' title='bbox 349 1188 452 1233; x_wconf 74' lang='lat' dir='ltr'>Bigas</span> <span class='ocrx_word' id='word_1_184' title='bbox 464 1185 488 1205; x_wconf 80' lang='lat'>⁵³</span> <span class='ocrx_word' id='word_1_185' title='bbox 514 1188 629 1229; x_wconf 84' lang='lat' dir='ltr'>lunae,</span> <span class='ocrx_word' id='word_1_186' title='bbox 657 1189 814 1231; x_wconf 89' lang='lat' dir='ltr'>quoniam</span> <span class='ocrx_word' id='word_1_187' title='bbox 842 1188 977 1232; x_wconf 85' lang='lat' dir='ltr'>gemino</span> <span class='ocrx_word' id='word_1_188' title='bbox 1005 1198 1101 1221; x_wconf 72' lang='lat' dir='ltr'>cursu</span> <span class='ocrx_word' id='word_1_189' title='bbox 1123 1199 1200 1220; x_wconf 90' lang='lat' dir='ltr'>cum</span> <span class='ocrx_word' id='word_1_190' title='bbox 1227 1189 1296 1221; x_wconf 77' lang='lat' dir='ltr'>sole</span> <span class='ocrx_word' id='word_1_191' title='bbox 1327 1189 1513 1230; x_wconf 87' lang='lat' dir='ltr'>contendit,</span> <span class='ocrx_word' id='word_1_192' title='bbox 1541 1190 1609 1221; x_wconf 77' lang='lat' dir='ltr'>sive</span> <span class='ocrx_word' id='word_1_193' title='bbox 1636 1189 1713 1232; x_wconf 85' lang='lat' dir='ltr'>quia</span> <span class='ocrx_word' id='word_1_194' title='bbox 1740 1193 1772 1221; x_wconf 86' lang='lat' dir='ltr'>et</span> <span class='ocrx_word' id='word_1_195' title='bbox 1807 1193 1903 1221; x_wconf 89' lang='lat' dir='ltr'>nocte</span> <span class='ocrx_word' id='word_1_196' title='bbox 1931 1193 1963 1220; x_wconf 90' lang='lat' dir='ltr'>et</span> <span class='ocrx_word' id='word_1_197' title='bbox 1987 1188 2041 1220; x_wconf 88' lang='lat' dir='ltr'>die</span> 
     </span>
    </p>
   </div>
   <div class='ocr_carea' id='block_1_25' title="bbox 97 1234 274 1272">
    <p class='ocr_par' dir='ltr' id='par_1_25' title="bbox 97 1234 274 1272">
     <span class='ocr_line' id='line_1_31' title="bbox 97 1234 274 1272; baseline -0.006 0"><span class='ocrx_word' id='word_1_198' title='bbox 97 1238 226 1272; x_wconf 87' lang='lat' dir='ltr'>videtur</span> <span class='ocrx_word' id='word_1_199' title='bbox 240 1234 274 1272; x_wconf 81' lang='lat'>⁵⁴.</span> 
     </span>
    </p>
   </div>
   <div class='ocr_carea' id='block_1_26' title="bbox 329 1236 1471 1284">
    <p class='ocr_par' dir='ltr' id='par_1_26' title="bbox 329 1236 1471 1284">
     <span class='ocr_line' id='line_1_32' title="bbox 329 1236 1471 1284; baseline 0.001 -13"><span class='ocrx_word' id='word_1_200' title='bbox 329 1239 475 1284; x_wconf 84' lang='lat' dir='ltr'>Iungunt</span> <span class='ocrx_word' id='word_1_201' title='bbox 502 1239 589 1273; x_wconf 85' lang='lat' dir='ltr'>enim</span> <span class='ocrx_word' id='word_1_202' title='bbox 617 1251 718 1272; x_wconf 90' lang='lat' dir='ltr'>unum</span> <span class='ocrx_word' id='word_1_203' title='bbox 734 1236 758 1256; x_wconf 74' lang='lat'>⁵⁵</span> <span class='ocrx_word' id='word_1_204' title='bbox 786 1251 907 1283; x_wconf 90' lang='lat' dir='ltr'>equum</span> <span class='ocrx_word' id='word_1_205' title='bbox 935 1239 1085 1282; x_wconf 85' lang='lat' dir='ltr'>nigrum,</span> <span class='ocrx_word' id='word_1_206' title='bbox 1113 1239 1252 1272; x_wconf 87' lang='lat' dir='ltr'>alterum</span> <span class='ocrx_word' id='word_1_207' title='bbox 1279 1240 1471 1275; x_wconf 83' lang='lat' dir='ltr'>candidum.</span> 
     </span>
    </p>
   </div>
   <div class='ocr_carea' id='block_1_27' title="bbox 1535 1236 2041 1284">
    <p class='ocr_par' dir='ltr' id='par_1_27' title="bbox 1535 1236 2041 1284">
     <span class='ocr_line' id='line_1_33' title="bbox 1535 1236 2041 1284; baseline -0.002 -12"><span class='ocrx_word' id='word_1_208' title='bbox 1535 1240 1656 1284; x_wconf 72' lang='lat' dir='ltr'>&#39;frigas</span> <span class='ocrx_word' id='word_1_209' title='bbox 1685 1240 1746 1272; x_wconf 75' lang='lat' dir='ltr'>diis</span> <span class='ocrx_word' id='word_1_210' title='bbox 1757 1236 1781 1255; x_wconf 70' lang='lat'>⁵³⁰</span> <span class='ocrx_word' id='word_1_211' title='bbox 1808 1240 1936 1281; x_wconf 86' lang='lat' dir='ltr'>inferis,</span> <span class='ocrx_word' id='word_1_212' title='bbox 1964 1240 2041 1282; x_wconf 84' lang='lat' dir='ltr'>quia</span> 
     </span>
    </p>
   </div>
   <div class='ocr_carea' id='block_1_28' title="bbox 97 1287 2039 1334">
    <p class='ocr_par' dir='ltr' id='par_1_28' title="bbox 97 1287 2039 1334">
     <span class='ocr_line' id='line_1_34' title="bbox 97 1287 2039 1334; baseline -0.001 -10"><span class='ocrx_word' id='word_1_213' title='bbox 97 1287 167 1324; x_wconf 76' lang='lat' dir='ltr'>hi⁵⁷</span> <span class='ocrx_word' id='word_1_214' title='bbox 194 1301 256 1334; x_wconf 88' lang='lat' dir='ltr'>per</span> <span class='ocrx_word' id='word_1_215' title='bbox 279 1296 344 1324; x_wconf 85' lang='lat' dir='ltr'>tres</span> <span class='ocrx_word' id='word_1_216' title='bbox 371 1296 494 1323; x_wconf 84' lang='lat' dir='ltr'>aetates</span> <span class='ocrx_word' id='word_1_217' title='bbox 522 1290 674 1323; x_wconf 79' lang='lat' dir='ltr'>homines</span> <span class='ocrx_word' id='word_1_218' title='bbox 702 1291 801 1323; x_wconf 81' lang='lat' dir='ltr'>adse</span> <span class='ocrx_word' id='word_1_219' title='bbox 824 1291 955 1334; x_wconf 86' lang='lat' dir='ltr'>rapiunt</span> <span class='ocrx_word' id='word_1_220' title='bbox 967 1287 1002 1330; x_wconf 65' lang='lat'>³⁸,</span> <span class='ocrx_word' id='word_1_221' title='bbox 1033 1289 1066 1321; x_wconf 91' lang='lat' dir='ltr'>id</span> <span class='ocrx_word' id='word_1_222' title='bbox 1095 1296 1142 1322; x_wconf 74' lang='lat' dir='ltr'>est</span> <span class='ocrx_word' id='word_1_223' title='bbox 1170 1302 1231 1334; x_wconf 87' lang='lat' dir='ltr'>per</span> <span class='ocrx_word' id='word_1_224' title='bbox 1242 1287 1266 1307; x_wconf 70' lang='lat'>⁵⁹</span> <span class='ocrx_word' id='word_1_225' title='bbox 1289 1292 1475 1330; x_wconf 83' lang='lat' dir='ltr'>infantiam,</span> <span class='ocrx_word' id='word_1_226' title='bbox 1504 1292 1706 1324; x_wconf 74' lang='lat' dir='ltr'>iuventutem</span> <span class='ocrx_word' id='word_1_227' title='bbox 1736 1296 1835 1334; x_wconf 81' lang='lat' dir='ltr'>atque</span> <span class='ocrx_word' id='word_1_228' title='bbox 1862 1296 2039 1323; x_wconf 84' lang='lat' dir='ltr'>senectam.</span> 
     </span>
    </p>
   </div>
   <div class='ocr_carea' id='block_1_29' title="bbox 97 1338 456 1386">
    <p class='ocr_par' dir='ltr' id='par_1_29' title="bbox 97 1338 456 1386">
     <span class='ocr_line' id='line_1_35' title="bbox 97 1338 456 1386; baseline -0.003 -10"><span class='ocrx_word' id='word_1_229' title='bbox 97 1342 222 1386; x_wconf 81' lang='lat' dir='ltr'>Seiuga</span> <span class='ocrx_word' id='word_1_230' title='bbox 257 1343 415 1375; x_wconf 78' lang='lat' dir='ltr'>maximus</span> <span class='ocrx_word' id='word_1_231' title='bbox 430 1338 456 1359; x_wconf 71' lang='lat'>⁶⁰</span> 
     </span>
    </p>
   </div>
   <div class='ocr_carea' id='block_1_30' title="bbox 97 1393 245 1429">
    <p class='ocr_par' dir='ltr' id='par_1_30' title="bbox 97 1393 245 1429">
     <span class='ocr_line' id='line_1_36' title="bbox 97 1393 245 1429; baseline -0.027 0"><span class='ocrx_word' id='word_1_232' title='bbox 97 1393 245 1429; x_wconf 85' lang='lat' dir='ltr'>creduut.</span> 
     </span>
    </p>
   </div>
   <div class='ocr_carea' id='block_1_31' title="bbox 491 1338 1904 1385">
    <p class='ocr_par' dir='ltr' id='par_1_31' title="bbox 491 1338 1904 1385">
     <span class='ocr_line' id='line_1_37' title="bbox 491 1338 1904 1385; baseline 0 -10"><span class='ocrx_word' id='word_1_233' title='bbox 491 1339 637 1375; x_wconf 77' lang='lat' dir='ltr'>currus⁰¹</span> <span class='ocrx_word' id='word_1_234' title='bbox 674 1342 744 1375; x_wconf 82' lang='lat' dir='ltr'>Iovi</span> <span class='ocrx_word' id='word_1_235' title='bbox 783 1343 883 1377; x_wconf 88' lang='lat' dir='ltr'>currit</span> <span class='ocrx_word' id='word_1_236' title='bbox 896 1338 931 1383; x_wconf 61' lang='lat'>¹5²,</span> <span class='ocrx_word' id='word_1_237' title='bbox 972 1346 1112 1385; x_wconf 88' lang='lat' dir='ltr'>propter</span> <span class='ocrx_word' id='word_1_238' title='bbox 1145 1342 1237 1385; x_wconf 90' lang='lat' dir='ltr'>quod</span> <span class='ocrx_word' id='word_1_239' title='bbox 1273 1343 1451 1376; x_wconf 82' lang='lat' dir='ltr'>maximum</span> <span class='ocrx_word' id='word_1_240' title='bbox 1487 1342 1627 1375; x_wconf 91' lang='lat' dir='ltr'>deorum</span> <span class='ocrx_word' id='word_1_241' title='bbox 1661 1354 1794 1376; x_wconf 77' lang='lat' dir='ltr'>suorum</span> <span class='ocrx_word' id='word_1_242' title='bbox 1829 1354 1904 1375; x_wconf 75' lang='lat' dir='ltr'>eum</span> 
     </span>
    </p>
   </div>
   <div class='ocr_carea' id='block_1_32' title="bbox 1918 1340 2039 1374">
    <p class='ocr_par' dir='ltr' id='par_1_32' title="bbox 1918 1340 2039 1374">
     <span class='ocr_line' id='line_1_38' title="bbox 1918 1340 2039 1374; baseline 0 0"><span class='ocrx_word' id='word_1_243' title='bbox 1918 1340 1942 1358; x_wconf 62' lang='lat'>‘&#39;¹&#39;‘</span> <span class='ocrx_word' id='word_1_244' title='bbox 1970 1354 2039 1374; x_wconf 64' lang='lat' dir='ltr'>esse</span> 
     </span>
    </p>
   </div>
   <div class='ocr_carea' id='block_1_33' title="bbox 97 1441 2039 1592">
    <p class='ocr_par' dir='ltr' id='par_1_33' title="bbox 97 1441 2039 1592">
     <span class='ocr_line' id='line_1_39' title="bbox 262 1441 2039 1489; baseline -0.001 -13"><span class='ocrx_word' id='word_1_245' title='bbox 262 1444 294 1477; x_wconf 90' lang='lat'>3.</span> <span class='ocrx_word' id='word_1_246' title='bbox 348 1444 430 1477; x_wconf 89' lang='lat' dir='ltr'>Ideo</span> <span class='ocrx_word' id='word_1_247' title='bbox 457 1448 567 1478; x_wconf 88' lang='lat' dir='ltr'>autem</span> <span class='ocrx_word' id='word_1_248' title='bbox 591 1444 669 1477; x_wconf 82' lang='lat' dir='ltr'>rotis</span> <span class='ocrx_word' id='word_1_249' title='bbox 697 1444 877 1489; x_wconf 84' lang='lat' dir='ltr'>quadrigas</span> <span class='ocrx_word' id='word_1_250' title='bbox 904 1455 1036 1477; x_wconf 88' lang='lat' dir='ltr'>currere</span> <span class='ocrx_word' id='word_1_251' title='bbox 1064 1444 1177 1477; x_wconf 88' lang='lat' dir='ltr'>dicunt</span> <span class='ocrx_word' id='word_1_252' title='bbox 1189 1441 1230 1485; x_wconf 76' lang='lat'>⁰⁴,</span> <span class='ocrx_word' id='word_1_253' title='bbox 1273 1446 1342 1478; x_wconf 87' lang='lat' dir='ltr'>sive</span> <span class='ocrx_word' id='word_1_254' title='bbox 1369 1445 1447 1489; x_wconf 86' lang='lat' dir='ltr'>quia</span> <span class='ocrx_word' id='word_1_255' title='bbox 1473 1445 1614 1478; x_wconf 79' lang='lat' dir='ltr'>mundus</span> <span class='ocrx_word' id='word_1_256' title='bbox 1649 1446 1708 1478; x_wconf 72' lang='lat' dir='ltr'>iste</span> <span class='ocrx_word' id='word_1_257' title='bbox 1734 1444 1848 1478; x_wconf 87' lang='lat' dir='ltr'>circuli</span> <span class='ocrx_word' id='word_1_258' title='bbox 1877 1445 1923 1476; x_wconf 80' lang='lat' dir='ltr'>sui</span> <span class='ocrx_word' id='word_1_259' title='bbox 1951 1444 2039 1477; x_wconf 89' lang='lat' dir='ltr'>cele-</span> 
     </span>
     <span class='ocr_line' id='line_1_40' title="bbox 97 1495 1732 1540; baseline -0.001 -11"><span class='ocrx_word' id='word_1_260' title='bbox 97 1497 191 1531; x_wconf 86' lang='lat' dir='ltr'>ritate</span> <span class='ocrx_word' id='word_1_261' title='bbox 216 1496 422 1539; x_wconf 81' lang='lat' dir='ltr'>transcurrit,</span> <span class='ocrx_word' id='word_1_262' title='bbox 449 1496 516 1528; x_wconf 73' lang='lat' dir='ltr'>sive</span> <span class='ocrx_word' id='word_1_263' title='bbox 542 1502 682 1540; x_wconf 82' lang='lat' dir='ltr'>propter</span> <span class='ocrx_word' id='word_1_264' title='bbox 707 1495 828 1537; x_wconf 81' lang='lat' dir='ltr'>solem,</span> <span class='ocrx_word' id='word_1_265' title='bbox 857 1495 934 1539; x_wconf 81' lang='lat' dir='ltr'>quia</span> <span class='ocrx_word' id='word_1_266' title='bbox 960 1495 1097 1528; x_wconf 73' lang='lat' dir='ltr'>volubili</span> <span class='ocrx_word' id='word_1_267' title='bbox 1123 1496 1247 1529; x_wconf 86' lang='lat' dir='ltr'>ambitu</span> <span class='ocrx_word' id='word_1_268' title='bbox 1278 1501 1383 1537; x_wconf 88' lang='lat' dir='ltr'>rotat,</span> <span class='ocrx_word' id='word_1_269' title='bbox 1410 1498 1494 1531; x_wconf 80' lang='lat' dir='ltr'>sicut</span> <span class='ocrx_word' id='word_1_270' title='bbox 1521 1497 1565 1529; x_wconf 82' lang='lat' dir='ltr'>ait</span> <span class='ocrx_word' id='word_1_271' title='bbox 1590 1497 1732 1530; x_wconf 82' lang='lat' dir='ltr'>Ennius:</span> 
     </span>
     <span class='ocr_line' id='line_1_41' title="bbox 326 1547 1205 1592; baseline 0.001 -12"><span class='ocrx_word' id='word_1_272' title='bbox 326 1547 416 1581; x_wconf 84' lang='lat' dir='ltr'>Inde</span> <span class='ocrx_word' id='word_1_273' title='bbox 439 1547 611 1592; x_wconf 79' lang='lat' dir='ltr'>patefecit</span> <span class='ocrx_word' id='word_1_274' title='bbox 637 1548 749 1581; x_wconf 80' lang='lat' dir='ltr'>radiis</span> <span class='ocrx_word' id='word_1_275' title='bbox 771 1551 852 1580; x_wconf 82' lang='lat' dir='ltr'>rota</span> <span class='ocrx_word' id='word_1_276' title='bbox 876 1547 1036 1580; x_wconf 79' lang='lat' dir='ltr'>candida</span> <span class='ocrx_word' id='word_1_277' title='bbox 1062 1547 1205 1581; x_wconf 79' lang='lat' dir='ltr'>eoelum.</span> 
     </span>
    </p>
   </div>
   <div class='ocr_carea' id='block_1_34' title="bbox 532 1631 909 1667">
    <p class='ocr_par' dir='ltr' id='par_1_34' title="bbox 532 1631 909 1667">
     <span class='ocr_line' id='line_1_42' title="bbox 532 1631 909 1667; baseline 0 -1"><span class='ocrx_word' id='word_1_278' title='bbox 532 1631 561 1666; x_wconf 90' lang='lat' dir='ltr'>C</span> <span class='ocrx_word' id='word_1_279' title='bbox 587 1633 619 1666; x_wconf 92' lang='lat' dir='ltr'>A</span> <span class='ocrx_word' id='word_1_280' title='bbox 644 1633 682 1666; x_wconf 87' lang='grc' dir='ltr'>Ρ.</span> <span class='ocrx_word' id='word_1_281' title='bbox 735 1632 909 1667; x_wconf 90' lang='lat' dir='ltr'>XXXVII.</span> 
     </span>
    </p>
   </div>
   <div class='ocr_carea' id='block_1_35' title="bbox 987 1632 1590 1678">
    <p class='ocr_par' dir='ltr' id='par_1_35' title="bbox 987 1632 1590 1678">
     <span class='ocr_line' id='line_1_43' title="bbox 987 1632 1590 1678; baseline 0 -13"><span class='ocrx_word' id='word_1_282' title='bbox 987 1632 1056 1665; x_wconf 91' lang='lat' dir='ltr'>De</span> <span class='ocrx_word' id='word_1_283' title='bbox 1106 1637 1307 1678; x_wconf 81' lang='lat' dir='ltr'>septem</span> <span class='ocrx_word' id='word_1_284' title='bbox 1358 1634 1590 1678; x_wconf 76' lang='lat' dir='ltr'>spaciis.</span> 
     </span>
    </p>
   </div>
   <div class='ocr_carea' id='block_1_36' title="bbox 97 1699 2040 1847">
    <p class='ocr_par' dir='ltr' id='par_1_36' title="bbox 97 1699 2040 1847">
     <span class='ocr_line' id='line_1_44' title="bbox 261 1699 2039 1746; baseline -0.002 -12"><span class='ocrx_word' id='word_1_285' title='bbox 261 1701 400 1745; x_wconf 89' lang='lat' dir='ltr'>Septem</span> <span class='ocrx_word' id='word_1_286' title='bbox 437 1701 549 1744; x_wconf 82' lang='lat' dir='ltr'>spacia</span> <span class='ocrx_word' id='word_1_287' title='bbox 586 1701 772 1746; x_wconf 81' lang='lat' dir='ltr'>quadrigae</span> <span class='ocrx_word' id='word_1_288' title='bbox 807 1706 943 1735; x_wconf 83' lang='lat' dir='ltr'>currunt</span> <span class='ocrx_word' id='word_1_289' title='bbox 975 1702 1154 1734; x_wconf 86' lang='lat' dir='ltr'>referentes</span> <span class='ocrx_word' id='word_1_290' title='bbox 1185 1700 1254 1734; x_wconf 91' lang='lat' dir='ltr'>hoc</span> <span class='ocrx_word' id='word_1_291' title='bbox 1287 1701 1331 1733; x_wconf 86' lang='lat' dir='ltr'>ad</span> <span class='ocrx_word' id='word_1_292' title='bbox 1366 1712 1495 1735; x_wconf 82' lang='lat' dir='ltr'>cursum</span> <span class='ocrx_word' id='word_1_293' title='bbox 1530 1708 1658 1746; x_wconf 85' lang='lat' dir='ltr'>septem</span> <span class='ocrx_word' id='word_1_294' title='bbox 1692 1700 1879 1738; x_wconf 75' lang='lat' dir='ltr'>stellarum,</span> <span class='ocrx_word' id='word_1_295' title='bbox 1919 1699 2039 1742; x_wconf 79' lang='lat' dir='ltr'>quibus</span> 
     </span>
     <span class='ocr_line' id='line_1_45' title="bbox 99 1750 2040 1798; baseline -0.002 -11"><span class='ocrx_word' id='word_1_296' title='bbox 99 1752 259 1787; x_wconf 86' lang='lat' dir='ltr'>mundum</span> <span class='ocrx_word' id='word_1_297' title='bbox 284 1753 357 1796; x_wconf 82' lang='lat' dir='ltr'>regi</span> <span class='ocrx_word' id='word_1_298' title='bbox 384 1752 514 1794; x_wconf 88' lang='lat' dir='ltr'>dicunt,</span> <span class='ocrx_word' id='word_1_299' title='bbox 540 1753 607 1786; x_wconf 84' lang='lat' dir='ltr'>sive</span> <span class='ocrx_word' id='word_1_300' title='bbox 634 1753 676 1785; x_wconf 88' lang='lat' dir='ltr'>ad</span> <span class='ocrx_word' id='word_1_301' title='bbox 704 1764 836 1787; x_wconf 84' lang='lat' dir='ltr'>cursum</span> <span class='ocrx_word' id='word_1_302' title='bbox 862 1757 990 1798; x_wconf 80' lang='lat' dir='ltr'>septem</span> <span class='ocrx_word' id='word_1_303' title='bbox 1017 1753 1146 1786; x_wconf 86' lang='lat' dir='ltr'>dierum</span> <span class='ocrx_word' id='word_1_304' title='bbox 1162 1753 1384 1796; x_wconf 79' lang='lat' dir='ltr'>praesentium</span> <span class='ocrx_word' id='word_1_305' title='bbox 1396 1750 1431 1794; x_wconf 78' lang='lat'>⁶⁵,</span> <span class='ocrx_word' id='word_1_306' title='bbox 1458 1753 1576 1797; x_wconf 69' lang='lat' dir='ltr'>quibuss</span> <span class='ocrx_word' id='word_1_307' title='bbox 1602 1752 1744 1796; x_wconf 83' lang='lat' dir='ltr'>peractis</span> <span class='ocrx_word' id='word_1_308' title='bbox 1771 1752 1857 1784; x_wconf 77' lang='lat' dir='ltr'>vitae</span> <span class='ocrx_word' id='word_1_309' title='bbox 1883 1751 2040 1784; x_wconf 77' lang='lat' dir='ltr'>terminus</span> 
     </span>
     <span class='ocr_line' id='line_1_46' title="bbox 97 1801 1243 1847; baseline -0.003 -7"><span class='ocrx_word' id='word_1_310' title='bbox 97 1809 360 1846; x_wconf 79' lang='lat' dir='ltr'>consummatur,</span> <span class='ocrx_word' id='word_1_311' title='bbox 387 1815 529 1847; x_wconf 89' lang='lat' dir='ltr'>quorum</span> <span class='ocrx_word' id='word_1_312' title='bbox 555 1805 630 1837; x_wconf 86' lang='lat' dir='ltr'>finis</span> <span class='ocrx_word' id='word_1_313' title='bbox 658 1802 739 1837; x_wconf 64' lang='lat' dir='ltr'>estffl’</span> <span class='ocrx_word' id='word_1_314' title='bbox 765 1809 856 1839; x_wconf 89' lang='lat' dir='ltr'>creta</span> <span class='ocrx_word' id='word_1_315' title='bbox 868 1801 912 1846; x_wconf 71' lang='lat'>⁸⁷,</span> <span class='ocrx_word' id='word_1_316' title='bbox 937 1805 972 1837; x_wconf 89' lang='lat' dir='ltr'>id</span> <span class='ocrx_word' id='word_1_317' title='bbox 999 1810 1049 1838; x_wconf 87' lang='lat' dir='ltr'>est</span> <span class='ocrx_word' id='word_1_318' title='bbox 1075 1803 1243 1839; x_wconf 89' lang='lat' dir='ltr'>iudicium.</span> 
     </span>
    </p>
   </div>
   <div class='ocr_carea' id='block_1_37' title="bbox 98 1918 2040 2387">
    <p class='ocr_par' dir='ltr' id='par_1_37' title="bbox 98 1918 2040 2387">
     <span class='ocr_line' id='line_1_47' title="bbox 98 1918 2040 1960; baseline -0.003 -9"><span class='ocrx_word' id='word_1_319' title='bbox 98 1923 205 1951; x_wconf 78' lang='lat' dir='ltr'>habere</span> <span class='ocrx_word' id='word_1_320' title='bbox 227 1921 307 1958; x_wconf 81' lang='lat' dir='ltr'>vulg.</span> <span class='ocrx_word' id='word_1_321' title='bbox 325 1936 366 1942; x_wconf 87' lang='lat'>-—</span> <span class='ocrx_word' id='word_1_322' title='bbox 387 1921 435 1957; x_wconf 80' lang='lat'>39)</span> <span class='ocrx_word' id='word_1_323' title='bbox 458 1921 572 1948; x_wconf 71' lang='lat' dir='ltr'>multas</span> <span class='ocrx_word' id='word_1_324' title='bbox 594 1932 650 1951; x_wconf 84' lang='lat' dir='ltr'>om.</span> <span class='ocrx_word' id='word_1_325' title='bbox 676 1922 732 1950; x_wconf 91' lang='lat' dir='ltr'>Gu.</span> <span class='ocrx_word' id='word_1_326' title='bbox 749 1924 780 1952; x_wconf 79' lang='grc'>2.</span> <span class='ocrx_word' id='word_1_327' title='bbox 801 1931 846 1960; x_wconf 87' lang='lat' dir='ltr'>pr·</span> <span class='ocrx_word' id='word_1_328' title='bbox 869 1930 917 1950; x_wconf 81' lang='lat' dir='ltr'>va.</span> <span class='ocrx_word' id='word_1_329' title='bbox 946 1939 974 1943; x_wconf 98' lang='lat'><strong>—</strong></span> <span class='ocrx_word' id='word_1_330' title='bbox 999 1918 1048 1960; x_wconf 88' lang='grc'>40)</span> <span class='ocrx_word' id='word_1_331' title='bbox 1089 1932 1161 1950; x_wconf 83' lang='grc' dir='ltr'>αηη.</span> <span class='ocrx_word' id='word_1_332' title='bbox 1184 1922 1264 1959; x_wconf 80' lang='lat' dir='ltr'>vulg.</span> <span class='ocrx_word' id='word_1_333' title='bbox 1296 1938 1330 1942; x_wconf 94' lang='lat'><strong>—</strong></span> <span class='ocrx_word' id='word_1_334' title='bbox 1362 1923 1406 1954; x_wconf 68' lang='lat'>59)</span> <span class='ocrx_word' id='word_1_335' title='bbox 1428 1931 1510 1956; x_wconf 66' lang='lat' dir='ltr'>rere,</span> <span class='ocrx_word' id='word_1_336' title='bbox 1542 1925 1670 1955; x_wconf 66' lang='lat' dir='ltr'>aestate,</span> <span class='ocrx_word' id='word_1_337' title='bbox 1701 1925 1868 1958; x_wconf 76' lang='lat' dir='ltr'>autumpno</span> <span class='ocrx_word' id='word_1_338' title='bbox 1888 1926 1914 1947; x_wconf 83' lang='lat' dir='ltr'>et</span> <span class='ocrx_word' id='word_1_339' title='bbox 1947 1920 2040 1946; x_wconf 68' lang='lat' dir='ltr'>meme</span> 
     </span>
     <span class='ocr_line' id='line_1_48' title="bbox 99 1961 2037 2002; baseline -0.002 -8"><span class='ocrx_word' id='word_1_340' title='bbox 99 1975 223 1994; x_wconf 75' lang='lat' dir='ltr'>currum</span> <span class='ocrx_word' id='word_1_341' title='bbox 256 1964 313 1993; x_wconf 84' lang='lat' dir='ltr'>Gn.</span> <span class='ocrx_word' id='word_1_342' title='bbox 337 1966 365 1994; x_wconf 76' lang='grc'>2.</span> <span class='ocrx_word' id='word_1_343' title='bbox 394 1979 437 1985; x_wconf 90' lang='lat'>-—-</span> <span class='ocrx_word' id='word_1_344' title='bbox 470 1962 519 2002; x_wconf 83' lang='lat'>41)</span> <span class='ocrx_word' id='word_1_345' title='bbox 547 1964 595 1992; x_wconf 87' lang='lat' dir='ltr'>Sic</span> <span class='ocrx_word' id='word_1_346' title='bbox 627 1965 682 1992; x_wconf 88' lang='lat' dir='ltr'>Gu.</span> <span class='ocrx_word' id='word_1_347' title='bbox 714 1969 737 1995; x_wconf 89' lang='lat'>1.</span> <span class='ocrx_word' id='word_1_348' title='bbox 762 1967 790 1995; x_wconf 87' lang='grc'>2.</span> <span class='ocrx_word' id='word_1_349' title='bbox 830 1981 868 1986; x_wconf 87' lang='grc'>-</span> <span class='ocrx_word' id='word_1_350' title='bbox 919 1973 1048 1991; x_wconf 75' lang='lat' dir='ltr'>curvum</span> <span class='ocrx_word' id='word_1_351' title='bbox 1090 1964 1147 1992; x_wconf 93' lang='lat' dir='ltr'>Gu.</span> <span class='ocrx_word' id='word_1_352' title='bbox 1173 1967 1197 1994; x_wconf 90' lang='lat'>1.</span> <span class='ocrx_word' id='word_1_353' title='bbox 1223 1966 1252 1994; x_wconf 84' lang='grc'>2.</span> <span class='ocrx_word' id='word_1_354' title='bbox 1279 1980 1318 1984; x_wconf 91' lang='grc'>-</span> <span class='ocrx_word' id='word_1_355' title='bbox 1342 1961 1391 2001; x_wconf 84' lang='grc'>53)</span> <span class='ocrx_word' id='word_1_356' title='bbox 1416 1965 1516 2001; x_wconf 79' lang='lat' dir='ltr'>Bigae</span> <span class='ocrx_word' id='word_1_357' title='bbox 1540 1962 1596 1990; x_wconf 89' lang='lat' dir='ltr'>Gu.</span> <span class='ocrx_word' id='word_1_358' title='bbox 1622 1965 1647 1993; x_wconf 86' lang='lat'>1.</span> <span class='ocrx_word' id='word_1_359' title='bbox 1670 1977 1711 1983; x_wconf 97' lang='lat'><strong>—</strong></span> <span class='ocrx_word' id='word_1_360' title='bbox 1734 1963 1781 2000; x_wconf 78' lang='lat'>54)</span> <span class='ocrx_word' id='word_1_361' title='bbox 1809 1962 1858 1990; x_wconf 89' lang='lat' dir='ltr'>Sic</span> <span class='ocrx_word' id='word_1_362' title='bbox 1883 1962 1939 1990; x_wconf 85' lang='lat' dir='ltr'>Gu.</span> <span class='ocrx_word' id='word_1_363' title='bbox 1965 1965 1991 1993; x_wconf 88' lang='lat'>1.</span> <span class='ocrx_word' id='word_1_364' title='bbox 2010 1964 2037 1992; x_wconf 76' lang='grc'>2.</span> 
     </span>
     <span class='ocr_line' id='line_1_49' title="bbox 100 2005 2038 2046; baseline -0.002 -9"><span class='ocrx_word' id='word_1_365' title='bbox 100 2010 187 2037; x_wconf 85' lang='lat' dir='ltr'>Arev.</span> <span class='ocrx_word' id='word_1_366' title='bbox 201 2024 241 2029; x_wconf 93' lang='lat'>—</span> <span class='ocrx_word' id='word_1_367' title='bbox 258 2016 381 2033; x_wconf 77' lang='lat' dir='ltr'>currum</span> <span class='ocrx_word' id='word_1_368' title='bbox 399 2006 476 2042; x_wconf 79' lang='lat' dir='ltr'>vulg.</span> <span class='ocrx_word' id='word_1_369' title='bbox 493 2022 534 2026; x_wconf 95' lang='lat'>—</span> <span class='ocrx_word' id='word_1_370' title='bbox 550 2006 595 2044; x_wconf 73' lang='lat'>42)</span> <span class='ocrx_word' id='word_1_371' title='bbox 606 2007 652 2034; x_wconf 89' lang='lat' dir='ltr'>Sic</span> <span class='ocrx_word' id='word_1_372' title='bbox 673 2007 805 2038; x_wconf 79' lang='lat' dir='ltr'>Gu.1.2.</span> <span class='ocrx_word' id='word_1_373' title='bbox 823 2005 945 2046; x_wconf 76' lang='lat' dir='ltr'>(tenore)</span> <span class='ocrx_word' id='word_1_374' title='bbox 961 2016 1047 2034; x_wconf 86' lang='lat' dir='ltr'>va.-—</span> <span class='ocrx_word' id='word_1_375' title='bbox 1091 2025 1129 2029; x_wconf 85' lang='lat'><em>-</em></span> <span class='ocrx_word' id='word_1_376' title='bbox 1153 2012 1237 2034; x_wconf 78' lang='lat' dir='ltr'>nocte</span> <span class='ocrx_word' id='word_1_377' title='bbox 1258 2005 1379 2033; x_wconf 65' lang='lat' dir='ltr'>videtur</span> <span class='ocrx_word' id='word_1_378' title='bbox 1406 2011 1432 2032; x_wconf 82' lang='lat' dir='ltr'>et</span> <span class='ocrx_word' id='word_1_379' title='bbox 1460 2005 1508 2033; x_wconf 81' lang='lat' dir='ltr'>die</span> <span class='ocrx_word' id='word_1_380' title='bbox 1535 2005 1614 2042; x_wconf 80' lang='lat' dir='ltr'>vulg.</span> <span class='ocrx_word' id='word_1_381' title='bbox 1645 2023 1681 2026; x_wconf 95' lang='lat'><strong>—</strong></span> <span class='ocrx_word' id='word_1_382' title='bbox 1714 2005 1761 2042; x_wconf 85' lang='lat'>55)</span> <span class='ocrx_word' id='word_1_383' title='bbox 1786 2015 1880 2033; x_wconf 79' lang='lat' dir='ltr'>unum</span> <span class='ocrx_word' id='word_1_384' title='bbox 1903 2015 1960 2033; x_wconf 85' lang='lat' dir='ltr'>om.</span> <span class='ocrx_word' id='word_1_385' title='bbox 1985 2005 2038 2033; x_wconf 86' lang='lat' dir='ltr'>Gn.</span> 
     </span>
     <span class='ocr_line' id='line_1_50' title="bbox 98 2044 2038 2088; baseline -0.003 -9"><span class='ocrx_word' id='word_1_386' title='bbox 98 2057 164 2079; x_wconf 83' lang='lat' dir='ltr'>tem.</span> <span class='ocrx_word' id='word_1_387' title='bbox 187 2050 224 2078; x_wconf 83' lang='lat' dir='ltr'>ol.</span> <span class='ocrx_word' id='word_1_388' title='bbox 249 2049 327 2086; x_wconf 83' lang='lat' dir='ltr'>vulg.</span> <span class='ocrx_word' id='word_1_389' title='bbox 352 2064 393 2069; x_wconf 92' lang='lat'>—</span> <span class='ocrx_word' id='word_1_390' title='bbox 419 2049 465 2084; x_wconf 77' lang='lat'>43)</span> <span class='ocrx_word' id='word_1_391' title='bbox 491 2049 662 2076; x_wconf 73' lang='lat' dir='ltr'>iniicerelur</span> <span class='ocrx_word' id='word_1_392' title='bbox 684 2051 769 2088; x_wconf 71' lang='lat' dir='ltr'>equis</span> <span class='ocrx_word' id='word_1_393' title='bbox 791 2060 836 2077; x_wconf 80' lang='lat' dir='ltr'>va.</span> <span class='ocrx_word' id='word_1_394' title='bbox 860 2065 900 2070; x_wconf 90' lang='lat'><strong>—</strong></span> <span class='ocrx_word' id='word_1_395' title='bbox 927 2050 974 2088; x_wconf 73' lang='lat'>44)</span> <span class='ocrx_word' id='word_1_396' title='bbox 997 2049 1047 2076; x_wconf 88' lang='lat' dir='ltr'>Sic</span> <span class='ocrx_word' id='word_1_397' title='bbox 1092 2051 1118 2079; x_wconf 87' lang='lat'>1.</span> <span class='ocrx_word' id='word_1_398' title='bbox 1140 2064 1181 2069; x_wconf 93' lang='lat'>—-</span> <span class='ocrx_word' id='word_1_399' title='bbox 1205 2050 1252 2085; x_wconf 83' lang='lat'>56)</span> <span class='ocrx_word' id='word_1_400' title='bbox 1277 2047 1340 2075; x_wconf 66' lang='lat' dir='ltr'>dcis</span> <span class='ocrx_word' id='word_1_401' title='bbox 1362 2057 1418 2077; x_wconf 86' lang='lat' dir='ltr'>om.</span> <span class='ocrx_word' id='word_1_402' title='bbox 1442 2057 1490 2077; x_wconf 77' lang='lat' dir='ltr'>va.</span> <span class='ocrx_word' id='word_1_403' title='bbox 1515 2064 1552 2068; x_wconf 85' lang='lat'>—</span> <span class='ocrx_word' id='word_1_404' title='bbox 1586 2044 1633 2087; x_wconf 86' lang='lat'>57)</span> <span class='ocrx_word' id='word_1_405' title='bbox 1655 2046 1689 2074; x_wconf 74' lang='lat' dir='ltr'>lii</span> <span class='ocrx_word' id='word_1_406' title='bbox 1711 2058 1769 2076; x_wconf 89' lang='lat' dir='ltr'>om.</span> <span class='ocrx_word' id='word_1_407' title='bbox 1794 2048 1850 2076; x_wconf 86' lang='lat' dir='ltr'>Gu.</span> <span class='ocrx_word' id='word_1_408' title='bbox 1877 2052 1901 2078; x_wconf 92' lang='grc'>1.</span> <span class='ocrx_word' id='word_1_409' title='bbox 1926 2063 1966 2069; x_wconf 89' lang='grc'>--</span> <span class='ocrx_word' id='word_1_410' title='bbox 1990 2047 2038 2073; x_wconf 73' lang='lat' dir='ltr'>ln&#39;s</span> 
     </span>
     <span class='ocr_line' id='line_1_51' title="bbox 98 2088 2038 2130; baseline -0.004 -8"><span class='ocrx_word' id='word_1_411' title='bbox 98 2095 186 2122; x_wconf 82' lang='lat' dir='ltr'>Arev.</span> <span class='ocrx_word' id='word_1_412' title='bbox 209 2102 224 2121; x_wconf 91' lang='lat' dir='ltr'>e</span> <span class='ocrx_word' id='word_1_413' title='bbox 246 2092 368 2120; x_wconf 77' lang='lat' dir='ltr'>Pausan.</span> <span class='ocrx_word' id='word_1_414' title='bbox 393 2090 422 2118; x_wconf 91' lang='lat' dir='ltr'>in</span> <span class='ocrx_word' id='word_1_415' title='bbox 446 2089 582 2119; x_wconf 85' lang='lat' dir='ltr'>Phocaic.</span> <span class='ocrx_word' id='word_1_416' title='bbox 597 2107 638 2112; x_wconf 90' lang='lat'>·—</span> <span class='ocrx_word' id='word_1_417' title='bbox 656 2089 802 2120; x_wconf 61' lang='lat' dir='ltr'>Grtstenes</span> <span class='ocrx_word' id='word_1_418' title='bbox 814 2092 896 2129; x_wconf 87' lang='lat' dir='ltr'>vulg.</span> <span class='ocrx_word' id='word_1_419' title='bbox 914 2107 954 2112; x_wconf 84' lang='lat'>-</span> <span class='ocrx_word' id='word_1_420' title='bbox 980 2091 1047 2119; x_wconf 76' lang='lat' dir='ltr'><em>Cri-</em></span> <span class='ocrx_word' id='word_1_421' title='bbox 1090 2090 1208 2119; x_wconf 79' lang='lat' dir='ltr'>exhibet</span> <span class='ocrx_word' id='word_1_422' title='bbox 1239 2090 1295 2121; x_wconf 88' lang='lat' dir='ltr'>Gu.</span> <span class='ocrx_word' id='word_1_423' title='bbox 1323 2093 1352 2121; x_wconf 90' lang='grc'>2.</span> <span class='ocrx_word' id='word_1_424' title='bbox 1382 2106 1423 2112; x_wconf 89' lang='lat'>—</span> <span class='ocrx_word' id='word_1_425' title='bbox 1459 2088 1509 2130; x_wconf 84' lang='lat'>58)</span> <span class='ocrx_word' id='word_1_426' title='bbox 1530 2091 1614 2128; x_wconf 72' lang='lat' dir='ltr'>rapit</span> <span class='ocrx_word' id='word_1_427' title='bbox 1642 2090 1699 2120; x_wconf 87' lang='lat' dir='ltr'>Gu.</span> <span class='ocrx_word' id='word_1_428' title='bbox 1720 2093 1747 2121; x_wconf 88' lang='grc'>2.</span> <span class='ocrx_word' id='word_1_429' title='bbox 1780 2106 1818 2112; x_wconf 90' lang='lat'>—-</span> <span class='ocrx_word' id='word_1_430' title='bbox 1852 2090 1897 2128; x_wconf 86' lang='lat'>59)</span> <span class='ocrx_word' id='word_1_431' title='bbox 1916 2095 2038 2128; x_wconf 74' lang='lat' dir='ltr'>propter</span> 
     </span>
     <span class='ocr_line' id='line_1_52' title="bbox 98 2131 2035 2173; baseline -0.003 -9"><span class='ocrx_word' id='word_1_432' title='bbox 98 2142 199 2164; x_wconf 69' lang='lat' dir='ltr'>sterias</span> <span class='ocrx_word' id='word_1_433' title='bbox 220 2144 268 2163; x_wconf 83' lang='lat' dir='ltr'>va.</span> <span class='ocrx_word' id='word_1_434' title='bbox 291 2150 333 2155; x_wconf 91' lang='lat'>—</span> <span class='ocrx_word' id='word_1_435' title='bbox 353 2135 398 2168; x_wconf 80' lang='lat'>45)</span> <span class='ocrx_word' id='word_1_436' title='bbox 427 2134 527 2171; x_wconf 68' lang='lat' dir='ltr'>eisque</span> <span class='ocrx_word' id='word_1_437' title='bbox 550 2134 606 2161; x_wconf 83' lang='lat' dir='ltr'>Gu.</span> <span class='ocrx_word' id='word_1_438' title='bbox 630 2137 655 2164; x_wconf 86' lang='lat'>1.</span> <span class='ocrx_word' id='word_1_439' title='bbox 677 2150 719 2156; x_wconf 95' lang='lat'><strong>—</strong></span> <span class='ocrx_word' id='word_1_440' title='bbox 741 2137 862 2173; x_wconf 77' lang='lat' dir='ltr'>eiusque</span> <span class='ocrx_word' id='word_1_441' title='bbox 884 2135 939 2162; x_wconf 92' lang='lat' dir='ltr'>Gu.</span> <span class='ocrx_word' id='word_1_442' title='bbox 959 2136 987 2165; x_wconf 86' lang='grc'>2.</span> <span class='ocrx_word' id='word_1_443' title='bbox 1004 2151 1046 2155; x_wconf 95' lang='lat'>—</span> <span class='ocrx_word' id='word_1_444' title='bbox 1089 2133 1144 2161; x_wconf 91' lang='lat' dir='ltr'>Gu.</span> <span class='ocrx_word' id='word_1_445' title='bbox 1171 2135 1198 2163; x_wconf 90' lang='lat'>1.</span> <span class='ocrx_word' id='word_1_446' title='bbox 1231 2149 1270 2153; x_wconf 98' lang='lat'><strong>—</strong></span> <span class='ocrx_word' id='word_1_447' title='bbox 1308 2131 1354 2171; x_wconf 85' lang='lat'>60)</span> <span class='ocrx_word' id='word_1_448' title='bbox 1384 2134 1513 2161; x_wconf 82' lang='lat' dir='ltr'>maxime</span> <span class='ocrx_word' id='word_1_449' title='bbox 1547 2133 1604 2161; x_wconf 89' lang='lat' dir='ltr'>Gu.</span> <span class='ocrx_word' id='word_1_450' title='bbox 1629 2135 1657 2164; x_wconf 84' lang='grc'>2.</span> <span class='ocrx_word' id='word_1_451' title='bbox 1687 2148 1728 2154; x_wconf 89' lang='lat'>—·</span> <span class='ocrx_word' id='word_1_452' title='bbox 1773 2134 1818 2169; x_wconf 84' lang='lat'>61)</span> <span class='ocrx_word' id='word_1_453' title='bbox 1848 2143 1956 2160; x_wconf 67' lang='lat' dir='ltr'>currus</span> <span class='ocrx_word' id='word_1_454' title='bbox 1979 2140 2035 2158; x_wconf 86' lang='lat' dir='ltr'>om.</span> 
     </span>
     <span class='ocr_line' id='line_1_53' title="bbox 99 2172 2033 2217; baseline -0.003 -12"><span class='ocrx_word' id='word_1_455' title='bbox 99 2189 206 2217; x_wconf 72' lang='lat' dir='ltr'>eosque</span> <span class='ocrx_word' id='word_1_456' title='bbox 226 2177 307 2214; x_wconf 79' lang='lat' dir='ltr'>vulg.</span> <span class='ocrx_word' id='word_1_457' title='bbox 330 2193 371 2197; x_wconf 89' lang='lat'>—</span> <span class='ocrx_word' id='word_1_458' title='bbox 410 2177 456 2211; x_wconf 80' lang='grc'>46)</span> <span class='ocrx_word' id='word_1_459' title='bbox 481 2181 506 2202; x_wconf 74' lang='lat' dir='ltr'>et</span> <span class='ocrx_word' id='word_1_460' title='bbox 529 2175 632 2203; x_wconf 76' lang='lat' dir='ltr'>addidi</span> <span class='ocrx_word' id='word_1_461' title='bbox 655 2185 670 2204; x_wconf 85' lang='lat' dir='ltr'>e</span> <span class='ocrx_word' id='word_1_462' title='bbox 694 2177 750 2206; x_wconf 88' lang='lat' dir='ltr'>Gu.</span> <span class='ocrx_word' id='word_1_463' title='bbox 767 2180 794 2208; x_wconf 87' lang='lat'>1.</span> <span class='ocrx_word' id='word_1_464' title='bbox 817 2180 846 2208; x_wconf 83' lang='lat'>2.</span> <span class='ocrx_word' id='word_1_465' title='bbox 868 2193 909 2198; x_wconf 89' lang='lat'><strong>—</strong></span> <span class='ocrx_word' id='word_1_466' title='bbox 931 2175 978 2215; x_wconf 83' lang='grc'>47)</span> <span class='ocrx_word' id='word_1_467' title='bbox 995 2176 1044 2204; x_wconf 86' lang='lat' dir='ltr'>Sic</span> <span class='ocrx_word' id='word_1_468' title='bbox 1089 2176 1144 2204; x_wconf 90' lang='lat' dir='ltr'>Gu.</span> <span class='ocrx_word' id='word_1_469' title='bbox 1167 2178 1196 2207; x_wconf 82' lang='lat'>2.</span> <span class='ocrx_word' id='word_1_470' title='bbox 1224 2191 1265 2196; x_wconf 91' lang='lat'><strong>—</strong></span> <span class='ocrx_word' id='word_1_471' title='bbox 1305 2177 1349 2211; x_wconf 75' lang='lat'>6⁵2)</span> <span class='ocrx_word' id='word_1_472' title='bbox 1381 2175 1430 2203; x_wconf 90' lang='lat' dir='ltr'>Sic</span> <span class='ocrx_word' id='word_1_473' title='bbox 1456 2176 1511 2204; x_wconf 90' lang='lat' dir='ltr'>Gu.</span> <span class='ocrx_word' id='word_1_474' title='bbox 1536 2177 1565 2206; x_wconf 87' lang='lat'>1.</span> <span class='ocrx_word' id='word_1_475' title='bbox 1592 2178 1620 2207; x_wconf 89' lang='grc'>2.</span> <span class='ocrx_word' id='word_1_476' title='bbox 1659 2194 1695 2197; x_wconf 86' lang='grc'>-</span> <span class='ocrx_word' id='word_1_477' title='bbox 1733 2177 1829 2203; x_wconf 80' lang='lat' dir='ltr'>currit</span> <span class='ocrx_word' id='word_1_478' title='bbox 1862 2175 1925 2204; x_wconf 66' lang='lat' dir='ltr'>lovi</span> <span class='ocrx_word' id='word_1_479' title='bbox 1955 2172 2033 2208; x_wconf 86' lang='lat' dir='ltr'>vulg.</span> 
     </span>
     <span class='ocr_line' id='line_1_54' title="bbox 100 2213 2034 2257; baseline -0.005 -7"><span class='ocrx_word' id='word_1_480' title='bbox 100 2223 156 2251; x_wconf 88' lang='lat' dir='ltr'>Gu.</span> <span class='ocrx_word' id='word_1_481' title='bbox 172 2225 198 2251; x_wconf 88' lang='lat'>1.</span> <span class='ocrx_word' id='word_1_482' title='bbox 219 2222 246 2251; x_wconf 82' lang='lat'>2.</span> <span class='ocrx_word' id='word_1_483' title='bbox 266 2229 312 2249; x_wconf 66' lang='lat' dir='ltr'>Va.</span> <span class='ocrx_word' id='word_1_484' title='bbox 337 2234 378 2239; x_wconf 92' lang='lat'>—-</span> <span class='ocrx_word' id='word_1_485' title='bbox 402 2218 440 2245; x_wconf 80' lang='lat' dir='ltr'>ab</span> <span class='ocrx_word' id='word_1_486' title='bbox 463 2229 527 2256; x_wconf 74' lang='lat' dir='ltr'>equ.</span> <span class='ocrx_word' id='word_1_487' title='bbox 550 2228 633 2245; x_wconf 81' lang='lat' dir='ltr'>num.</span> <span class='ocrx_word' id='word_1_488' title='bbox 663 2219 743 2256; x_wconf 86' lang='lat' dir='ltr'>vulg.</span> <span class='ocrx_word' id='word_1_489' title='bbox 772 2236 813 2240; x_wconf 95' lang='lat'>—</span> <span class='ocrx_word' id='word_1_490' title='bbox 848 2217 896 2257; x_wconf 86' lang='grc'>48)</span> <span class='ocrx_word' id='word_1_491' title='bbox 921 2224 947 2247; x_wconf 80' lang='lat' dir='ltr'>et</span> <span class='ocrx_word' id='word_1_492' title='bbox 973 2220 1044 2257; x_wconf 78' lang='lat' dir='ltr'>trig.</span> <span class='ocrx_word' id='word_1_493' title='bbox 1086 2234 1127 2239; x_wconf 93' lang='lat'>—</span> <span class='ocrx_word' id='word_1_494' title='bbox 1149 2220 1194 2252; x_wconf 81' lang='grc'>63)</span> <span class='ocrx_word' id='word_1_495' title='bbox 1219 2217 1307 2245; x_wconf 72' lang='lat' dir='ltr'>(leam</span> <span class='ocrx_word' id='word_1_496' title='bbox 1336 2217 1391 2245; x_wconf 93' lang='lat' dir='ltr'>Gu.</span> <span class='ocrx_word' id='word_1_497' title='bbox 1413 2220 1444 2249; x_wconf 86' lang='grc'>2.</span> <span class='ocrx_word' id='word_1_498' title='bbox 1473 2234 1514 2239; x_wconf 90' lang='lat'>-—</span> <span class='ocrx_word' id='word_1_499' title='bbox 1546 2220 1593 2254; x_wconf 70' lang='lat'>64)</span> <span class='ocrx_word' id='word_1_500' title='bbox 1617 2216 1734 2246; x_wconf 66' lang='lat' dir='ltr'>dicitur</span> <span class='ocrx_word' id='word_1_501' title='bbox 1762 2229 1807 2246; x_wconf 74' lang='lat' dir='ltr'>va.</span> <span class='ocrx_word' id='word_1_502' title='bbox 1841 2233 1880 2238; x_wconf 93' lang='lat'>—</span> <span class='ocrx_word' id='word_1_503' title='bbox 1913 2216 1958 2248; x_wconf 71' lang='lat'>65)</span> <span class='ocrx_word' id='word_1_504' title='bbox 1984 2213 2034 2240; x_wconf 85' lang='lat' dir='ltr'>Sic</span> 
     </span>
     <span class='ocr_line' id='line_1_55' title="bbox 98 2256 2033 2302; baseline -0.003 -10"><span class='ocrx_word' id='word_1_505' title='bbox 98 2265 196 2302; x_wconf 61' lang='lat' dir='ltr'>vulg„</span> <span class='ocrx_word' id='word_1_506' title='bbox 221 2262 272 2291; x_wconf 89' lang='lat' dir='ltr'>sed</span> <span class='ocrx_word' id='word_1_507' title='bbox 296 2266 322 2289; x_wconf 81' lang='lat' dir='ltr'>et</span> <span class='ocrx_word' id='word_1_508' title='bbox 346 2271 402 2289; x_wconf 89' lang='lat' dir='ltr'>om.</span> <span class='ocrx_word' id='word_1_509' title='bbox 427 2261 482 2289; x_wconf 93' lang='lat' dir='ltr'>Gu.</span> <span class='ocrx_word' id='word_1_510' title='bbox 509 2263 533 2291; x_wconf 88' lang='lat'>1.</span> <span class='ocrx_word' id='word_1_511' title='bbox 556 2263 585 2291; x_wconf 88' lang='grc'>2.</span> <span class='ocrx_word' id='word_1_512' title='bbox 607 2270 653 2288; x_wconf 83' lang='lat' dir='ltr'>va.</span> <span class='ocrx_word' id='word_1_513' title='bbox 677 2276 719 2282; x_wconf 88' lang='lat'>—</span> <span class='ocrx_word' id='word_1_514' title='bbox 747 2263 791 2297; x_wconf 83' lang='grc'>49)</span> <span class='ocrx_word' id='word_1_515' title='bbox 815 2262 862 2289; x_wconf 85' lang='lat' dir='ltr'>Sic</span> <span class='ocrx_word' id='word_1_516' title='bbox 886 2262 944 2292; x_wconf 91' lang='lat' dir='ltr'>Gu.</span> <span class='ocrx_word' id='word_1_517' title='bbox 972 2263 1042 2292; x_wconf 77' lang='lat'>1.2.</span> <span class='ocrx_word' id='word_1_518' title='bbox 1088 2260 1145 2289; x_wconf 87' lang='lat' dir='ltr'>Gu.</span> <span class='ocrx_word' id='word_1_519' title='bbox 1166 2262 1194 2290; x_wconf 82' lang='lat'>2.</span> <span class='ocrx_word' id='word_1_520' title='bbox 1221 2270 1266 2298; x_wconf 87' lang='lat' dir='ltr'>pr.</span> <span class='ocrx_word' id='word_1_521' title='bbox 1294 2270 1342 2290; x_wconf 83' lang='lat' dir='ltr'>va.</span> <span class='ocrx_word' id='word_1_522' title='bbox 1374 2260 1425 2289; x_wconf 78' lang='lat' dir='ltr'>Ar.</span> <span class='ocrx_word' id='word_1_523' title='bbox 1455 2275 1497 2282; x_wconf 89' lang='lat'>—</span> <span class='ocrx_word' id='word_1_524' title='bbox 1532 2262 1705 2298; x_wconf 73' lang='lat' dir='ltr'>potentium</span> <span class='ocrx_word' id='word_1_525' title='bbox 1734 2261 1812 2297; x_wconf 83' lang='lat' dir='ltr'>vng.</span> <span class='ocrx_word' id='word_1_526' title='bbox 1845 2274 1884 2279; x_wconf 89' lang='lat'><em>-</em></span> <span class='ocrx_word' id='word_1_527' title='bbox 1920 2256 1967 2291; x_wconf 84' lang='grc'>66)</span> <span class='ocrx_word' id='word_1_528' title='bbox 1992 2260 2033 2282; x_wconf 62' lang='lat' dir='ltr'>est</span> 
     </span>
     <span class='ocr_line' id='line_1_56' title="bbox 99 2301 2032 2343; baseline -0.003 -8"><span class='ocrx_word' id='word_1_529' title='bbox 99 2317 145 2336; x_wconf 81' lang='lat' dir='ltr'>va.</span> <span class='ocrx_word' id='word_1_530' title='bbox 170 2307 218 2335; x_wconf 76' lang='lat' dir='ltr'>Ar.</span> <span class='ocrx_word' id='word_1_531' title='bbox 239 2322 278 2326; x_wconf 92' lang='lat'>—-</span> <span class='ocrx_word' id='word_1_532' title='bbox 301 2308 545 2331; x_wconf 67' lang='lat' dir='ltr'>consecraverunt</span> <span class='ocrx_word' id='word_1_533' title='bbox 567 2302 648 2339; x_wconf 83' lang='lat' dir='ltr'>vulg.</span> <span class='ocrx_word' id='word_1_534' title='bbox 669 2318 711 2323; x_wconf 93' lang='lat'>—</span> <span class='ocrx_word' id='word_1_535' title='bbox 737 2301 786 2343; x_wconf 82' lang='lat'>50)</span> <span class='ocrx_word' id='word_1_536' title='bbox 809 2303 857 2331; x_wconf 88' lang='lat' dir='ltr'>Sic</span> <span class='ocrx_word' id='word_1_537' title='bbox 881 2305 937 2332; x_wconf 88' lang='lat' dir='ltr'>Gn.</span> <span class='ocrx_word' id='word_1_538' title='bbox 967 2306 991 2333; x_wconf 92' lang='lat'>1.</span> <span class='ocrx_word' id='word_1_539' title='bbox 1016 2305 1044 2333; x_wconf 81' lang='lat'>2.</span> <span class='ocrx_word' id='word_1_540' title='bbox 1087 2312 1144 2330; x_wconf 88' lang='lat' dir='ltr'>om.</span> <span class='ocrx_word' id='word_1_541' title='bbox 1177 2302 1232 2331; x_wconf 92' lang='lat' dir='ltr'>Gu.</span> <span class='ocrx_word' id='word_1_542' title='bbox 1256 2306 1282 2334; x_wconf 90' lang='lat'>1.</span> <span class='ocrx_word' id='word_1_543' title='bbox 1316 2321 1352 2325; x_wconf 89' lang='lat'><strong>—</strong></span> <span class='ocrx_word' id='word_1_544' title='bbox 1389 2301 1435 2341; x_wconf 79' lang='lat'>67)</span> <span class='ocrx_word' id='word_1_545' title='bbox 1467 2309 1548 2331; x_wconf 83' lang='lat' dir='ltr'>certa</span> <span class='ocrx_word' id='word_1_546' title='bbox 1584 2303 1640 2332; x_wconf 89' lang='lat' dir='ltr'>Gu.</span> <span class='ocrx_word' id='word_1_547' title='bbox 1666 2306 1690 2333; x_wconf 85' lang='lat'>1.</span> <span class='ocrx_word' id='word_1_548' title='bbox 1724 2320 1760 2324; x_wconf 86' lang='lat'>—</span> <span class='ocrx_word' id='word_1_549' title='bbox 1793 2305 1889 2328; x_wconf 68' lang='lat' dir='ltr'>certus</span> <span class='ocrx_word' id='word_1_550' title='bbox 1914 2307 1960 2325; x_wconf 68' lang='lat' dir='ltr'>va·</span> <span class='ocrx_word' id='word_1_551' title='bbox 1991 2313 2032 2318; x_wconf 87' lang='lat'><em>-</em></span> 
     </span>
     <span class='ocr_line' id='line_1_57' title="bbox 101 2344 1235 2387; baseline -0.005 -9"><span class='ocrx_word' id='word_1_552' title='bbox 101 2366 140 2370; x_wconf 97' lang='lat'><strong>—</strong></span> <span class='ocrx_word' id='word_1_553' title='bbox 164 2348 345 2387; x_wconf 70' lang='lat' dir='ltr'>Quadrigas</span> <span class='ocrx_word' id='word_1_554' title='bbox 371 2346 452 2384; x_wconf 75' lang='lat' dir='ltr'>vulg.</span> <span class='ocrx_word' id='word_1_555' title='bbox 474 2362 515 2368; x_wconf 83' lang='lat'>--</span> <span class='ocrx_word' id='word_1_556' title='bbox 545 2346 591 2386; x_wconf 85' lang='lat'>51)</span> <span class='ocrx_word' id='word_1_557' title='bbox 615 2345 663 2373; x_wconf 83' lang='lat' dir='ltr'>Sic</span> <span class='ocrx_word' id='word_1_558' title='bbox 694 2345 750 2373; x_wconf 86' lang='lat' dir='ltr'>Gu.</span> <span class='ocrx_word' id='word_1_559' title='bbox 776 2348 802 2376; x_wconf 89' lang='lat'>1.</span> <span class='ocrx_word' id='word_1_560' title='bbox 830 2349 857 2378; x_wconf 89' lang='grc'>2,</span> <span class='ocrx_word' id='word_1_561' title='bbox 887 2362 928 2368; x_wconf 94' lang='grc'>-</span> <span class='ocrx_word' id='word_1_562' title='bbox 957 2351 1043 2383; x_wconf 83' lang='lat' dir='ltr'>temp.</span> <span class='ocrx_word' id='word_1_563' title='bbox 1087 2349 1174 2373; x_wconf 74' lang='lat' dir='ltr'>actus</span> <span class='ocrx_word' id='word_1_564' title='bbox 1197 2344 1235 2373; x_wconf 86' lang='lat' dir='ltr'>al.</span> 
     </span>
    </p>
   </div>
  </div>
 </body>
</html>
