2255 2819
224 78 301 113 410

921 75 1100 110 lSlDORI
1124 74 1307 113 HISPAL.
1329 77 1473 112 EPISC.

225 172 323 206 mina.
365 170 397 203 A
413 165 512 202 diris¹
539 178 675 211 quoque
691 166 805 199 avibus
828 177 895 199 non
922 168 1127 213 impetitur2,
1155 182 1217 205 nec
1244 183 1390 216 unquam
1418 172 1546 216 praeda
1575 178 1633 215 est,
1661 174 1764 207 maria
1790 175 1994 208 transvolans
2007 172 2030 219 ἶ,
2057 176 2171 220 ibique

224 224 336 258 hieme
347 219 359 239 ⁴
387 225 621 256 commoratur.

502 272 534 304 T
538 271 638 303 urdos
666 280 685 301 a
711 269 865 302 tarditate
892 267 1039 313 dletos⁵‚
1066 271 1185 306 hiemis
1213 275 1300 307 enim
1328 275 1473 308 confinio
1499 287 1534 309 se
1561 276 1708 309 referunt
1718 273 1739 310 ⁶.

325 320 499 359 Tun-dela⁷
525 321 617 365 quasi
646 320 754 353 minor
780 322 912 364 turdus,
941 323 1032 356 cuius
1059 329 1205 359 stercore
1232 326 1356 360 viscum
1382 328 1535 371 generari
1561 333 1707 373 putatur.

225 378 317 424 apud
344 376 497 418 antiquos
523 378 608 414 erat,
637 372 778 406 Malam
804 373 870 407 sibi
896 373 1021 407 avem⁸
1048 387 1190 411 caestre.

1767 327 1868 361 Unde
1895 333 1928 363 et
1953 329 2170 374 proverbium

387 426 446 459 72.
499 425 657 457 Furfurio
684 421 866 467 vocatur-⁰,
903 427 996 469 quod
1024 429 1115 471 prius
1142 429 1230 461 farre
1255 429 1289 461 in
1315 428 1455 462 farinam
1468 426 1492 447 ¹⁰
1514 431 1652 465 redacto
1681 436 1883 475 pasceretur.

386 477 445 511 73.
497 477 681 511 Ficedulae
695 473 717 493 ¹¹
745 477 872 518 dictae,
900 478 993 521 quod
1010 476 1127 513 ficus¹²
1143 481 1249 525 magis
1273 480 1383 513 edant.
1422 482 1525 523 Quod
1538 479 1560 499 ¹3
1581 483 1740 527 panditur
1753 482 1917 517 versiculo
1933 482 2035 516 veteri
2055 480 2169 517 mori:

453 527 542 562 Cum
570 539 626 561 mc
641 528 743 575 ficus
769 529 864 571 alat,
892 541 971 563 cum
993 542 1131 576 pascar
1157 532 1319 565 dulcibus
1347 533 1432 576 uvis,

558 580 632 614 Cur
652 581 772 625 potius
798 592 921 614 nomen
947 594 1013 615 non
1041 584 1139 616 dedit
1165 596 1236 617 uva
1250 581 1273 601 ¹⁵
1295 583 1409 616 milei?

386 630 444 664 74.
499 629 728 673 carduelisffi,
768 633 859 675 quod
897 635 998 677 spinis
1033 640 1064 668 et
1091 632 1255 669 (ὲτιι-(ΙυίεΠ
1288 636 1453 680 pascitur,
1497 635 1586 669 unde
1612 632 1678 669 etIS
1713 636 1805 681 apud
1833 637 1984 670 Graecos
2016 635 2168 675 α’κανθὶς

221 683 311 716 dieta
337 687 404 723 est,
432 683 475 716 ab
500 681 700 727 (ἱκάνθαις,
732 683 767 716 id
795 690 843 717 est
869 686 987 729 spinis,
1014 687 1132 730 quibus
1158 688 1264 720 alitur.

382 733 442 770 75.

220 797 291 820 esse
317 787 501 821 constituta.

495 736 651 780 Augures
677 740 787 768 autem
816 736 932 770 dicunt
959 743 992 771 et
1018 739 1050 770 in
1077 744 1176 783 gestu
1211 744 1243 771 et
1269 738 1302 771 in
1328 744 1421 772 motu
1449 743 1482 772 et
1508 739 1540 771 in
1564 739 1678 772 volatu
1706 744 1739 772 et
1765 740 1798 772 in
1824 750 1908 773 voce
1935 738 2046 772 avium
2072 739 2167 784 signa

384 837 443 870 76.
498 837 636 871 Oscines
654 849 730 871 aves
745 844 884 880 vocant,
911 851 998 883 quae
1009 836 1032 857 ¹⁹
1049 851 1108 873 ore
1128 846 1296 884 cantuque
1319 842 1503 886 auspicium
1519 841 1662 881 faciunt,
1684 846 1718 874 ut
1734 851 1862 882 corvus,
1883 841 1998 875 cornix
2008 837 2044 881 ²⁰,
2062 841 2166 884 picus,

383 888 443 923 Π.
495 889 617 930 Alites,
645 901 731 933 quae
750 891 866 924 volatu
894 891 1068 926 ostendere
1095 893 1206 925 futura
1234 893 1403 931 videntur-3
1432 905 1518 937 quae
1542 894 1566 926 si
1596 893 1756 926 adversae
1784 898 1874 934 sunt,
1907 889 2077 926 inllibae²¹
2113 892 2167 924 di-

218 944 354 981 cuntur,
382 940 475 984 quod
500 941 688 982 inhibeant,
715 942 751 974 id
778 947 825 976 est
848 948 978 977 vetent:
1021 944 1047 978 si
1073 955 1278 989 prosperae,
1304 950 1484 990 praepetes
1494 942 1529 987 ²²,
1557 950 1589 978 et
1619 945 1697 978 ideo
1722 950 1917 990 praepetes,
1946 945 2025 988 quia
2052 955 2167 977 omnes

218 1003 293 1025 aves
319 992 434 1036 priora
461 997 578 1037 petunt
605 993 764 1026 volantes.

383 1043 442 1076 78.

216 1097 359 1137 utroque
386 1095 585 1138 permixtam
596 1092 639 1136 ²³,
671 1095 706 1127 id
734 1101 783 1129 est
803 1093 914 1130 cum²5
937 1109 1012 1130 aves
1067 1095 1110 1115 ‘²¹⁵

1035 1110 1074 1130 ex

495 1044 646 1076 Tertiam
680 1045 805 1077 faciunt
836 1046 984 1089 speciem
1017 1047 1235 1091 auguriorum
1268 1047 1300 1079 in
1330 1047 1468 1087 avibus,
1515 1059 1616 1090 quam
1651 1058 1863 1080 communem

1137 1110 1196 1131 ore
1218 1103 1250 1132 et
1274 1099 1387 1131 volatu
1409 1099 1550 1142 auguria
1572 1099 1697 1132 faciunt
1707 1096 1748 1131 ²⁷:
1775 1098 1832 1131 sed
1850 1098 1933 1130 fides
1959 1110 2026 1131 non
2052 1098 2165 1131 habet.

1876 1042 1902 1062 ²³
1937 1051 2056 1081 vocant
2070 1070 2080 1087 ‚
2127 1057 2166 1080 ex

386 1145 446 1178 79.
501 1146 659 1179 Omnium
681 1152 792 1180 autem
821 1159 984 1191 generum
1011 1149 1165 1182 volucres
1178 1147 1203 1166 ²⁸
1229 1150 1279 1182 bis
1304 1155 1492 1184 nascuntur.
1524 1151 1673 1184 Primum
1697 1151 1783 1184 enim
1811 1161 1874 1182 ova
1894 1150 2089 1194 gignuntur,
2115 1150 2166 1182 in-

217 1196 260 1229 de
287 1196 401 1229 calore
429 1199 567 1230 materni
595 1199 746 1241 corporis
774 1199 959 1232 formantur
981 1204 1014 1232 et
1041 1201 1235 1233 animantur.

380 1247 440 1280 80.
495 1248 571 1281 Ova
597 1253 708 1283 autem
736 1249 826 1282 dicta
853 1250 895 1282 ab
923 1262 964 1283 eo
992 1252 1084 1294 quod
1112 1253 1173 1284 sint
1200 1251 1311 1285 uvida.

621 1301 710 1333 Nam
738 1300 915 1334 humidum
944 1307 1008 1344 est,
1049 1304 1142 1346 quod
1170 1303 1309 1337 exterius
1334 1302 1514 1336 humorem
1539 1302 1663 1343 habet,
1709 1303 1864 1343 uvidum,
1905 1303 1997 1346 quod
2020 1303 2164 1336 interius.

216 1297 358 1331 humore
385 1300 425 1332 sit
451 1300 561 1344 plena.

1372 1251 1475 1284 Unde
1507 1257 1540 1284 et
1566 1264 1630 1284 uva
1663 1254 1705 1286 ab
1716 1249 1740 1269 ²⁰
1768 1264 1826 1293 eo,
1855 1252 1947 1295 quod
1974 1252 2165 1285 intrinsecus

215 1349 363 1390 Quidam
391 1356 503 1384 autem
529 1356 658 1397 putant,
685 1363 786 1386 ovum
818 1353 987 1388 Graecam
1022 1354 1151 1389 habere
1178 1355 1342 1400 originem
1370 1355 1521 1390 nominis.
1572 1352 1661 1388 111i³⁰
1689 1351 1807 1388 enim³¹
1835 1355 1951 1388 dicunt
1978 1353 2050 1398 ὦα,
2077 1366 2097 1387 v
2120 1355 2163 1387 li-

215 1405 284 1434 tera
314 1403 426 1435 ablata
439 1400 473 1434 ³².

379 1453 438 1488 81.

214 1503 335 1536 fuerint
361 1505 542 1538 concubitu
571 1507 753 1539 masculino
789 1512 972 1551 concepta,

214 1617 350 1651 quoque
377 1608 471 1642 calce
492 1609 658 1654 glutinare
684 1610 788 1642 fertur
814 1610 886 1643 vitri
913 1611 1110 1656 fragmenta.

628 1701 657 1736 C
684 1703 714 1736 A
742 1703 779 1736 P.
833 1703 925 1736 VIII.
1005 1704 1075 1737 Dc

1128 1705 1352 1738 minutis

493 1454 569 1487 Ova
596 1460 705 1488 autem
727 1456 893 1498 quaedam
904 1453 929 1473 3³
955 1457 1044 1489 inani
1071 1461 1170 1490 vento
1192 1458 1442 1502 concipiuntur,
1469 1458 1528 1490 sed
1555 1469 1622 1490 non
1648 1461 1722 1490 sunt
1741 1457 1965 1502 generabilia,
1992 1456 2051 1489 nisi
2078 1467 2165 1500 quae

1026 1513 1059 1541 et
1085 1510 1233 1542 seminali
1270 1510 1386 1554 spiritu
1413 1506 1629 1553 penetratam.

213 1560 310 1596 cunt,
349 1561 386 1588 ut
411 1556 539 1601 lignum
573 1558 746 1601 perfusum
780 1570 820 1591 eo
831 1556 856 1576 ³³
883 1571 949 1592 non
976 1559 1109 1601 ardeat,
1158 1572 1199 1595 ac
1230 1572 1273 1594 ne
1307 1561 1404 1594 vestis
1432 1561 1569 1604 quidem
1597 1557 1748 1594 cona-:1³⁶
1774 1561 1942 1596 aduratur.

1691 1509 1842 1542 Ovorum
1864 1510 1932 1542 vim
1958 1513 2083 1542 tantam
2109 1507 2164 1540 di-

2005 1559 2163 1594 Admixta

1404 1704 1746 1739 volatilibus.

382 1778 413 1812 l.
467 1778 560 1823 Apes
588 1777 716 1821 dictae,
743 1779 799 1813 vel
809 1775 834 1796 ³⁷
861 1780 954 1824 quod
977 1792 1011 1814 se
1038 1781 1181 1825 pedibus
1208 1781 1347 1815 invicem
1369 1781 1526 1827 alligent,
1553 1781 1607 1814 vel
1628 1791 1692 1825 pro
1720 1791 1779 1821 eo,
1802 1779 1896 1823 quod
1922 1781 1991 1813 sine
2017 1779 2161 1825 pedibus

291 1884 320 1919 1)
338 1884 387 1912 Sic
408 1885 464 1915 Gu.
482 1888 509 1917 1.
535 1889 562 1917 2.
587 1886 694 1927 (supra
719 1886 816 1928 vers.)
838 1888 889 1917 Ar.
909 1906 951 1910 —
983 1890 1069 1919 Aliis
1086 1891 1167 1928 vulg.

215 1939 252 1947 -—
278 1926 307 1961 2)
327 1927 490 1964 impeditur
513 1929 569 1957 Gu.
588 1932 614 1960 1.
637 1947 679 1952 —-
708 1932 738 1969 3)
763 1933 811 1960 Sic
834 1932 890 1960 Gu.
907 1935 934 1963 1.
948 1935 976 1964 2.
999 1950 1040 1954 —
1067 1939 1168 1961 trans-

215 1968 299 1995 volat
322 1969 403 2006 vulg.
428 1985 464 1991 ——
500 1969 530 2010 4)
555 1971 647 2001 liic-me
672 1984 730 2002 orn.
757 1975 855 2006 Ωιι-2.
877 1991 919 1997 -
949 1975 977 2015 5)
998 1976 1046 2004 Sic
1070 1976 1165 2008 Gu.1.

215 2008 362 2050 (Turdo)
390 2011 427 2039 al.
451 2029 489 2032 —-
528 2013 623 2041 Turdi
645 2033 683 2037 —
709 2015 786 2044 dicti
807 2017 889 2056 vulg.
914 2035 951 2040 —
984 2017 1106 2047 Turdus
1128 2043 1134 2049 .
1158 2042 1165 2049 .

215 2051 318 2081 dictus
339 2054 423 2092 vulg.
454 2070 494 2076 ·-
530 2057 558 2091 6)
586 2058 714 2092 refertur
741 2060 796 2089 Gu.
827 2063 854 2090 1.
884 2076 925 2081 -—
958 2060 986 2100 7)
1023 2060 1167 2089 Turde-lla

217 2095 272 2123 Gu.
297 2099 323 2126 1.
346 2114 384 2118 ——
414 2095 443 2135 8)
467 2106 536 2125 aves
559 2098 615 2128 Gn.
634 2103 661 2130 1.
685 2119 722 2123 -
754 2104 782 2139 9)
805 2102 854 2130 Sic
882 2103 939 2131 Gu.
955 2106 982 2133 1.
1009 2119 1051 2125 —
1074 2115 1166 2132 voca—

216 2143 268 2165 tus
289 2139 370 2176 vulg.
405 2155 445 2160 —-
482 2140 525 2174 10)
551 2141 583 2167 in
597 2142 712 2177 farina
734 2144 789 2171 Gu.
809 2148 838 2175 2.
857 2161 897 2166 —
920 2144 966 2183 11)
988 2146 1167 2175 Rscedalae

217 2180 272 2208 Gu.
299 2183 324 2211 1.
351 2196 394 2202 -—
431 2180 478 2217 12)
509 2181 558 2209 Sic
588 2184 645 2213 Gu.
670 2188 696 2216 1.
718 2188 747 2216 2.
771 2203 812 2207 —
834 2188 915 2224 fico-5
937 2188 1018 2226 vulg.
1045 2204 1088 2211 ——
1118 2189 1164 2230 13)

219 2221 312 2260 Quod
334 2233 390 2251 om.
414 2223 471 2252 Gn.
497 2226 526 2255 2.
555 2240 597 2246 —
628 2226 671 2261 14)
695 2227 823 2257 Martial.
852 2229 902 2258 lib.
926 2230 1006 2260 Xlll.
1040 2241 1088 2269 ep.
1112 2232 1163 2263 49.

217 2282 256 2287 -—
281 2263 326 2304 15)
357 2275 450 2294 uvam
480 2266 538 2295 Gn.
562 2269 588 2297 1.
620 2283 661 2289 —
700 2271 746 2306 16)
780 2270 963 2300 Οανᾶιιεῖἰιιε
985 2282 1030 2310 pr.
1054 2290 1095 2294 —
1120 2275 1167 2309 17)

217 2307 264 2335 Sic
287 2306 337 2336 Ar.
359 2322 400 2329 ·—
422 2307 559 2336 cardinis
588 2309 644 2338 Gu.
664 2313 690 2342 1.
714 2327 756 2333 —
778 2313 924 2341 cantibus
945 2316 1024 2352 vulg.
1056 2332 1089 2336 —
1117 2316 1165 2355 13)

217 2355 245 2379 et
268 2360 324 2390 pro
345 2351 437 2379 etiam.
461 2351 517 2382 Gn.
536 2353 565 2383 1.
583 2362 631 2382 va.
653 2369 693 2376 —-
717 2356 759 2392 19)
783 2357 835 2393 qui
857 2365 902 2386 va.
925 2373 958 2377 -
981 2357 1029 2394 20)
1052 2360 1164 2396 cornix,

1211 1901 1321 1918 corvus
1344 1890 1399 1919 Gu.
1417 1893 1446 1921 2.
1467 1908 1504 1913 —
1527 1892 1576 1927 21)
1600 1890 1734 1917 initilme
1762 1889 1818 1918 Gu.
1838 1893 1864 1920 1.
1891 1905 1934 1911 --
1962 1889 2080 1918 talzebes
2103 1890 2159 1919 Gu,

1210 1937 1239 1965 2.
1263 1948 1303 1955 --
1326 1933 1447 1961 inebrae
1466 1932 1517 1961 Ar.
1539 1947 1581 1953 ——
1606 1934 1654 1969 92)
1675 1932 1812 1961 videlicet
1835 1933 1903 1961 add.
1928 1932 1984 1962 Gu.
2004 1935 2035 1964 2.
2053 1948 2095 1954 -
2110 1933 2159 1969 23)

1209 1977 1450 2004 communionem
1479 1975 1515 2004 al.
1546 1992 1583 1996 -
1616 1978 1660 2009 24)
1690 1975 1739 2004 Sic
1760 1976 1819 2005 Gn.
1841 1978 1867 2006 1.
1886 1975 1923 2003 al.
1947 1976 1996 2005 Ar.
2022 1991 2058 1996 —-
2083 1984 2159 2012 per-

1208 2020 1305 2046 mixta
1330 2019 1385 2048 Gn⁴
1407 2021 1436 2049 2.
1467 2034 1507 2039 -—
1539 2020 1732 2046 commixtam
1753 2019 1832 2056 vulg.
1861 2032 1904 2040 --
1937 2016 1987 2058 25)
2009 2027 2078 2044 cum
2100 2027 2157 2045 om.

1212 2062 1268 2089 Gu.
1289 2063 1317 2092 2.
1333 2076 1375 2082 --
1396 2058 1444 2099 26)
1460 2066 1485 2088 et
1508 2071 1556 2088 ore
1570 2062 1626 2088 (1¹11.
1648 2063 1674 2090 1.
1690 2077 1731 2083 -—
1753 2059 1801 2100 527)
1822 2062 1987 2097 angariat,
2009 2058 2063 2087 sed
2076 2058 2158 2096 fides

1209 2103 1366 2131 inhahitat
1388 2102 1469 2140 goth.
1492 2113 1559 2131 mss.
1572 2104 1734 2133 Toleit.—-
1752 2104 1971 2141 auguriantur,
1994 2101 2048 2130 sed
2059 2100 2158 2140 fidem

1208 2157 1267 2174 non
1288 2145 1377 2173 habet
1399 2145 1487 2175 Arev.
1507 2162 1548 2167 —-
1570 2149 1615 2184 25)
1640 2146 1687 2174 sic
1705 2146 1762 2175 Gu.
1775 2149 1803 2176 1.
1820 2161 1862 2166 —
1890 2146 2034 2173 Omnium
2056 2150 2157 2172 autem

1204 2198 1317 2227 genera
1339 2188 1496 2215 volu-crum
1522 2188 1603 2226 vulg,
1625 2206 1667 2210 —
1695 2190 1740 2226 29)
1764 2188 1802 2216 al)
1823 2187 1926 2216 addidi
1948 2198 1964 2216 e
1988 2188 2044 2216 Gu.
2063 2189 2091 2218 1.
2113 2200 2157 2208 -·

1207 2233 1253 2267 So)
1280 2230 1328 2258 Sic
1355 2230 1411 2259 Gu.
1435 2234 1461 2261 1.
1484 2233 1513 2261 2.
1536 2241 1582 2259 va.
1608 2248 1645 2253 -—
1675 2231 1731 2259 Isti
1752 2231 1833 2269 vulg.
1856 2249 1896 2253 —
1926 2231 1975 2267 31)
1998 2230 2075 2257 enim
2097 2237 2156 2266 pro

1208 2279 1310 2301 antem
1330 2273 1387 2301 Gu.
1412 2275 1440 2304 1.
1469 2289 1511 2294 —
1538 2274 1587 2309 32)
1608 2284 1665 2301 οιά
1687 2285 1706 2300 v
1729 2274 1776 2303 lit.
1808 2273 1869 2302 ahl.
1895 2283 1933 2300 oa
1954 2281 2001 2299 va.
2032 2287 2074 2292 —
2105 2268 2154 2308 33)

1208 2314 1358 2354 quaedam
1390 2321 1491 2343 autem
1520 2316 1576 2345 Gu.
1596 2319 1625 2348 2.
1641 2327 1688 2344 va.
1716 2333 1759 2339 —-
1786 2315 1832 2355 34)
1849 2319 2024 2353 petpetrata
2055 2313 2110 2341 Gu.
2128 2315 2154 2342 1.

1207 2375 1248 2380 —
1269 2361 1315 2393 35)
1339 2369 1370 2386 eo
1393 2369 1448 2397 pro
1472 2369 1528 2386 ovo
1555 2359 1613 2389 Gu.
1632 2361 1657 2390 1.
1682 2361 1710 2389 2.
1735 2358 1774 2388 al.
1796 2373 1838 2380 -—
1860 2367 1893 2385 ex
1915 2367 1946 2384 eo
1969 2356 2007 2384 al.
2034 2371 2075 2377 —
2105 2357 2152 2388 36)
