2255 2819
185 91 261 126 476

864 89 1044 123 ISIDORI
1078 88 1257 122 HlSPAL.
1296 89 1440 124 EPISC.

185 187 243 229 qui
270 190 302 218 et
336 180 509 228 quartus¹‚
553 182 587 215 id
616 187 663 214 est
695 182 810 213 similis
844 181 932 214 Filio
967 181 1128 222 hominis,
1170 184 1361 227 extinguens
1388 183 1559 217 fornacem
1586 185 1686 230 ignis,
1727 183 1961 219 stabilitatem²
1988 186 2125 230 pedum,

186 237 435 270 fundamentum
459 245 580 277 aquae,
608 234 639 264 in
667 243 733 276 quo
762 233 939 265 divinitatis
965 231 1162 276 plenitudo³
1188 235 1317 266 habitat
1342 235 1571 277 corporaliter.

351 287 408 319 11.

187 337 300 378 σιλεὺς
326 349 399 377 rex,
428 342 460 369 et
487 335 642 367 basilicae
670 336 783 380 regiae
810 336 1040 368 habitationes.

463 280 646 317 Basilicae⁴
672 285 763 328 prius
792 285 995 318 vocabantur
1022 296 1140 329 regum
1168 285 1378 325 habitacula,
1416 287 1502 319 unde
1530 294 1562 320 et
1599 299 1719 320 nomen
1755 287 1888 320 habent.

1942 288 2028 321 Nam
2058 292 2127 334 βα*

1095 337 1190 370 Nunc
1223 343 1332 370 autem
1364 335 1440 369 ideo
1468 338 1580 371 divina
1606 340 1734 383 templa
1766 340 1922 373 basilicae
1951 342 2127 373 nominan-

185 396 255 434 tur,
283 391 360 434 quia
388 388 433 419 ibi
459 387 532 431 regi
557 387 703 419 omnium
731 387 797 419 deo
826 388 932 421 cultus
961 394 994 420 et
1020 388 1180 420 sacrificia
1207 389 1400 421 offeruntur.

351 439 408 471 12.

462 436 682 481 Martyrium⁵
709 439 802 472 locus
829 436 1033 483 martyrumG
1063 440 1195 472 Graeca
1223 439 1446 480 derivatione,
1489 452 1529 473 eo
1557 441 1646 485 quod
1673 442 1705 474 in
1730 443 1925 476 memoriam
1951 439 2126 486 martyris²

186 496 408 527 constructum
435 486 513 530 sitss,
542 490 595 522 vel
622 490 714 533 quod
735 491 913 535 sepulchra
936 497 1123 525 sanctorum
1151 491 1196 523 ibi
1223 487 1303 524 εἰιιι9
1331 496 1521 534 martyrum,

354 541 412 575 13.
466 542 567 573 Aram
596 542 730 584 quidam
759 548 910 575 vocatam
939 543 1107 582 dixerunt,
1146 543 1239 585 quod
1266 543 1311 575 ibi
1338 543 1489 576 incensae
1501 540 1524 559 ¹⁰
1557 543 1709 576 victimae
1746 543 1893 576 ardeant.

185 594 298 627 dicunt
324 606 343 626 a
369 593 631 638 precationibus,
666 594 699 625 id
731 591 829 636 estu,
870 595 963 638 quod
978 591 1000 611 ¹²
1028 594 1150 626 Graeci
1178 594 1266 641 ἄρας
1295 594 1406 626 dicunt
1417 591 1449 632 ¹³,

363 645 430 677 Alii
458 645 572 677 volunt
593 645 635 677 ab
663 645 834 678 altitudine
862 658 949 685 aras,
981 646 1039 678 sed
1068 647 1154 678 male
1167 642 1198 677 ¹⁵.

185 646 311 680 dicitur.

1962 544 2030 578 Alii
2057 555 2129 576 aras

1480 593 1568 627 unde
1596 601 1710 628 contra
1728 595 1925 640 imprecatio
1953 591 2129 642 κατάραΗ

351 696 407 729 14.
462 696 577 729 Altare
601 702 710 729 autem
739 698 780 729 ab
804 697 974 729 altitudine
1000 703 1126 731 constat
1154 708 1223 729 esse
1250 696 1472 735 nominatum,
1498 696 1589 739 quasi
1618 697 1683 728 alta
1710 709 1778 732 ara.

351 746 407 780 15.
461 748 647 791 Pulpitum,
691 748 783 791 quod
810 749 842 780 in
870 760 910 781 eo
936 749 1064 789 lector,
1111 749 1162 781 vel
1189 748 1357 792 psalmista
1393 748 1517 792 positus
1551 749 1583 780 in
1610 748 1748 792 publico
1776 749 1924 793 conspici
1951 761 1970 781 a
1996 747 2128 793 populo

183 799 302 844 possit,
335 796 439 842 quo¹6
467 799 598 831 liberius
626 800 786 832 audiatur.

351 850 406 882 16.
460 851 623 883 Tribunal
652 862 707 893 eo,
735 851 828 895 quod
857 847 967 883 inde¹⁷
994 863 1013 883 a
1037 850 1210 884 sacerdote
1238 851 1420 883 tribuantur
1442 854 1624 894 praecepta
1648 850 1788 883 vivendi.

1157 900 1169 918 ⁰
1203 903 1338 946 possint.

183 903 217 934 in
244 901 375 933 sublimi
387 898 410 917 ¹⁵⁹
435 902 645 942 constitutus,
673 903 761 935 unde¹
789 903 926 935 universi
938 898 960 918 ¹⁹

184 958 272 995 turn,
300 953 393 996 quod
421 953 464 986 ad
492 954 587 986 illum
599 950 620 970 ²¹
651 955 752 986 tribus
780 950 1047 987 convocentnr²².

350 1004 406 1036 17.
460 1006 663 1050 Analogium
688 1005 830 1046 dictum,
858 1006 950 1049 quod
986 1016 1093 1039 sermo
1121 1004 1198 1037 inde
1221 1003 1433 1049 praedicetur
1446 1000 1480 1037 ²³.

186 1056 284 1096 citur,
312 1056 403 1098 quod
433 1061 464 1089 et
492 1057 600 1100 ipsum
629 1057 726 1090 altius
753 1058 847 1090 situm
876 1062 924 1090 est
936 1053 969 1090 ²⁴.

691 1162 893 1195 ·CAP.
949 1162 988 1195 V.
1066 1161 1136 1194 De

988 902 1134 947 conspici
1145 900 1156 918 ²

1841 851 1901 883 Est
1925 851 2011 883 enim
2034 850 2129 884 locus

1409 903 1501 935 Alias
1528 903 1673 935 tribunal
1701 914 1720 935 a
1747 902 1897 935 tribubus
1931 902 2128 935 denomina-

1533 1005 1619 1037 Nam
1653 1002 1755 1050 λόγος
1783 1005 1915 1039 Graece
1939 1015 2048 1038 sermo
2075 1003 2129 1036 di-

1188 1161 1575 1204 repositoriis.

351 1245 381 1277 l.
435 1246 621 1279 Sacrarium
650 1248 789 1291 proprie
813 1252 858 1279 est
886 1243 1012 1279 locus²⁵
1039 1246 1177 1289 templi,
1206 1245 1237 1277 in
1261 1256 1328 1287 qno
1352 1255 1443 1277 sacra
1465 1249 1679 1288 reponuntur,
1707 1244 1789 1277 sicut
1816 1244 1991 1277 donarium
2012 1249 2070 1286 est,
2097 1244 2130 1276 in

184 1306 251 1338 quo
279 1295 519 1330 collocantur²¹⁵
547 1299 678 1339 oblata,
706 1300 788 1331 sicut
815 1299 1012 1331 lectisternia
1036 1298 1205 1339 dicuntur,

1961 1297 2017 1329 Ab
2043 1295 2130 1328 infe·

1250 1297 1306 1328 ubi
1333 1296 1485 1329 homines
1516 1296 1633 1329 sedere
1660 1301 1908 1328 consueverunt.

184 1347 294 1380 rendis
325 1349 429 1393 igitur
442 1350 466 1370 ²⁷
494 1355 524 1381 et
553 1350 768 1394 deportandis
795 1349 926 1383 sacris-²⁸
953 1350 1129 1382 sacrarium
1157 1353 1375 1392 nuncupatur.

350 1409 382 1441 2.
438 1410 582 1442 Donaria
619 1422 698 1443 vero
733 1422 792 1451 eo,
844 1410 937 1453 quod
977 1410 1024 1443 ibi
1060 1409 1148 1441 dona
1183 1414 1407 1452 reponantur,
1461 1403 1580 1450 quae²⁹
1621 1407 1652 1438 in
1687 1406 1820 1450 templis
1863 1402 2013 1439 offerri³⁰
2049 1416 2132 1439 con-

186 1466 359 1492 sueverunt
370 1458 404 1491 3¹.

350 1518 383 1554 3.
437 1520 611 1553 Aerarium
639 1527 813 1561 vocatum,
840 1522 917 1564 quia
944 1521 1034 1565 prius
1061 1532 1116 1553 aes
1141 1520 1305 1564 signatum
1333 1519 1379 1551 ibi
1390 1515 1415 1534 ³²
1436 1516 1689 1550 recondebatur.

1743 1517 1822 1550 Hoc
1846 1517 1932 1549 enim
1954 1512 2078 1561 prius³³
2099 1516 2132 1549 in

186 1580 245 1601 usu
273 1574 343 1601 erat
370 1582 451 1603 auro
479 1578 686 1616 argentoque
714 1573 859 1605 nondum
888 1573 1036 1617 signato,
1077 1583 1116 1605 ex
1144 1583 1285 1614 qnorum
1316 1569 1456 1602 metallis
1491 1569 1639 1611 quamvis
1673 1575 1790 1612 postea
1814 1568 1903 1601 facta
1929 1568 2042 1601 suisset
2067 1579 2131 1612 pe-

187 1620 300 1662 cunia,
324 1632 446 1655 nomen
469 1628 580 1656 tamen
608 1625 724 1657 aerarii
752 1625 930 1668 permansit
957 1625 999 1656 ab
1030 1635 1070 1656 eo
1099 1623 1253 1665 metallo,
1280 1622 1369 1654 unde
1396 1620 1537 1666 pecunia
1564 1632 1685 1652 nomen
1712 1619 1850 1664 sumpsit
1877 1625 1909 1651 et
1935 1615 2104 1652 initium³⁸.

274 1729 303 1768 1)
325 1742 407 1759 unu-s·
429 1733 459 1762 Z.
486 1749 528 1754 —
557 1731 589 1773 Ξ)
611 1733 660 1761 Sic
683 1734 713 1761 Z.
739 1734 795 1762 Gu.
818 1736 843 1763 1.
871 1735 897 1764 2.
919 1732 963 1760 ed.
990 1731 1080 1761 Goth.
1100 1748 1141 1752 —

190 1772 426 1802 stabilinzcnlum
450 1776 529 1813 vulg.
552 1792 592 1797 —
615 1777 645 1813 3)
667 1777 714 1804 Sic
741 1777 796 1806 Gu.
814 1779 837 1806 1.
858 1792 899 1796 —-
917 1776 1023 1812 plentl,
1044 1775 1138 1802 (Ιιίἰά.

189 1815 269 1853 vulg.
293 1832 331 1836 —
356 1819 451 1845 omnis·
471 1819 550 1855 plen.
574 1817 668 1847 ‹iia-m.
690 1819 778 1848 Arev.
816 1835 850 1838 —
885 1819 915 1852 4)
937 1818 1057 1845 Basilis
1083 1819 1139 1845 Gu.

193 1860 218 1887 1.
241 1873 277 1877 ·—
313 1857 342 1897 5)
365 1860 458 1897 stlat-t)
468 1862 516 1888 ria
539 1862 593 1888 Gu.
619 1864 647 1893 2.
677 1878 718 1883 —-
754 1864 781 1899 (3)
804 1861 949 1897 sllarlyrii
972 1861 1005 1890 Z.
1030 1870 1076 1888 va.
1099 1877 1135 1882 —-

191 1901 334 1936 martyris
357 1902 392 1930 al.
412 1918 452 1922 —
475 1904 502 1940 7)
527 1909 695 1940 martyrum
718 1914 766 1933 va.
789 1919 828 1924 -
853 1907 879 1936 8)
904 1903 952 1930 5ἱο
976 1904 1032 1929 GU·
1052 1905 1078 1933 1·
1098 1917 1139 1923 -·

191 1944 231 1969 sit
254 1947 362 1970 constr.
386 1943 464 1980 vulg.
489 1961 528 1965 —
551 1948 581 1982 9)
603 1952 672 1974 sunt
697 1947 727 1973 Z.
749 1964 786 1967 —
812 1943 856 1985 10)
880 1947 928 1973 Sic
946 1946 976 1973 Z.
995 1946 1051 1972 Cu.
1071 1947 1138 1975 1.2.

192 1994 238 2023 pr.
255 1995 300 2013 va.
325 1985 371 2013 Ar.
394 2000 429 2006 -—
455 1987 591 2014 incensae
614 1989 656 2015 ibi
681 1989 758 2025 vulg.
787 2005 821 2009 —
851 1993 893 2020 11)
914 1987 948 2015 id
964 1993 1005 2015 est
1029 1987 1064 2014 al.
1086 1997 1142 2014 0111.

195 2044 231 2048 —
264 2029 305 2063 12)
327 2027 375 2055 Sic
398 2027 453 2054 Gu.
477 2031 500 2058 1.
517 2045 557 2049 —
583 2041 660 2067 quus
683 2031 764 2066 vulg.
786 2047 827 2051 -—
852 2032 895 2069 13)
918 2031 964 2058 Sic
986 2032 1040 2058 Gn.
1059 2032 1083 2059 1.
1102 2045 1141 2050 --

193 2075 302 2097 vocant
326 2070 452 2106 vulg.—
465 2070 528 2097 On1.
544 2072 575 2099 Z.
593 2088 634 2093 —
659 2074 700 2105 14)
720 2073 768 2100 Sic
787 2073 925 2102 Arev.—-
940 2079 1049 2100 satura
1063 2071 1143 2105 vulg.

193 2129 235 2135 —
265 2114 310 2148 15)
333 2112 386 2139 sed
402 2122 460 2139 non
485 2113 514 2139 Z.
537 2129 579 2134 —
610 2114 654 2149 11⁴»)
678 2115 761 2152 qnod
782 2116 812 2142 Z.
838 2117 894 2144 Gu.
918 2117 945 2145 2.
969 2131 1010 2135 —
1034 2117 1077 2151 17)
1100 2114 1143 2141 ibi

195 2155 226 2183 Z.
252 2169 293 2176 —
330 2157 373 2191 18)
395 2155 427 2181 in
457 2154 584 2182 sublime
614 2155 643 2184 Z.
685 2173 726 2177 —
772 2155 816 2195 19)
840 2157 889 2184 Sic
921 2158 951 2184 Z.
983 2157 1038 2184 Gu.
1064 2160 1090 2187 1.
1114 2159 1142 2186 2.

196 2199 248 2227 Ar.
279 2213 317 2217 -
355 2198 497 2224 univer-m
530 2197 610 2234 vulg.
647 2213 686 2217 ——
730 2198 778 2233 ΞΟ)
809 2199 857 2226 Sic
890 2200 946 2226 Gu.
974 2201 999 2229 1.
1031 2201 1058 2229 2.
1092 2199 1142 2227 Ar.

195 2255 236 2261 —-
264 2238 405 2266 exaudis-t
432 2239 513 2276 vulg.
543 2255 584 2260 —-—
622 2239 670 2276 21)
698 2239 781 2266 illud
804 2241 859 2268 Gu.
882 2244 910 2272 2.
937 2251 983 2268 va.
1012 2257 1053 2261 —
1093 2244 1126 2268 22

197 2286 374 2310 convocetur
405 2282 436 2310 Ζ.
473 2282 529 2309 Gu.
555 2284 581 2311 1.
611 2281 647 2310 al.
687 2298 724 2303 —
763 2289 920 2310 evocentur
959 2284 1012 2310 Gu.
1042 2285 1071 2312 2.
1105 2299 1139 2303 -

196 2326 242 2357 ⁶23)
262 2323 462 2361 praedicatur
475 2324 505 2352 Z.
529 2339 568 2345 —
591 2324 638 2361 24)
654 2323 729 2351 Add.
754 2322 783 2350 h.
805 2324 823 2353 l.
848 2325 903 2353 Gu.
924 2328 949 2354 1.
968 2323 1050 2359 haec,
1068 2334 1143 2363 quae

199 2366 237 2396 ad
252 2376 279 2395 v.
303 2367 463 2406 Pulpitum
484 2365 626 2396 dicuutur
655 2365 691 2394 ab
714 2365 839 2395 Isidoro.
862 2383 903 2388 —
924 2366 972 2402 25)
996 2367 1080 2396 locus
1102 2373 1144 2396 est

1185 1732 1241 1761 Cu.
1255 1733 1282 1762 2.
1306 1746 1346 1751 -—
1369 1732 1413 1767 26)
1436 1729 1602 1756 collocatur
1626 1729 1682 1756 Gn.
1701 1730 1726 1757 1.
1751 1743 1788 1747 —
1813 1725 1857 1765 27)
1869 1727 1917 1755 Sic
1932 1727 1962 1756 Z.
1980 1727 2034 1755 Gu.
2056 1729 2080 1757 1.
2100 1729 2130 1758 2.

1184 1784 1230 1803 va.
1257 1790 1295 1794 -
1320 1783 1389 1809 ergo
1414 1772 1494 1809 vulg.
1525 1788 1561 1793 —
1596 1770 1642 1810 ιλδ)
1666 1771 1762 1797 Sacri-s·
1785 1780 1841 1797 om.
1866 1770 1922 1798 Gu.
1950 1772 1974 1799 1.
2007 1784 2045 1791 —-
2082 1769 2131 1806 29)

1183 1815 1268 1854 quod
1297 1815 1352 1843 Gu.
1381 1817 1407 1846 1.
1430 1830 1470 1836 —
1508 1812 1553 1852 30)
1578 1814 1682 1852 offerre
1710 1813 1740 1841 Z.
1770 1826 1812 1833 —-
1841 1812 1889 1849 31)
1917 1817 2132 1840 consueverant

1184 1861 1238 1886 Gn.
1262 1861 1287 1887 1.
1312 1858 1350 1886 al.
1374 1873 1415 1877 —
1442 1855 1489 1895 32)
1507 1857 1599 1894 inua·
1622 1855 1665 1883 ibi
1690 1865 1740 1882 aes
1762 1864 1807 1882 va.
1830 1870 1872 1877 -—-
1892 1853 1942 1894 33)
1964 1855 2012 1883 Sic
2035 1854 2091 1883 Gu.
2103 1856 2130 1886 1.

1184 1917 1221 1922 —
1243 1901 1315 1927 olim
1338 1899 1418 1936 vulg.
1440 1914 1481 1920 —
1502 1899 1550 1934 34)
1568 1899 1617 1926 Sic
1643 1898 1700 1926 Gu.
1717 1900 1743 1927 1.
1763 1913 1801 1918 —
1826 1895 1904 1924 unde
1920 1907 1984 1935 pec.
2007 1898 2132 1925 initium

1185 1944 1314 1981 sumpsit
1336 1942 1419 1979 vulg.
1445 1957 1478 1961 —
1504 1939 1552 1979 35)
1579 1951 1642 1968 vero
1666 1951 1723 1970 om.
1748 1940 1779 1967 Z.
1803 1940 1858 1967 Gu.
1878 1942 1906 1970 2.
1932 1957 1970 1961 —-
1998 1938 2043 1974 36)
2063 1944 2131 1966 tan-

1186 1993 1266 2021 tum,
1293 1985 1346 2012 ula·
1370 1985 1425 2014 Gu.
1439 1985 1468 2013 2.
1491 1999 1532 2003 -
1554 1984 1688 2021 37)s1mt
1711 1981 1779 2010 add.
1803 1992 1848 2010 va.
1870 1998 1904 2003 —
1927 1987 2131 2009 armentorum

1187 2030 1243 2058 Gu,
1264 2031 1292 2058 ⁴2.
1313 2044 1354 2049 —
1376 2026 1421 2064 38)
1446 2024 1525 2052 unde
1549 2031 1574 2052 ct
1603 2027 1659 2054 Gn.
1685 2029 1712 2057 2.
1737 2041 1772 2045 —-
1794 2023 1840 2063 39)
1866 2024 2034 2053 1uven.Sat.
2050 2023 2130 2057 Xlll,

1185 2073 1234 2101 83.
1258 2086 1298 2092 —-
1321 2067 1368 2108 40)
1387 2068 1475 2095 habet
1499 2069 1555 2095 Gn.
1581 2071 1609 2099 2.
1635 2084 1677 2090 —-
1697 2069 1745 2103 41)
1771 2078 1790 2094 α
1813 2066 1914 2094 addidi
1937 2076 1952 2094 e
1974 2066 2005 2096 Z.
2028 2066 2084 2094 Gu.
2103 2068 2131 2096 1.

1185 2129 1227 2134 —
1258 2114 1303 2147 4⁶2)
1330 2112 1514 2149 positoriltm
1538 2111 1568 2138 Z.
1596 2126 1638 2132 ——
1673 2111 1721 2145 43)
1740 2110 1788 2137 Sic
1805 2110 1835 2138 Z.
1857 2109 1912 2136 Gu.
1940 2112 1964 2138 1.
1985 2110 2014 2140 2.
2035 2126 2073 2131 —
2096 2106 2133 2135 id

1186 2161 1228 2182 est
1250 2155 1329 2191 vulg.
1349 2169 1390 2174 —
1414 2151 1461 2191 44)
1486 2164 1516 2179 eo
1540 2152 1687 2191 quodibi
1711 2153 1766 2180 Gu.
1788 2154 1818 2182 2.
1842 2167 1884 2172 --
1911 2150 1959 2187 45)
1980 2151 2130 2189 colligun-

1186 2203 1237 2225 mr
1260 2197 1289 2225 Z.
1310 2211 1352 2217 -
1381 2194 1429 2231 46)
1453 2206 1567 2233 Super-9.
1588 2197 1657 2223 vict.
1685 2195 1741 2224 Gu.
1763 2196 1791 2225 2.
1814 2209 1855 2214 -
1884 2191 1931 2232 47)
1951 2198 2052 2221 autem
2072 2202 2129 2220 om.

1186 2241 1216 2268 Z.
1241 2257 1278 2261 --
1314 2236 1362 2276 45)
1385 2237 1433 2265 Sic
1462 2238 1517 2265 Gn.
1537 2241 1563 2269 1.
1593 2255 1626 2259 —
1662 2237 1747 2274 Vulg.
1778 2236 1840 2264 cell.
1871 2240 1913 2263 est
1936 2245 2032 2274 pauc.
2054 2233 2129 2262 dier.

1183 2286 1313 2321 prompt.
1347 2291 1411 2307 vcro
1442 2279 1532 2319 (vero
1561 2286 1603 2308 est
1638 2281 1695 2310 Gu.
1713 2277 1763 2318 2.)
1794 2284 1879 2316 temp.
1903 2278 1984 2314 long.
2009 2291 2051 2299 —·
2080 2276 2129 2313 49)

1186 2329 1288 2352 autem
1316 2333 1372 2350 om.
1414 2323 1469 2351 Gu.
1495 2325 1524 2354 2.
1554 2339 1593 2344 —-
1632 2324 1677 2359 50)
1707 2333 1727 2349 ιι
1759 2322 1872 2349 Graeco
1902 2319 1987 2347 verbo
2018 2328 2063 2349 va,
2087 2334 2129 2339 —

1189 2368 1301 2396 Graece
1324 2364 1446 2394 verbum
1467 2366 1497 2395 Z.
1520 2381 1561 2386 —
1586 2365 1702 2393 Graeco
1724 2363 1847 2393 verbum
1869 2361 1960 2392 Gu.2-
1977 2376 2018 2383 -
2036 2361 2129 2390 Grae·
