2255 2819
190 115 266 151 638
690 107 946 142 ANALECTA
980 107 1045 141 AD
1078 105 1256 141 ISIDORI
1290 106 1649 143 ETYMOLOGIAS.

192 211 222 239 in
240 212 327 248 porta
348 205 464 235 steterit
485 209 513 233 et
542 207 643 231 contra
662 200 745 233 illos,
787 201 840 238 qui
867 201 898 229 in
920 200 1008 231 domo
1032 203 1117 235 sunt,
1149 198 1323 237 frequenter
1347 200 1534 238 clamaverit,
1563 201 1732 240 aliquorum
1758 200 1920 239 perniciem
1941 201 2133 233 demonstrat.

192 253 222 280 Si
245 256 312 280 ante
334 253 431 278 ortum
458 248 626 283 frequenter
645 244 759 271 venerit
781 244 968 282 multumque
991 243 1219 278 vociferaverit,
1268 243 1456 279 quorundam
1484 248 1609 273 mortem
1635 244 1755 273 indicat.
1798 244 1829 271 Si
1851 244 1880 271 in
1907 245 1989 273 curia
2011 247 2135 281 steterit,

191 294 326 332 nihilque
347 289 531 320 clamaverit,
557 287 594 314 ad
619 285 744 314 nihilum
763 291 886 324 spectat.
931 287 961 314 Si
977 286 1006 314 in
1029 286 1112 314 exitu
1128 284 1233 312 domus
1255 285 1362 323 aliquis
1384 286 1568 323 obviaverit,
1598 287 1750 315 sinistrum
1773 296 1829 325 pro
1852 292 1934 315 certo
1956 288 2012 316 iter
2032 289 2089 318 erit
2107 294 2136 318 et

192 337 351 366 abitinere
370 329 589 361 divertendum.
633 329 663 356 Si
684 329 713 356 in
731 334 819 357 coetu
843 329 1000 364 volaverit,
1025 325 1374 365 sonitumquemagnum
1395 327 1514 364 fecerit,
1544 330 1679 358 futurum
1705 330 1852 368 proelium
1876 329 1941 358 fore
1965 334 2134 360 annuncia-

192 380 283 408 bitur.
326 376 355 404 Si
371 375 405 402 ab
424 372 579 401 altitudine
597 371 672 399 aeris
697 381 765 399 cuin
780 371 895 410 impetu
911 372 947 399 ad
966 377 1074 400 terrani
1094 370 1206 398 venerit
1226 375 1253 398 et
1271 371 1322 398 diu
1344 376 1456 399 morata
1474 371 1579 409 suerit,
1603 373 1756 401 sinistrum
1779 377 1902 400 eventus
1926 373 1989 401 erit.
2034 374 2063 401 Si
2083 385 2135 412 pa—

192 422 266 451 leam
288 430 303 447 a
325 419 413 446 domo
434 415 560 444 traxerit
577 419 605 443 et
622 413 683 441 huc
703 414 834 452 illucque
859 415 1051 453 disparserit,
1074 414 1151 442 bona
1175 412 1279 441 domus
1304 413 1456 442 destruere
1480 414 1600 442 indicat.
1651 416 1778 443 Tantum
1804 425 1877 443 vero
1899 415 1922 443 si
1948 415 2062 453 paleam
2083 417 2135 445 de-

192 462 326 496 traxerit,
344 458 456 487 sinistri
480 457 595 495 signum
610 456 808 485 annotabitur.
853 457 886 485 In
905 458 979 485 ostio
993 457 1098 485 domus
1115 456 1139 484 si
1156 455 1264 484 sederit
1284 461 1313 484 et
1327 456 1498 494 frequenter
1521 457 1748 492 vociferaverit‚
1770 458 1922 496 hospitum
1939 458 2054 495 signum
2071 459 2136 488 erit.

192 507 222 534 Si
243 506 318 532 intra
342 502 450 529 ostium
475 501 582 528 domus
599 499 728 535 venerit,
762 499 847 528 amici
867 500 1012 528 adventus
1037 498 1216 538 opinabitur.
1262 499 1292 526 Si
1313 509 1399 536 saepe
1424 499 1459 526 ad
1486 499 1606 528 domun]
1626 501 1754 535 venerit,
1785 501 1947 528 amicorum
1970 501 2137 539 frequentia

194 547 260 576 erit.
304 545 401 573 Tarde
419 544 442 571 si
460 543 590 578 venerit,
614 542 775 570 amicorum
801 543 924 570 cessabit
944 543 1120 580 frequentia.
1164 541 1194 568 Si
1219 541 1307 579 pedes
1331 541 1524 577 laceraverit,
1549 542 1657 570 sinistri
1677 544 1793 581 signum
1817 543 2060 571 manifestabitur.
2105 545 2135 572 Si

190 599 303 628 pennas
320 586 374 615 sibi
392 585 570 617 extraxerit,
595 585 747 612 sinistrum
775 586 895 613 omnino
916 585 1125 622 designabitur.
1171 584 1200 611 Si
1217 584 1293 611 inter
1309 593 1338 612 se
1360 584 1472 611 bellum
1492 584 1629 621 ingerunt
1653 595 1686 613 ac
1710 586 1835 614 multum
1865 586 2058 614 vociferando
2084 586 2135 614 di-

191 628 515 660 laceraverint.bellum
526 632 685 656 venturum
700 627 890 656 denunciant.
914 628 986 656 Cum
1003 633 1099 656 autem
1114 627 1177 654 avis
1191 627 1221 654 in
1240 630 1330 654 cantu
1347 636 1376 655 se
1391 626 1535 655 delectata
1545 627 1751 664 suerit,dextri
1763 629 1878 666 signum
1889 628 2133 657 manifestabitur.

819 746 876 780 lV.
956 745 1019 779 AD
1068 744 1190 778 LIBR.
1232 744 1290 778 IX.
1342 744 1442 778 CAP.
1480 746 1505 780 1.

195 801 274 830 Huic
299 799 390 838 capiti
413 799 442 827 in
465 798 529 827 cod.
555 797 662 827 Zittav.
684 797 836 826 adduntur
859 797 917 826 duo
940 797 997 825 alia
1020 796 1126 835 capita.

646 857 668 884 C
696 857 717 884 A
742 858 774 886 P.
820 857 841 885 l.
905 858 959 884 De
1004 857 1162 893 linguis
1205 856 1465 892 septuaginta
1510 854 1674 884 duabus.

355 899 511 935 Hebraea,
537 898 676 937 Assyria,
703 898 865 935 Chaldaea,
891 900 1025 936 Persica,
1048 899 1144 927 MariZ
1168 897 1257 934 (sic),
1285 897 1448 925 EltemaZic
1472 898 1554 935 (sic),
1579 898 1718 934 Arabica,
1742 898 1866 933 Scitica,
1890 898 2025 935 Perefica,
2046 898 2135 927 Chal-

193 945 261 979 dic,
286 942 400 977 Kevia,
426 942 627 976 Gersestavia‚
653 942 799 979 Samaria,
823 941 990 980 Aethiopia,
1013 941 1116 977 Alam,
1140 939 1316 976 Amazonia,
1339 939 1466 975 Tlietec,
1498 941 1643 969 Muscuth.
1659 940 1745 971 Ostia
1773 941 1879 969 Three.
1902 941 2033 978 Lepegia.
2060 942 2135 980 Apa-

192 985 326 1015 hamuth.
348 983 523 1022 Epeperich.
547 984 679 1012 Graecia.
704 985 796 1012 Viric.
820 985 967 1013 Armenia.
994 984 1146 1012 Allevanc.
1170 980 1483 1012 Francia.*Brit-annia.
1512 984 1680 1021 Aquitania.
1696 983 1844 1021 Hispania.
1870 984 1977 1013 Scotia.
2000 984 2134 1013 Becmac.

194 1028 310 1057 Ruscia.
333 1026 479 1063 Bulgaria,
504 1025 667 1062 Hungaria.
688 1027 816 1064 Ciporia.
840 1027 935 1054 India.
953 1025 1108 1054 Numedia.
1127 1024 1249 1054 sclavia.
1275 1026 1416 1054 Saxonia.
1438 1026 1581 1054 Aitmoni.
1605 1027 1781 1055 Paci-atiani.
1801 1027 1973 1056 Carteriuni.
1994 1026 2136 1055 Ysmahe-

193 1072 271 1099 litae.
290 1068 418 1097 Parthia.
434 1066 604 1096 Sevorchia.
622 1068 769 1098 Galathia.
790 1069 954 1098 wasconia.
974 1069 1122 1098 Briechia.
1141 1067 1315 1106 Pamphilia.
1336 1067 1495 1107 Philippia.
1517 1068 1695 1096 Iturbachia.
1716 1068 1898 1097 (lhananaea.
1922 1069 2060 1107 Sydonia.
2077 1070 2136 1097 Sa-

193 1113 289 1141 dahia.
313 1111 493 1139 Macedonia.
515 1110 677 1139 Acriionia.
704 1110 831 1139 Chretia.
856 1111 1031 1150 Epiphania.
1059 1111 1190 1140 Tharsia.
1221 1110 1417 1148 Ponpopolia.
1440 1111 1555 1140 Abasia.
1578 1111 1755 1140 Samsuthia.
1776 1111 1967 1140 Artanuncia.
1991 1112 2135 1142 Partavia.

194 1154 418 1193 Mesopotomia.
446 1152 605 1181 'lliaronian
635 1153 783 1192 Disponia.
811 1154 1013 1183 Pacrevantia.
1039 1152 1263 1192 Vaspurgantia.
1282 1152 1417 1191 Nesepia.

819 1213 839 1240 C
866 1214 887 1241 A
912 1213 943 1242 P.
989 1214 1025 1242 H.
1094 1213 1149 1240 De
1193 1216 1323 1238 aetate
1366 1210 1507 1239 mundi.

358 1257 416 1283 Sex
441 1254 541 1282 [nundi
559 1254 703 1282 aetatibus
721 1259 853 1294 tempora
869 1256 1102 1293 distinguuntur.
1149 1254 1245 1283 Prima
1273 1259 1350 1281 aetas
1366 1254 1401 1280 ab
1419 1254 1511 1281 Adam
1531 1263 1624 1291 usque
1641 1254 1678 1282 ad
1702 1254 1778 1289 Noe,
1802 1256 1957 1284 continens
1972 1256 2135 1291 generatio-

193 1309 244 1326 nes
260 1298 379 1333 deceni,
404 1307 498 1324 annos
514 1307 584 1324 vcro
601 1297 744 1334 IDCLVI,
768 1308 842 1336 quae
859 1304 919 1326 tota
936 1299 1022 1337 periit
1036 1298 1152 1325 diluvio
1164 1319 1171 1333 ‚
1207 1297 1285 1324 sicut
1303 1296 1457 1324 infantiam
1480 1306 1611 1334 mergere
1629 1297 1703 1325 solet
1721 1297 1844 1326 oblivio.
1891 1298 2024 1326 Secunda
2043 1309 2057 1326 a
2074 1299 2134 1327 Noe

194 1350 288 1378 usque
305 1341 340 1368 ad
365 1339 531 1373 Abraham,
556 1340 759 1376 generationes
776 1341 909 1370 similiter
931 1342 1084 1380 complexa
1101 1340 1218 1374 decem,
1244 1349 1338 1367 annos
1363 1344 1459 1367 autem
1482 1338 1625 1367 ducentos
1642 1339 1745 1375 viginti
1768 1339 1862 1375 duos,
1886 1350 1959 1378 quae
1981 1342 2010 1368 in
2033 1341 2135 1378 lingua

194 1389 239 1412 est
259 1384 387 1419 inventa,
411 1382 439 1410 id
461 1387 503 1410 cst
526 1381 663 1410 hebraea.
711 1382 735 1410 A
755 1384 878 1420 puerilia
895 1394 1023 1422 namque
1040 1384 1147 1422 incipit
1165 1381 1253 1410 homo
1270 1382 1351 1419 loqui
1377 1391 1477 1417 nosse,
1500 1386 1568 1420 post
1586 1382 1757 1418 infantiam,
1786 1393 1860 1420 quae
1878 1384 1931 1411 sari
1952 1393 2011 1410 non
2029 1388 2135 1421 potest.

193 1426 291 1454 Tertia
313 1426 348 1453 ab
375 1423 518 1453 Abraham
542 1435 635 1462 usque
653 1425 690 1452 ad
716 1426 752 1453 l)t
781 1425 897 1464 (David
908 1425 942 1466 1¹)
973 1427 1127 1454 continens
1147 1425 1352 1462 generationes
1378 1424 1621 1462 quatuordecim,
1659 1435 1751 1452 annos
1778 1435 1850 1453 vero
1873 1426 2056 1455 DCCCCXL.
2099 1426 2135 1454 Et

194 1468 261 1506 qnia
281 1468 315 1495 ab
333 1467 529 1495 adolescentia
550 1467 656 1505 incipit
674 1467 762 1495 homo
781 1479 866 1506 posse
889 1480 1046 1507 generare,
1069 1467 1234 1496 Matthaeus
1249 1467 1471 1505 generationum
1489 1466 1524 1494 ab
1546 1466 1690 1495 Abraham
1706 1468 1832 1506 sumpsit
1847 1468 2013 1502 exordium,
2037 1469 2088 1506 qui
2107 1473 2136 1496 et

193 1515 278 1549 pater
294 1511 422 1547 gentium
442 1509 625 1537 constitutus
649 1515 700 1540 est.
747 1511 859 1546 Quarta
886 1523 900 1539 a
919 1512 1032 1540 diluvio
1049 1521 1142 1549 usque
1164 1510 1200 1538 ad
1227 1510 1513 1546 transmigrationem
1540 1509 1699 1547 Babylonis
1720 1511 1920 1546 generationes
1940 1520 2032 1548 aeque
2050 1511 2135 1538 iuxta

194 1551 373 1581 Matthaeuin
392 1552 632 1590 quatuordecim,
664 1553 745 1581 annis
762 1559 860 1582 autem
878 1555 995 1583 LXXV.
1019 1558 1155 1593 porrecta
1176 1564 1191 1581 a
1211 1563 1268 1591 qua
1286 1553 1397 1589 Regum
1416 1557 1551 1590 tempora
1577 1557 1747 1590 coeperunt.
1794 1553 1936 1581 Iuvenilis
1952 1554 2028 1580 enini
2043 1553 2135 1590 digni.

194 1601 238 1624 tas
256 1605 346 1632 regno
368 1599 410 1622 est
425 1594 540 1622 habilis.
586 1595 696 1629 Quinta
726 1597 832 1624 deinde
859 1607 952 1634 usqne
974 1597 1010 1625 ad
1038 1597 1207 1625 Adventum
1230 1595 1393 1623 Salvatoris
1411 1594 1440 1621 in
1464 1604 1581 1622 carnem
1602 1595 1842 1631 generationibus
1859 1600 1887 1623 et
1913 1595 1976 1632 ipsa
1992 1600 2133 1632 quatuor-

195 1638 289 1666 decim
306 1647 396 1675 porro
413 1638 495 1664 annis
515 1637 714 1665 DLXXXVH.
739 1643 869 1668 extenta.
915 1640 947 1667 ln
967 1650 1024 1678 qua
1047 1644 1080 1667 ut
1101 1639 1182 1676 gravi
1198 1642 1347 1665 senectute
1371 1638 1445 1664 sessa
1463 1636 1547 1664 malis
1567 1636 1769 1664 crebrioribus
1790 1637 1877 1675 plebs
1894 1636 2019 1665 hebraea
2048 1648 2133 1676 quas-

195 1684 286 1707 satur.
330 1680 439 1715 Sexta,
464 1689 540 1717 quae
560 1689 638 1707 nunc
654 1680 737 1708 nulla
759 1682 981 1718 generationum
997 1683 1045 1711 vel
1066 1687 1234 1720 temporum
1255 1680 1331 1708 serie
1356 1684 1452 1715 certa,
1476 1678 1529 1707 sed
1552 1683 1584 1707 ut
1607 1684 1683 1707 aetas
1707 1679 1859 1718 decrepita
1888 1680 1950 1718 ipsa
1976 1680 2066 1708 totius
2090 1691 2133 1708 se-

196 1722 255 1750 culi
283 1727 375 1749 morte
397 1721 532 1750 finienda.

247 1813 559 1849 EMENDANDA
585 1813 652 1849 ET
688 1814 896 1852 ERRATA
927 1815 981 1852 IN
1015 1814 1211 1852 ISIDORI
1240 1812 1520 1851 CONTEXTA
1549 1811 1818 1849 ORATIONE
1855 1813 2080 1850 ADMISSA.

197 1873 228 1901 P.
246 1876 293 1904 11.
317 1873 405 1910 Epist.
426 1874 476 1902 VI.
499 1878 559 1902 not.
580 1875 629 1906 54.
653 1875 746 1905 adde:
777 1876 932 1905 Praeterea
955 1877 1029 1905 haec
1051 1875 1144 1905 verba
1262 1876 1298 1911 11,
1321 1878 1371 1909 21,
1416 1876 1444 1905 8·
1469 1882 1524 1912 pro
1547 1871 1626 1902 ‘lu-‘ri
1648 1874 1665 1901 l·
1691 1872 1768 1902 ἅίίΓί-

467 1916 545 1954 apud
571 1918 728 1946 Arevatum
754 1924 865 1947 extant.
1323 1919 1373 1953 24,
1417 1919 1445 1947 2.
1488 1935 1503 1939 -
1547 1914 1754 1954 Emplzasicum
1779 1916 1797 1944 l.
1821 1926 1885 1944 cum
1908 1915 2045 1954 emphasi.

285 1957 307 1992 Ῐ,
335 1959 382 1992 16,
425 1959 453 1987 2-
477 1967 531 1995 pro
556 1959 687 1998 Pyr-rich..
712 1962 775 1998 tege
800 1961 996 1997 Pyrrhichius,
1318 1961 1370 1995 29,
1415 1961 1443 1990 9.
1486 1976 1502 1982 -
1545 1956 1665 1986 Boetius
1687 1959 1705 1986 i.
1731 1957 1879 1987 Boethius.

425 2000 453 2028 8.
497 2019 510 2023 -
556 2000 661 2030 dactili
680 2002 701 2031 1.
726 2002 847 2044 dactyli.
1245 2002 1294 2036 ΙΙΙ,
1341 2006 1368 2035 ¹,
1413 2003 1441 2031 2.
1486 2018 1499 2024 ·
1544 1998 1664 2028 Boetius
1691 2001 1709 2029 l.
1733 2000 1881 2029 Boethius.

405 2042 454 2070 23.
497 2060 511 2064 —
558 2042 728 2073 &alaminus
751 2046 770 2073 l.
795 2045 964 2075 Saloninus.
1341 2045 1370 2079 3,
1414 2044 1442 2074 3-
1486 2061 1500 2066 -
1546 2041 1630 2072 ἕννὲα
1653 2043 1671 2071 l·
1691 2043 1787 2073 ἕννὲᾱ-

329 2084 381 2118 35,
406 2084 454 2113 10.
500 2102 513 2106 -
556 2083 703 2121 Epi-:ensis
726 2088 744 2116 l.
768 2087 937 2125 Epi-zeuxis.
1322 2088 1370 2121 15,
1418 2089 1445 2116 1.
1490 2103 1505 2109 -—
1550 2085 1639 2113 Zetus
1660 2085 1680 2114 l·
1703 2085 1820 2114 Zethus·

332 2127 382 2160 36,
427 2125 455 2153 8-
500 2144 511 2147 -
559 2126 741 2157 metonomia
765 2130 783 2159 l.
807 2131 996 2167 Metonpm‘a.
1319 2131 1368 2160 70.
1391 2130 1443 2159 20.
1488 2147 1503 2151 -
1549 2127 1645 2167 Pyreis
1668 2128 1685 2156 ἰ.
1710 2127 1835 2164 Pyrods.

405 2167 457 2196 35.
481 2171 543 2196 not.
568 2168 615 2198 (54.
640 2172 777 2206 ponenda
801 2177 843 2200 est
866 2173 902 2200 ad
922 2183 972 2200 vv.
999 2172 1030 2200 Si
1040 2173 1144 2211 poluit.
1244 2172 1295 2205 IV,
1339 2174 1368 2206 7,
1395 2173 1441 2200 ll·
1484 2189 1499 2194 -
1543 2169 1659 2198 Reuma
1682 2170 1700 2197 l·
1726 2168 1869 2198 letma·

467 2208 599 2237 Priorem
621 2220 739 2242 versum
763 2225 821 2241 non
846 2215 954 2243 inveni.
1260 2214 1293 2249 V,
1316 2215 1366 2247 26,
1392 2214 1440 2243 20,
1484 2230 1500 2236 -
1544 2211 1693 2249 Infician'o
1715 2212 1736 2241 i.
1762 2211 1914 2250 Infitiatio.

333 2251 383 2283 38,
408 2252 455 2281 17.
479 2261 534 2290 pro
559 2250 719 2291 Phemopoe
739 2255 759 2283 l.
788 2256 953 2286 Phemonoe,
1317 2255 1367 2286 34.
1413 2257 1441 2285 3.
1485 2273 1500 2278 -
1542 2251 1701 2293 Ἰσημερίας
1724 2255 1743 2283 l.
1762 2251 1935 2292 Ἰσημερίας.

406 2295 458 2323 21.
501 2310 517 2317 -
560 2291 689 2322 Idilicon
712 2295 731 2324 l.
756 2296 900 2335 Izlylicon.
1322 2298 1370 2329 39,
1395 2299 1444 2328 30.
1488 2315 1503 2321 ·-
1546 2296 1630 2325 Elius
1653 2298 1671 2327 1.
1696 2295 1810 2325 Aelius·

335 2335 385 2367 39,
432 2338 458 2364 1.
501 2353 516 2359 -
558 2333 691 2364 Alcmon
714 2337 733 2364 l.
761 2337 936 2369 Alcmaeon.
1246 2340 1293 2376 Vl,
1340 2344 1366 2371 1,
1411 2341 1440 2370 9.
1484 2358 1499 2364 -
1549 2338 1675 2368 Thobias
1698 2339 1715 2367 i.
1742 2337 1861 2366 Tobias.

333 2377 383 2411 43,
430 2380 456 2406 1.
498 2395 515 2401 -
558 2377 825 2407 LX111.1.XL11[.
1341 2385 1359 2413 7
1417 2385 1430 2412 1

1363 2404 1369 2410 .
1436 2404 1442 2409 .
1544 2379 1761 2410 Chalccniierus
1783 2381 1801 2407 l.
1827 2376 2035 2408 Chalcenterus.

274 2417 310 2453 Π,
336 2421 385 2454 13,
431 2422 455 2448 1.
498 2438 514 2444 -
557 2418 730 2459 Prosopoeia
752 2421 771 2449 l.
796 2421 1017 2459 Prosopopocia.
1322 2427 1368 2461 18,
1394 2427 1440 2456 11,

1547 2421 1632 2452 Canit
1655 2424 1674 2451 Ι.
1697 2421 1808 2452 Οωηίιε.
