2264 2830
782 116 1028 152 ORIGINUM
1064 118 1210 152 LIBER
1237 119 1309 152 XV.
1954 117 2029 152 467

76 275 142 302 stus
165 273 281 301 contra
305 268 483 300 Antonium
511 266 619 311 gessit.

76 321 181 365 polim
208 320 400 365 appellavit.

241 372 301 404 62.
354 370 536 404 Phalantus
551 365 576 384 ⁴⁰
603 367 860 401 Partheniorum
883 367 949 400 dux
978 369 1174 401 Parthenios
1201 367 1376 402 constituit.

179 423 284 456 Taras
308 422 453 467 Neptuni
481 421 567 453 tilius
589 421 659 459 suit,
687 431 706 452 a
728 431 796 463 quo
816 420 1000 452 Tarentum
1028 422 1140 453 civitas
1167 426 1199 454 et
1226 419 1360 454 condita
1389 423 1421 451 et
1448 417 1619 461 appellata
1648 421 1704 450 est.

242 474 301 507 63.
356 474 440 507 Cum
469 472 575 517 Cyrus
604 472 783 505 maritimas
813 472 909 504 urbes
936 472 1099 505 Graeciae
1127 477 1321 516 occuparet,
1350 476 1382 503 et
1409 469 1637 501 l‘hocaeenses
1664 469 1705 501 ab
1737 464 1803 501 e0⁴
1845 469 2026 512 expugnati

78 527 229 559 omnibus
256 526 411 571 angustiis
438 529 678 569 premerentur,
707 524 905 563 iuraverunt,
932 529 968 556 ut
994 526 1216 569 profugerent
1242 534 1343 566 quam
1377 521 1569 565 longissime
1597 520 1639 551 ab
1668 520 1808 564 imperio
1838 520 2025 560 Persarum,

79 578 134 610 ubi
159 589 200 610 ne
216 575 240 594 ⁴²
267 589 388 610 nomen
415 576 552 620 quidem
582 587 697 609 eorum
726 575 878 608 audirent
893 572 933 616 ⁴³,
969 582 1069 620 atque
1096 578 1138 609 ita
1153 573 1176 592 ⁴⁴
1211 576 1243 608 in
1272 575 1404 607 ultimos
1433 573 1564 605 (ialliae
1597 572 1682 604 sinus
1706 572 1842 604 navibus
1870 570 2027 615 profecti,

80 629 242 672 armisque
276 626 350 662 se⁴⁵
377 630 533 661 adversus
558 629 725 661 Gallicam
755 628 916 660 feritatem
941 634 1079 669 tuentes,
1108 628 1288 661 Massiliam
1307 623 1330 643 ⁴⁰
1357 625 1597 663 condiderunt,
1632 628 1664 655 et
1698 635 1736 655 ex
1772 624 1905 656 nomine
1932 623 2026 656 ducis

77 677 376 725 appellaxerunt³⁷.
427 681 501 713 Hos
531 681 636 713 Varro
664 680 836 724 trilingues
864 691 932 712 esse
959 681 1003 712 ait
1015 677 1050 720 ⁴⁸,
1084 679 1177 723 quod
1202 684 1234 711 et
1256 678 1389 711 Graece
1417 677 1594 720 loquantur
1619 680 1652 707 et
1674 674 1792 708 Latine
1820 680 1853 708 et
1880 674 2022 708 Gallice.

355 215 410 248 Ad
435 213 703 260 promontorium
729 212 918 254 Leucaten,
950 213 982 245 in
1009 224 1076 256 quo
1103 209 1226 246 Actii³⁹
1253 212 1419 257 Apollinis
1446 209 1611 254 templum
1635 208 1717 250 suit,
1753 209 1878 243 bellum
1907 211 2027 256 Augu-

673 264 751 306 Quo
780 265 884 305 victo,
909 266 1024 298 urbem
1052 266 1083 297 in
1111 266 1253 299 Actiaco
1280 266 1350 298 sinu
1384 263 1551 303 condidit,
1578 273 1678 306 quam
1713 274 1732 294 a
1761 263 1898 297 victoria
1926 264 2028 297 Nico-

1807 463 1815 484 1

241 740 301 774 64.
355 742 548 774 Narbonam
578 745 609 773 et
636 741 808 773 Arelatum
834 744 866 772 et
889 736 1112 772 l’ictavium⁴⁹
1140 739 1250 772 coloni
1280 739 1408 783 proprii
1439 736 1669 772 condiderunt.

178 792 400 838 Burdegalim
412 790 437 810 ⁵⁰
471 794 675 837 appellatam
702 792 821 832 ferunt,
849 791 939 834 quod
969 792 1103 836 Burgos
1132 792 1249 824 Gallos
1276 791 1420 835 primum
1449 790 1588 823 colonos
1615 787 1787 823 habuerit,
1822 786 1940 828 quibus
1966 797 2028 818 an-

75 849 129 876 tea
156 845 336 878 cultoribus
364 845 546 889 adimpleta
558 841 581 860 ⁵¹
611 849 667 877 est.

240 895 300 930 65.
354 898 582 931 Tarraconam
594 892 619 913 ⁵²
653 896 684 928 in
712 890 909 939 Hispania⁵³
934 894 1110 939 Scipiones
1145 899 1409 937 construxerunt,
1447 892 1524 925 ideo
1559 895 1660 935 caput
1692 894 1740 922 est
1766 887 2027 921 Tarraconensis

76 957 278 989 provmciae.

241 999 301 1034 66.
355 1001 427 1033 Afri
443 997 467 1017 ⁵⁴
508 1000 569 1032 sub
604 998 792 1031 Hannibale
835 997 997 1030 maritima
1031 998 1213 1042 Hispaniae
1251 1003 1472 1042 occupantes,
1507 994 1750 1038 Carthaginem
1785 990 1990 1035 Spartariam
2004 985 2028 1005 ⁵⁵

76 1056 337 1091 construxerunt,
365 1064 450 1095 quae
477 1062 554 1084 mox
582 1062 600 1082 a
624 1050 783 1082 Romanis
811 1054 910 1093 capta
938 1055 970 1082 et
997 1051 1129 1082 colonia
1158 1050 1257 1089 facta,
1285 1061 1406 1082 nomen
1435 1048 1533 1081 etiam
1562 1044 1754 1092 provinciae
1781 1042 1886 1076 dedit.
1930 1042 2028 1074 Nunc

76 1107 185 1135 autem
215 1116 232 1135 a
262 1103 384 1136 Gothis
411 1104 568 1136 subversa
595 1107 695 1145 atque
723 1102 754 1134 in
782 1101 1023 1134 desolationem
1051 1101 1188 1134 redacta
1215 1107 1271 1134 est.

239 1164 298 1197 67.
354 1164 618 1208 Caesaraugusta
630 1159 654 1179 ⁵⁶
690 1161 948 1195 Tarraconensis
984 1162 1165 1206 Hispaniae
1205 1160 1371 1205 oppidum
1408 1172 1426 1192 a
1461 1158 1605 1192 Caesare
1639 1158 1792 1201 Augusto
1828 1153 1924 1185 situm

75 1215 299 1257 nominatum,
337 1216 402 1250 loci
437 1215 636 1248 amoenitate
672 1219 705 1246 et
732 1212 861 1246 deliciis
888 1214 1103 1258 praestantius
1130 1213 1314 1246 civitatibus
1343 1211 1525 1255 Hispaniae
1553 1209 1695 1248 cunctis,
1734 1211 1833 1249 atque
1859 1204 2027 1243 illustrius,

74 1267 195 1300 florens
221 1273 409 1302 sanctorum
438 1262 657 1310 martyrumffi
683 1264 870 1308 sepulturis.

239 1327 298 1360 68.
355 1327 542 1370 Saguntum
576 1325 700 1358 Graeci
733 1336 771 1356 ex
805 1325 908 1357 insula
936 1322 1111 1367 Zacyntho
1145 1322 1288 1367 profecti
1318 1322 1350 1353 in
1364 1317 1388 1337 ⁵⁹
1417 1320 1611 1364 Hispaniam
1650 1316 1892 1354 condiderunt,
1927 1324 2028 1357 quam

77 1378 149 1411 Afri
177 1385 294 1422 postea
321 1379 413 1411 bello
440 1378 625 1422 impetitam
653 1376 859 1411 deleverunt.

241 1438 300 1471 69.
353 1439 537 1471 Emeritam
566 1437 690 1470 Caesar
717 1438 886 1481 Augustus
914 1431 1150 1475 aedificavitffl,
1185 1440 1362 1478 postquam
1377 1428 1399 1448 ⁰¹
1428 1430 1630 1464 Lusitaniam
1659 1434 1691 1461 et
1717 1427 1879 1471 quasdam
1890 1421 1914 1442 ⁶²
1937 1424 2029 1458 Oce-

77 1492 130 1523 ani
157 1487 312 1523 insulas⁵⁷¹
339 1490 439 1533 cepit,
471 1489 552 1521 dans
580 1490 610 1521 ei
638 1499 759 1520 nomen
788 1488 830 1519 ab
842 1485 866 1504 ‘³⁴
895 1498 947 1529 eo,
976 1487 1068 1530 quod
1096 1486 1140 1518 ibi
1167 1486 1286 1518 milites
1314 1488 1485 1517 veteranos
1512 1481 1738 1516 constituisset.
1792 1478 1880 1511 Nam
1903 1476 2028 1509 emeriti

77 1542 229 1575 dicuntur
257 1542 420 1582 veterani,
448 1540 613 1583 solutique
641 1536 694 1572 ³1⁵⁵
721 1539 845 1572 militia.

240 1601 298 1633 70.
353 1597 564 1644 Olisipona¹¹⁶
591 1600 634 1632 ab
662 1596 797 1633 Ulixem
825 1598 961 1632 condita
975 1594 999 1613 ⁰⁶
1027 1602 1060 1630 et
1086 1602 1295 1641 nuncupata,
1336 1606 1402 1638 quo
1437 1594 1532 1630 loco,
1567 1592 1650 1626 sicut
1676 1586 1944 1633 historiographi
1978 1586 2029 1619 di-

78 1659 166 1693 cunt,
195 1653 327 1687 coelum
350 1664 370 1685 a
396 1657 483 1684 terra
511 1656 544 1683 et
570 1651 674 1683 maria
701 1651 946 1696 distinguuntur
957 1645 982 1665 ‘³⁹
1009 1661 1028 1681 a
1055 1649 1158 1681 terris.

242 1712 300 1746 71.
354 1711 521 1755 Hispalim
543 1711 667 1744 Caesar
700 1711 802 1744 lulius
833 1708 1000 1748 condidit,
1037 1720 1138 1752 quam
1176 1719 1216 1741 ex
1242 1702 1336 1740 suo⁷⁰
1370 1709 1402 1738 et
1429 1705 1561 1738 Rornae
1596 1702 1683 1736 urbis
1717 1699 1886 1733 vocabulo
1913 1699 2030 1731 Iuliam

77 1761 291 1797 Romulam'n
321 1764 451 1797 vocavit
462 1760 496 1794 ²².

1936 1147 1960 1168 57
1995 1156 2027 1183 et

80 1858 136 1885 Gu.
159 1860 184 1886 1.
200 1873 239 1878 —
263 1867 328 1895 opp.
347 1861 454 1893 postea
477 1855 555 1892 vulg.
579 1871 619 1876 —
642 1856 688 1891 39)
711 1855 760 1882 Sic
785 1855 871 1882 Arev.
896 1868 936 1874 —
959 1858 1031 1879 actu
1079 1853 1110 1879 Z.
1143 1852 1197 1879 Gu.
1226 1854 1250 1881 1.
1271 1866 1309 1870 ——
1340 1849 1445 1877 Kartlz.
1471 1849 1525 1875 Gu.
1547 1850 1574 1877 2.
1608 1863 1641 1867 —
1675 1842 1724 1883 56)
1751 1844 1940 1881 Caesar-aug.
1973 1854 2030 1871 om.

79 1899 160 1935 vulg.
186 1915 226 1920 -—-
250 1904 348 1926 tractu
374 1899 430 1926 Gu.
449 1901 475 1928 1.
492 1901 520 1929 2.
544 1897 588 1925 ed.
612 1896 702 1925 Goth.
720 1915 756 1918 —
781 1896 827 1935 40)
854 1896 901 1923 Sic
924 1894 974 1923 Ar.
993 1909 1032 1915 —-
1078 1904 1121 1922 va.
1150 1912 1186 1916 -
1216 1893 1365 1921 Caesarea
1388 1892 1471 1928 Aug.
1497 1890 1551 1918 Gu.
1570 1892 1598 1919 2.
1628 1905 1661 1910 —
1703 1885 1750 1927 57)
1774 1886 1860 1924 Vulg.
1884 1892 1909 1914 et
1928 1887 2031 1918 situm,

80 1942 230 1969 Palanms
254 1942 336 1978 vulg.
373 1957 408 1961 ——
453 1938 499 1978 41)
524 1950 556 1966 ex
578 1950 608 1967 eo
633 1940 690 1968 Gu.
710 1944 736 1971 1.
770 1956 807 1961 ——
831 1938 1034 1967 Plzocaeenses
1076 1936 1128 1965 sed
1152 1942 1178 1964 et
1210 1946 1266 1964 om.
1299 1935 1355 1964 Gu.
1383 1938 1407 1965 ¹.
1430 1936 1459 1964 2.
1482 1949 1524 1953 -
1554 1935 1602 1967 58)
1623 1935 1746 1970 martyr.
1771 1939 1829 1958 om.
1855 1929 1886 1957 Z.
1912 1944 1953 1950 —
1986 1928 2032 1966 59)

80 1994 135 2022 pru
158 1984 324 2012 Phocenses
346 1983 399 2013 Ar.
423 1998 460 2003 —
485 1979 532 2022 42)
555 1992 607 2010 nec
629 1983 686 2010 Gu.
710 1985 739 2014 2.
762 1992 809 2010 va.
834 1998 870 2003 —
900 1978 948 2018 43)
972 1990 1030 2008 aa·
1077 1981 1109 2007 in
1128 1989 1185 2009 om.
1209 1979 1239 2006 Z.
1255 1994 1297 1999 —
1314 1979 1345 2005 in
1359 1976 1520 2014 Hispania
1537 1974 1592 2004 Gu.
1610 1976 1640 2005 2.
1663 1973 1700 2002 al.
1730 1988 1764 1992 —
1788 1972 1836 2008 60)
1858 1970 1953 1998 edidit
1975 1970 2031 1999 Gu.

81 2026 200 2054 dierunt
225 2028 283 2056 Gu.
311 2028 339 2056 2.
370 2042 411 2046 —
440 2023 486 2061 44)
507 2026 552 2052 ica
575 2035 630 2053 om.
654 2025 711 2056 Gu.
725 2027 756 2056 2.
780 2040 821 2045 —-
850 2024 898 2060 45)
923 2034 953 2050 se
976 2033 1033 2051 om.
1079 2025 1105 2053 1.
1133 2040 1171 2044 —-
1208 2021 1253 2056 61)
1280 2030 1373 2058 quum
1402 2019 1458 2048 Gu.
1483 2020 1511 2048 2.
1533 2033 1571 2038 -
1612 2015 1658 2055 62)
1683 2013 1835 2054 quosdam
1861 2014 1893 2043 Z.
1913 2030 1953 2035 -——
1985 2011 2030 2048 63)

81 2070 135 2097 Gu-
164 2072 189 2100 1.
211 2085 251 2090 —-
282 2067 330 2106 46)
353 2067 530 2096 Mar-Siliam
560 2077 606 2097 va.
636 2084 669 2088 —
709 2066 755 2106 47)
779 2067 827 2095 Sic
851 2066 907 2094 Gu.
932 2068 958 2096 1.
991 2081 1032 2086 —
1076 2064 1197 2092 insulas
1217 2073 1274 2091 om.
1294 2063 1326 2092 Z.
1352 2079 1385 2084 -
1412 2062 1460 2099 64)
1482 2060 1520 2088 ab
1544 2069 1602 2088 om.
1623 2059 1723 2089 Gu.2.
1749 2075 1783 2079 -
1809 2055 1856 2096 65)
1880 2067 1899 2084 α
1923 2066 1978 2084 om.
1999 2054 2027 2081 Z.

82 2116 335 2149 nuncupaverunt
356 2110 439 2148 vulg.
469 2125 510 2131 —-
539 2116 755 2147 nuncuparunt
782 2110 819 2138 al.
844 2119 890 2148 pr.
916 2125 951 2130 --
985 2106 1033 2147 48)
1077 2107 1133 2137 Gu.
1155 2109 1186 2138 2.
1217 2106 1267 2134 Ar.
1295 2121 1337 2128 —
1383 2106 1432 2140 66)
1469 2104 1652 2141 Πζιεδίροηα
1669 2124 1675 2130 .
1690 2124 1697 2131 .
1711 2125 1717 2131 ,
1733 2099 1880 2138 lii-§palis
1902 2103 1955 2126 etc.
1973 2120 1978 2126 .
1996 2120 2003 2126 .
2022 2117 2027 2122 -

82 2157 127 2182 ait
157 2165 213 2193 pro
245 2153 321 2181 dicit
355 2154 412 2182 Gu.
439 2155 466 2183 1.
484 2154 513 2183 2.
540 2169 576 2174 —-
615 2150 664 2191 49)
686 2154 825 2180 Pictoris
855 2152 911 2180 Gn.
934 2154 959 2182 1.
986 2160 1031 2189 pr.
1077 2148 1194 2178 caderet
1216 2159 1274 2177 om.
1298 2147 1363 2176 cod.
1382 2147 1451 2176 Zitt.
1467 2163 1507 2168 —
1527 2146 1689 2183 Olisipona
1704 2143 1810 2182 scripsi
1833 2150 1900 2169 cum
1923 2140 1980 2167 Gu.
1997 2140 2026 2168 2.

81 2214 122 2219 —
151 2199 293 2225 Pictam
327 2195 382 2225 Gu.
406 2198 433 2227 2.
465 2212 501 2216 —-
538 2198 581 2228 50)
615 2194 824 2233 Burdigalltm
853 2195 911 2224 Gu.
936 2197 962 2224 1.
994 2208 1033 2216 -—
1078 2203 1124 2231 pr.
1146 2203 1194 2222 va.
1212 2191 1263 2220 Ar.
1283 2206 1325 2211 —
1349 2190 1507 2228 Oli-sipara
1527 2189 1584 2217 Gu.
1599 2190 1627 2219 2.
1659 2205 1693 2209 —
1725 2186 1772 2223 67)
1796 2185 1843 2212 Sic
1866 2183 1921 2210 Gu.
1946 2184 1971 2210 1.
1995 2181 2024 2208 2.

82 2239 286 2279 Burdigalim
310 2239 365 2266 Gu-
389 2240 416 2268 2.
444 2253 485 2259 -·
521 2234 568 2275 51)
593 2236 642 2264 Sic
665 2237 721 2267 GU.
746 2241 772 2269 1.
797 2241 828 2270 2.
850 2248 895 2277 pr.
918 2247 967 2265 va.
992 2252 1033 2258 —
1077 2246 1123 2274 pr.
1145 2250 1187 2257 —
1217 2234 1320 2271 Oly-sse
1339 2233 1421 2270 vulg.
1437 2248 1478 2254 --
1500 2230 1547 2272 68)
1568 2236 1609 2258 est
1634 2228 1720 2258 cond.
1742 2228 1791 2257 Ar,
1812 2235 1857 2265 pr.
1883 2221 1966 2251 cond.
1982 2225 2024 2247 est

83 2283 206 2321 impleta
243 2282 323 2319 vulg.
352 2296 394 2302 —
429 2279 475 2318 52)
505 2279 554 2307 Sic
584 2279 672 2307 Arev.
702 2279 820 2318 ubique.
846 2296 881 2302 —
912 2279 1033 2308 Terrae.
1078 2288 1122 2305 va.
1147 2293 1183 2299 -—
1224 2278 1271 2313 69)
1298 2276 1346 2304 Sic
1374 2276 1432 2304 Gu.
1461 2278 1488 2306 1.
1513 2277 1539 2305 2.
1564 2274 1614 2303 Ar.
1634 2288 1675 2295 —
1703 2270 1922 2306 disiunguntur
1945 2262 2023 2299 vulg.

82 2326 165 2364 vulg.
196 2343 229 2347 —
273 2327 321 2359 53)
344 2324 518 2361 Hispaniae
541 2322 598 2350 Gu.
617 2324 644 2353 2.
670 2338 711 2343 —-
736 2322 785 2359 54)
808 2321 890 2351 Hanc
913 2321 939 2362 ξ.
961 2322 1032 2350 Cae·
1076 2337 1115 2342 —
1139 2320 1186 2357 70)
1209 2320 1327 2347 nomine
1349 2318 1418 2348 add.
1443 2318 1525 2354 vulg,
1548 2334 1588 2338 —
1612 2315 1678 2344 Om.
1702 2315 1756 2342 Gu.
1782 2314 1867 2355 13*
1890 2306 1938 2342 71)
1958 2305 2023 2332 ΗΠ-

85 2377 143 2395 εεῃ.
168 2368 186 2396 l.
210 2378 276 2396 cun]
301 2367 335 2394 al.
358 2365 447 2394 codd.
472 2375 528 2393 om.
553 2380 592 2386 —
623 2366 669 2400 55)
690 2366 841 2403 Spartiar.
871 2365 915 2394 ed.
941 2363 1031 2393 Goth.
1075 2373 1156 2391 mum
1180 2372 1228 2391 va.
1249 2378 1290 2385 —
1328 2361 1373 2401 72)
1397 2361 1444 2389 Sic
1469 2360 1570 2392 Gu.1.
1594 2376 1627 2380 -
1650 2356 1836 2391 nuncupavzt
1858 2348 1939 2386 vulg.

1382 2412 1526 2447 Nnn*
