2203 2829
172 113 247 147 218
856 111 1036 146 ISIDORI
1072 112 1255 148 HISPAL.
1292 115 1437 152 EPISC.

1241 210 1318 244 Non
1346 210 1433 243 enim
1460 209 1566 244 habet
1590 210 1718 245 initium
1753 209 1839 246 nec¹
1868 213 1978 247 finem.
2038 214 2129 250 Hinc

172 255 243 294 est²
271 264 304 293 et
330 258 569 303 sempiternus,
610 269 650 291 eo
678 258 770 302 quod
805 260 845 291 sit
879 270 1013 303 semper
1046 266 1206 296 aeternus.
1268 263 1299 295 A
1326 262 1528 305 quibusdam
1564 269 1674 296 autem
1713 269 1865 298 aeternus
1899 266 1942 298 ab
1970 264 2130 300 aethere³

172 312 319 346 creditur
347 311 472 350 diem,
500 307 678 354 (μιοιιίωῐι4
706 311 838 343 coelum
867 310 961 343 sedes
989 308 1082 344 eius-‘²
1110 311 1262 346 habetur.
1327 313 1428 346 Unde
1455 320 1503 347 est
1537 315 1638 348 illud:
1673 315 1818 349 Coelum
1845 317 1932 350 coeli
1959 317 2128 351 Domino:

171 369 205 397 et
232 360 340 396 haec⁶
367 363 427 394 ista
454 368 597 404 quatuor
626 373 727 395 unum
749 363 953 408 significant,
981 375 1057 396 nam
1075 375 1139 396 una
1167 365 1355 408 eademque
1375 377 1427 398 res
1455 366 1594 408 (licitur,
1621 367 1689 401 sive
1705 368 1836 401 dicatur
1857 374 2008 402 aeternus
2019 365 2041 409 ⁷,
2062 370 2129 403 sive

175 414 387 453 immortalis,
415 414 482 446 sive
509 413 788 458 incorruptibilis,
816 415 883 447 sive
911 415 1133 448 immutabilis.

337 464 395 499 23,
451 465 642 506 Invisibilis,
672 467 749 509 quia
771 478 938 510 nunquam
965 479 1027 511 per
1053 468 1265 500 substantiam
1295 479 1388 500 suam
1416 469 1574 513 apparuit
1595 469 1700 503 oculis
1731 467 1943 503 mortalium8
1972 470 2127 513 Trinitas,

170 517 228 550 nisi
256 527 318 560 per
340 518 488 560 speciem
516 517 686 550 subiectae
709 523 882 552 creaturae
910 516 1150 562 eiusdemque⁰
1178 530 1373 563 corporeae.
1430 521 1517 553 Nam
1545 533 1642 554 nemo
1667 526 1778 566 potest
1806 522 1913 566 ipsam
1934 523 2127 556 manifesta—

168 569 294 601 tionem
308 564 331 583 ¹⁰
364 569 522 601 essentiae
557 569 620 602 Dei
658 570 771 603 videre
799 576 831 603 et
866 570 993 612 vivere,
1028 566 1144 604 sicut¹¹
1175 572 1301 604 dictum
1335 576 1383 603 est
1410 571 1541 615 Moysi,
1582 573 1671 606 unde
1699 579 1731 606 et
1757 574 1920 607 Dominus
1952 574 1984 606 in
2012 574 2127 607 Evan-

339 206 400 240 22.
454 207 618 240 Aeternus
647 210 713 248 est,
748 206 827 250 quia
853 207 922 239 sine
948 212 1102 252 tempore
1129 211 1188 244 est.

169 621 261 664 gelio
283 617 415 653 dicit¹²:
444 620 561 653 Deum
585 632 685 654 nemo
711 622 799 655 vidit
825 633 988 667 unquam.

168 671 380 715 quaerendus
408 677 464 706 est.

335 723 393 756 24.

169 774 306 809 cumbit.

449 721 707 768 lmpassibilisss,
734 724 811 768 quia
840 725 937 758 nullis
969 726 1278 769 perturbationibus
1303 726 1466 767 afficitur,
1501 726 1620 769 quibus
1646 726 1810 772 fragilitas
1836 723 2001 761 humana’

364 776 440 808 Non
468 776 554 808 enim
583 777 750 821 attingunt
777 788 852 809 eum
874 777 964 809 ullae
992 778 1179 821 passiones,
1207 782 1244 810 ut
1269 777 1395 820 libido,
1422 778 1614 820 iracundia,
1640 779 1825 823 cupiditas,
1849 780 1950 812 timor
1962 776 1996 821 ¹⁵,
2023 791 2119 813 moe-

1043 623 1111 655 Res
1139 628 1186 655 est
1214 623 1301 655 enim
1328 623 1520 665 invisibilis,
1547 624 1694 668 ideoque
1715 636 1781 658 non
1797 626 1916 667 oculo,
1944 625 2003 659 sed
2021 626 2125 660 corde

2005 723 2017 744 ⁴
2047 739 2124 763 suc-

168 837 241 867 ror,
268 826 409 869 invidia,
438 833 500 860 etc.
529 828 648 870 quibus
677 839 768 860 mens
796 828 941 861 humana
954 825 976 844 ¹⁶
1004 826 1198 861 turbatur¹⁷.

334 877 392 910 25.

445 879 515 911 Sed
543 889 619 912 cum
647 879 768 912 dicitur
795 880 883 913 Deus
910 881 1005 913 irasci
1017 878 1056 921 ¹⁶,
1085 887 1140 913 aut
1167 881 1278 913 zelare
1289 877 1328 921 ¹⁹,
1357 885 1412 913 aut
1436 880 1563 921 dolere,
1591 885 1703 914 nostro
1729 877 1824 914 ιιειι20
1850 881 1982 916 dicitur.
2015 883 2120 927 Apud

167 929 278 963 Deum
306 930 392 963 enim
417 931 624 975 perturbatio
652 931 744 963 nulla
767 937 831 971 est,
860 932 952 976 apud
980 944 1078 976 quem
1102 932 1319 975 tranquillitas
1346 944 1476 965 summa
1502 937 1560 965 est.

335 981 394 1014 26.
448 982 601 1026 Simplex
629 988 740 1016 autem
751 980 775 1000 ²¹
797 983 919 1017 dicitur
942 985 1010 1016 sive
1037 996 1104 1016 non
1131 984 1313 1017 amittendo
1338 984 1431 1027 quod
1460 984 1582 1024 habet,
1609 983 1677 1016 sive
1703 983 1797 1027 quod
1810 980 1836 1001 ²²
1861 996 1929 1017 non
1953 983 2044 1019 aliud
2072 990 2121 1019 est

167 1033 258 1078 ipse,
285 1038 317 1066 et
337 1033 428 1065 aliud
457 1034 551 1077 quod
578 1034 703 1078 inipso
732 1041 797 1075 est,
820 1036 904 1068 sicut
932 1037 964 1068 in
992 1035 1145 1075 homine,
1173 1037 1265 1070 cuius
1293 1036 1385 1068 aliud
1416 1041 1464 1069 est
1488 1047 1574 1075 esse,
1602 1032 1730 1068 aliud²³
1760 1047 1888 1080 sapere.

334 1085 392 1117 27.

448 1087 534 1118 Nam
564 1091 595 1118 et
618 1098 686 1118 esse
701 1088 771 1130 quis
794 1093 904 1130 potest
917 1085 952 1127 ²⁴,
981 1092 1013 1120 et
1040 1088 1169 1131 sapiens
1196 1099 1262 1120 non
1290 1099 1371 1127 esse,
1391 1087 1481 1120 Deus
1497 1092 1607 1120 autem
1635 1087 1738 1120 habet
1755 1089 1940 1127 essentiam,
1968 1086 2123 1121 habetet

166 1136 378 1180 sapientiam,
407 1137 464 1169 sed
493 1137 586 1180 quod
615 1137 734 1178 habet,
765 1137 833 1172 hoe
861 1144 894 1171 et
921 1145 987 1178 est,
1017 1144 1050 1171 et
1077 1140 1187 1172 onmia
1199 1136 1224 1156 ²³
1251 1151 1332 1172 unus
1360 1135 1461 1180 estw,
1496 1150 1537 1172 ac
1566 1139 1709 1182 proinde
1736 1139 1877 1183 simplex
1909 1136 2008 1180 est²¹‚
2044 1139 2121 1183 quia

166 1199 233 1220 non
260 1188 292 1220 in
320 1199 360 1220 eo
389 1189 515 1232 aliquid
542 1189 722 1221 accidentis
750 1196 798 1221 est
811 1187 854 1230 ²³,

166 1353 258 1374 mum
269 1337 313 1382 ³²,
342 1343 420 1384 quia
444 1343 620 1375 mutabilis.

331 1394 390 1427 29.

166 1443 369 1489 intelligatur
391 1458 478 1486 esse,
507 1458 572 1478 :ion
600 1457 731 1490 corpus.

333 1496 391 1530 30.

166 1546 440 1591 omnipotentiam
469 1553 670 1583 coartantur.

334 1599 392 1631 31.

167 1649 260 1682 cuius
286 1649 365 1683 facti
391 1651 557 1696 perfectio
585 1651 715 1685 dicitur.

253 1761 281 1794 1)
297 1759 345 1787 Sic
366 1760 397 1788 Z.
422 1760 478 1788 Gu.
500 1763 524 1791 1.
546 1778 583 1782 ——
602 1772 697 1799 neque
719 1761 798 1798 vulg.
829 1778 869 1782 —
899 1762 930 1799 2)
950 1768 991 1789 est
1016 1762 1119 1790 addidi

165 1810 183 1829 e
206 1800 261 1829 Gu.
279 1805 304 1832 1.
327 1817 366 1822 —
390 1802 419 1842 3)
437 1804 543 1831 haben*
564 1804 620 1832 Gu.
639 1807 666 1835 2.
688 1804 725 1832 ad
746 1814 839 1841 marg.
861 1806 905 1834 αἱ,
925 1804 963 1832 al)
994 1806 1119 1834 aethere.

165 1857 207 1865 —
229 1843 260 1880 4)
284 1844 407 1882 quando
430 1846 460 1873 Z.
491 1863 532 1868 -—
569 1848 600 1882 5)
623 1848 687 1875 cius
711 1857 768 1876 om.
793 1849 849 1875 Gu.
875 1850 905 1878 2.
948 1848 1045 1875 Locus
1076 1853 1120 1876 est

166 1885 271 1914 Psalm.
292 1887 360 1922 114,
381 1890 426 1918 16.
449 1904 489 1910 —
525 1887 554 1928 6)
572 1889 647 1917 haec
669 1900 726 1918 om.
749 1900 794 1918 va.
817 1905 859 1911 ——
891 1893 917 1923 7)
940 1891 1027 1918 Dens
1050 1891 1117 1919 add.

165 1928 264 1966 vulg.‚
289 1929 370 1966 quod
393 1941 450 1959 om.
475 1932 532 1960 Gu.
556 1934 581 1962 1.
605 1948 646 1954 —
676 1932 706 1971 8)
723 1933 843 1960 morlal.
866 1933 944 1962 ocul.
968 1933 1001 1961 Z.
1026 1951 1063 1955 —
1088 1932 1118 1972 9)

165 1970 320 2009 eidemque
344 1973 401 2002 Gu.
416 1976 441 2003 1.
460 1991 495 1995 -—
518 1973 680 2013 eademque
703 1976 759 2005 Gu,
779 1978 808 2006 2.
829 1985 874 2014 pr.
898 1991 940 1997 -
966 1974 1012 2015 10)
1027 1976 1074 2003 Sic
1087 1977 1117 2004 Z.

167 2013 223 2041 Gu.
244 2016 271 2043 1.
288 2016 315 2044 2.
339 2024 385 2042 va.
409 2025 475 2044 var.
493 2016 559 2046 lect.
584 2027 632 2055 ap.
650 2017 738 2046 Goth.
762 2018 852 2048 Arev.
867 2032 909 2038 —-
930 2020 1116 2046 maiestatem

166 2056 247 2093 vulg.
275 2072 317 2077 -—
350 2056 393 2096 11)
411 2057 498 2095 Vulg.
519 2064 545 2085 et
568 2060 653 2095 add.,
683 2060 763 2098 quod
796 2070 853 2088 om.
876 2061 931 2088 Gu.
956 2063 980 2090 1.
1005 2076 1045 2082 -
1073 2060 1117 2099 12)

166 2098 215 2126 Sic
232 2098 263 2127 Z.
289 2099 345 2127 Gu.
363 2102 389 2130 1.
405 2101 433 2130 2.
453 2110 500 2130 va.
521 2111 582 2130 var.
606 2102 672 2130 lect.
692 2113 738 2140 ap.
760 2102 847 2131 Goth.
866 2118 907 2124 —-
934 2102 1020 2140 Vulg.
1039 2103 1118 2131 unde

164 2146 194 2169 et
216 2141 365 2169 lohannes
391 2143 423 2169 in
453 2144 581 2181 epistola
611 2155 671 2172 sua
699 2145 783 2174 dicit.
835 2145 880 2175 Al.
913 2144 1057 2173 dommus*
1084 2148 1117 2173 in

166 2184 320 2222 evangelio
343 2190 370 2212 et
401 2185 549 2214 lohannes
570 2188 601 2214 in
623 2188 767 2225 Epistola
790 2198 850 2215 Sua
873 2187 948 2215 dicit
971 2187 999 2215 h.
1024 2198 1046 2216 e.
1072 2189 1119 2216 rel

169 2226 230 2256 lotz.
260 2232 315 2256 etc.
347 2227 437 2256 variis
467 2228 547 2257 lectt.
579 2231 754 2258 coniunctis.
811 2231 905 2258 Locus
934 2235 977 2258 est
1005 2231 1114 2269 Evang.

165 2268 229 2297 Ioh.
254 2271 282 2304 1,
308 2270 356 2300 18.
381 2286 422 2292 —-
446 2269 490 2309 13)
510 2271 594 2308 Vulg.
610 2272 678 2300 add.
701 2278 759 2308 est,
783 2272 863 2310 quod
887 2282 943 2300 om.
969 2273 1023 2300 Gu.
1044 2277 1066 2304 1Α
1086 2277 1114 2305 2.

168 2328 205 2334 —
232 2310 277 2349 14)
299 2311 439 2341 humana
454 2314 543 2351 frag.
568 2314 624 2343 Gu.
649 2317 675 2346 2.
703 2332 736 2335 —
765 2315 809 2352 15)
828 2316 875 2342 Sic
898 2315 928 2342 Z.
954 2315 1010 2342 Gu.
1036 2319 1060 2346 1.
1084 2320 1111 2348 2.

166 2364 213 2392 pr.
236 2363 281 2384 va.
306 2354 343 2382 al.
361 2355 411 2384 Ar.
426 2373 466 2376 —
483 2356 568 2394 Vulg.
591 2356 687 2385 dolor.
716 2373 749 2377 —
772 2357 817 2397 16)
834 2358 882 2385 Sic
899 2357 930 2385 Z.
956 2358 1012 2386 Gu.
1038 2362 1064 2389 1.
1086 2362 1113 2390 2.

170 2412 203 2417 —
228 2396 365 2425 humana
387 2409 469 2426 mens
495 2399 573 2437 vulg.
598 2414 638 2420 —
671 2402 712 2434 17)
729 2400 931 2438 perturbatur
954 2400 1011 2429 (ἆυ.
1027 2404 1054 2432 2.
1073 2417 1114 2422 --

447 1600 619 1632 Perfectus
647 1600 785 1638 «licitur,
822 1597 951 1643 qu0d³⁹
977 1601 1060 1633 nihil
1089 1602 1119 1634 ei
1152 1601 1255 1645 possit
1282 1600 1380 1634 adiici
1392 1597 1426 1635 ⁴⁰.

767 1652 859 1685 Deus
872 1649 914 1695 ⁴¹,
942 1653 998 1696 qui
1026 1664 1092 1686 non
1120 1659 1168 1685 est
1194 1653 1320 1694 sactus,
1348 1652 1524 1696 quomodo
1552 1657 1601 1685 est
1628 1652 1824 1696 perfectus?

889 1190 948 1222 sed
976 1196 1009 1222 et
1037 1191 1129 1232 quod
1158 1196 1222 1231 est,
1257 1188 1324 1224 et²⁹
1357 1190 1451 1234 quod
1478 1191 1511 1223 iu
1538 1191 1611 1234 ipso
1638 1197 1705 1233 est,
1746 1191 1960 1224 essentialiter
1988 1197 2036 1224 est
2062 1202 2120 1224 ex-

167 1245 286 1283 cepto,
315 1240 409 1282 quod
436 1240 574 1272 relative
600 1240 643 1272 ad
671 1252 905 1283 quamcunque
932 1253 1109 1285 personam
1122 1238 1147 1257 '³⁰

331 1290 390 1323 28.
443 1291 582 1324 Summe
619 1289 778 1331 bonus³¹‚
815 1293 892 1335 quia
928 1293 1210 1326 incommutabilis
1237 1298 1295 1325 est.

673 1345 717 1376 Et
745 1344 824 1376 «lum
852 1345 892 1376 sit
919 1342 1091 1387 quidem³³
1118 1345 1262 1383 bonum,
1299 1355 1366 1376 non
1392 1350 1504 1376 tamen
1532 1349 1642 1388 potest
1671 1356 1741 1377 esse
1754 1340 1778 1361 ³⁴
1806 1350 1839 1377 et
1856 1341 2065 1377 summum35.

445 1395 668 1439 lncorporeus
694 1402 805 1428 autem
837 1397 889 1428 vel
917 1397 1137 1440 incorporalis
1163 1396 1241 1428 ideo
1269 1396 1360 1429 Deus
1387 1395 1509 1429 (licitur
1521 1393 1564 1436 ³⁵,
1600 1401 1635 1428 ut
1660 1396 1791 1440 spiritus
1822 1396 1996 1436 credatur,
2030 1396 2083 1429 vel
2094 1392 2118 1412 ³³

786 1448 870 1479 Nam
900 1447 980 1480 (lum
1003 1448 1124 1481 dicitur
1149 1449 1303 1491 spiritus,
1332 1448 1401 1480 eius
1423 1448 1630 1492 significatur
1656 1448 1847 1480 substantia.

446 1498 648 1537 immensus,
676 1499 754 1541 quia
783 1505 903 1532 cuncta
931 1500 1118 1540 concludit,
1147 1500 1219 1544 ipse
1244 1511 1263 1531 a
1291 1499 1385 1532 nullo
1411 1495 1680 1543 concluditurae,
1713 1499 1771 1532 sed
1799 1499 1912 1532 omnia
1936 1499 2022 1532 intra
2050 1498 2118 1532 eius

1353 1292 1515 1326 Creatura
1542 1303 1624 1325 vero
1657 1293 1783 1325 bonum
1799 1317 1808 1333 ‚
1848 1293 1908 1325 sed
1935 1304 2002 1325 non
2028 1304 2119 1325 sum—

1483 1601 1637 1633 Attamen
1672 1600 1716 1633 ‹le
1742 1602 2027 1634 consummatione
2053 1600 2117 1634 ali·

1166 1761 1209 1800 lb)
1229 1772 1299 1789 cum
1322 1760 1395 1788 deas
1417 1760 1533 1789 dicitur
1556 1763 1652 1788 irasci
1673 1771 1718 1790 va.
1749 1778 1787 1781 —
1820 1759 1909 1788 deum
1935 1760 1991 1789 Gn.
2013 1764 2041 1793 2.
2064 1762 2116 1791 Ar.

1162 1819 1205 1825 ·—
1231 1808 1271 1838 19)
1288 1804 1338 1831 Sic
1362 1805 1393 1832 Z.
1420 1804 1476 1832 Gu.
1503 1808 1529 1835 1.
1547 1807 1575 1835 2.
1598 1804 1646 1832 Ar.
1663 1819 1706 1825 -—
1728 1803 1822 1831 zelari
1842 1803 1923 1841 vulg.
1944 1819 1986 1824 —
2012 1806 2057 1840 20)
2081 1803 2117 1833 de

1160 1853 1262 1874 nostro
1287 1857 1345 1874 usu
1369 1847 1406 1875 al.
1428 1861 1472 1868 —·
1501 1844 1552 1886 21)
1568 1848 1647 1874 enim
1672 1847 1727 1874 Gu.
1749 1848 1779 1876 2.
1799 1862 1839 1868 —-
1870 1847 1921 1882 22)
1938 1846 1988 1873 Sic
2010 1846 2067 1876 Gu.
2089 1849 2115 1879 1.

1164 1906 1199 1911 -—-
1226 1901 1278 1917 Seu,
1301 1891 1378 1928 quia
1400 1889 1481 1926 vulg.
1509 1903 1552 1911 —-
1592 1891 1640 1926 23)
1662 1894 1688 1916 et
1711 1888 1802 1916 aliud
1821 1889 1852 1917 Z.
1877 1890 1934 1917 Gu.
1955 1891 1983 1919 2.
2005 1898 2050 1918 va.
2077 1905 2113 1912 -

1161 1933 1208 1968 24)
1231 1934 1300 1971 quis
1323 1942 1379 1962 om.
1400 1931 1431 1959 Z.
1456 1932 1513 1959 Gn.
1532 1933 1561 1962 2.
1587 1942 1633 1970 pr.
1655 1942 1702 1960 va.
1726 1932 1777 1962 Ar.
1805 1947 1846 1952 ——
1868 1930 1915 1970 25)
1935 1942 1991 1969 per
2011 1934 2115 1960 omnia

1160 1975 1192 2003 Z.
1217 1991 1258 1997 —
1287 1975 1336 2011 26)
1359 1984 1455 2002 unum
1477 1984 1537 2001 esse
1559 1973 1595 2004 al.
1626 1990 1668 1996 -—
1696 1977 1741 2007 27)
1773 1985 1810 2002 ac
1832 1973 1961 2012 proinde
1989 1975 2114 2012 simplex

1160 2023 1203 2045 est
1226 2019 1259 2048 Z.
1281 2033 1320 2039 —-
1345 2015 1392 2057 23)
1411 2022 1453 2044 est
1475 2026 1533 2045 om.
1555 2026 1602 2044 va.
1618 2033 1660 2038 —
1681 2017 1731 2053 29)
1750 2017 1798 2045 Sic
1816 2018 1872 2045 Gu.
1889 2020 1912 2047 1.
1938 2017 1985 2043 Ar.
2004 2033 2041 2037 -
2062 2015 2116 2045 sed

1160 2060 1245 2099 quod
1267 2065 1292 2087 et
1314 2065 1356 2086 est
1370 2069 1417 2088 va.
1430 2075 1471 2080 —
1484 2058 1538 2087 sed
1559 2070 1638 2097 quae
1660 2065 1700 2087 est
1724 2060 1781 2087 Cu.
1795 2062 1824 2091 2.
1839 2060 1875 2087 al.
1893 2074 1933 2080 —
1948 2058 2113 2088 secundum

1160 2102 1245 2141 quod
1266 2107 1308 2130 est
1329 2103 1360 2129 Z.
1375 2115 1417 2123 —-
1440 2101 1526 2139 Vulg.
1548 2101 1601 2130 sed
1622 2101 1705 2140 quod
1726 2108 1776 2130 est.
1793 2117 1837 2124 —-
1866 2101 1917 2136 30)
1936 2101 2021 2137 Vulg.
2044 2102 2112 2131 add.

1159 2152 1219 2182 est,
1242 2144 1322 2183 quod
1346 2154 1403 2173 om.
1428 2144 1484 2172 Gu.
1501 2148 1526 2175 1.
1550 2161 1594 2167 —
1622 2144 1672 2185 31)
1689 2146 1849 2172 Summum
1870 2143 1982 2172 bonum
2005 2144 2062 2173 Gu.
2079 2147 2112 2176 2.

1161 2204 1198 2209 —
1222 2188 1268 2226 32)
1287 2187 1370 2224 Vulg.
1392 2192 1434 2214 est
1453 2186 1538 2218 add..
1562 2187 1644 2225 quod
1659 2197 1717 2218 om.
1739 2188 1796 2216 Gu.
1817 2189 1841 2217 1.
1871 2186 1919 2214 Sic
1942 2196 2014 2215 mox
2031 2187 2110 2216 idem

1157 2230 1225 2260 cod.
1248 2234 1315 2269 post
1341 2229 1501 2256 mutabiles
1524 2239 1580 2258 om.
1602 2235 1654 2258 est.
1676 2245 1719 2251 --
1743 2228 1790 2268 33)
1812 2228 1861 2256 Sic
1881 2229 1912 2257 Z.
1936 2230 1991 2258 Gu.
2017 2233 2041 2260 1.
2062 2230 2110 2258 Ar.

1157 2283 1203 2302 va.
1221 2287 1262 2294 —-
1284 2271 1413 2310 quidam
1432 2273 1512 2308 vulg.
1528 2288 1570 2294 —-
1586 2271 1737 2310 quiddam
1759 2272 1805 2300 ed.
1830 2270 1919 2300 Goth.
1941 2288 1981 2293 ·—-
2003 2274 2047 2309 34)
2061 2272 2110 2301 Sic

1159 2317 1215 2344 Gu.
1237 2318 1262 2346 1.
1276 2330 1317 2335 —
1336 2314 1419 2351 Vulg.
1442 2326 1502 2342 esse
1520 2320 1630 2352 potest.
1651 2331 1692 2336 —-
1721 2314 1766 2352 35)
1790 2314 1877 2351 Vulg.
1902 2314 2014 2342 honum
2029 2314 2110 2352 add„

1158 2357 1239 2396 quod
1262 2367 1319 2385 om.
1335 2357 1366 2384 Z.
1391 2358 1447 2385 Gu.
1468 2361 1494 2388 1.
1509 2360 1538 2387 2.
1554 2368 1598 2396 pr.
1620 2367 1665 2385 va.
1683 2357 1736 2385 Ar.
1757 2372 1801 2379 ——
1821 2356 1869 2396 36)
1884 2357 1933 2384 Sic
1952 2358 2009 2385 Gu.
2032 2359 2109 2387 1.—

1157 2400 1274 2429 dt‘cimr
1304 2401 1390 2427 Dea-s
1411 2400 1490 2438 vulg.
1523 2417 1554 2421 —
1587 2400 1637 2438 37)
1657 2405 1684 2428 et
1705 2409 1752 2428 va.
1782 2414 1825 2421 —
1852 2397 1900 2439 38)
1925 2399 1979 2429 Vv.
2001 2400 2064 2438 ipsc
2087 2409 2107 2427 α
