2255 2819
224 129 300 164 626

724 217 752 250 C
779 219 810 250 A
837 218 874 251 P.
929 218 1003 254 Vll.

390 281 422 315 l.
476 277 725 317 Hemicadium,
752 289 808 311 vas
836 279 1009 313 olearium.

1082 220 1158 253 De

1210 221 1361 254 vasis

920 126 1098 161 ISIDORI
1134 126 1315 163 HISPAL.
1352 128 1495 162 EPlSC.

1413 222 1672 256 oleariis.

325 327 479 366 Scortia'
509 325 579 362 est²
607 339 662 362 vas
689 329 868 371 olearium,
897 342 937 363 eo
964 330 1056 374 quod
1079 331 1118 363 sit
1146 341 1185 363 ex
1212 331 1321 370 corio,
1349 331 1476 365 (lictum
1487 329 1508 367 ³.

386 383 418 415 2.
473 381 684 414 Alabastrum
708 393 762 414 vas
784 383 1038 426 unguentarium
1063 379 1102 416 e⁴
1130 383 1244 427 lapide
1266 383 1313 416 sui
1336 384 1466 428 generis
1494 384 1785 429 cognominatum,
1813 396 1913 429 quem
1937 382 2168 419 alabastriten⁵

222 439 356 476 vocant,
384 433 440 476 qui
467 431 684 476 ἰιιοοπιιρῐει6
710 440 879 478 unguenta
905 440 1013 467 servat
1025 432 1046 468 ⁷.

386 484 418 517 3.
473 484 616 528 Pyxides
632 486 764 519 vascula
780 487 995 530 unguentaria
1012 498 1051 519 ex
1070 486 1159 519 buxo
1178 486 1278 521 facta.
1307 486 1393 518 Nam
1421 485 1513 528 quod
1534 498 1592 519 nos
1609 488 1743 529 buxum,
1769 488 1892 521 Graeci
1913 485 2023 528 πύξον
2039 494 2169 523 vocant.

385 536 418 568 4.
472 536 648 569 Lenticula
675 539 844 570 vasculum
872 538 1055 580 olearium,
1084 549 1123 571 ex
1151 549 1226 571 aere
1255 538 1309 570 vel
1336 543 1475 582 argento
1502 538 1644 581 factum,
1675 541 1718 573 ab
1744 540 1891 573 liniendo
1920 539 2057 574 dictum.

221 588 306 621 enim
337 598 434 633 reges
462 593 495 620 et
521 588 711 621 sacerdotes
738 589 937 622 liniebantur
947 587 969 622 ⁸.

641 664 670 698 C
697 665 728 698 A
756 666 791 700 P.
844 663 959 699 vl11.⁹
1037 666 1074 699 D
1093 677 1111 699 e

1163 665 1316 698 vasis

2110 540 2171 573 His

1370 666 1743 709 coquinariis.

385 732 417 765 l.
471 731 594 765 Omnia
609 729 633 749 ¹⁰
659 745 735 766 vasa
762 735 929 777 coquendi
956 745 1054 768 causa
1082 739 1198 778 parata
1221 734 1341 767 cocula
1368 733 1528 767 (licuntur.
1567 735 1703 768 Plautus
1718 732 1758 766 ¹¹:

445 783 574 817 Aeneis
588 780 610 800 ¹²

640 786 769 818 coculis
794 787 881 819 mila·
907 790 1051 819 excocta
1079 790 1127 819 est
1163 786 1272 818 onmis
1300 786 1554 819 misericordia.

384 833 417 866 2.
470 835 552 868 Olla
579 835 668 869 (licta
695 848 758 881 pro
774 834 796 854 ¹³
819 848 871 879 eo,
902 837 995 881 quod
1021 838 1159 870 ebulliat
1185 837 1216 869 in
1249 849 1287 869 ea
1315 849 1399 881 aqua
1424 838 1492 882 igni
1507 834 1529 854 ¹³
1556 837 1725 877 subiecto.
1754 844 1790 871 ut
1821 838 1913 871 altius
1941 848 2047 882 vapor
2074 838 2169 870 emit-

219 891 312 919 tatur.

1062 938 1083 958 15

322 937 450 969 Patella
477 940 569 981 quasi
597 941 720 983 patula.
775 940 855 974 Olla
883 946 930 974 est
957 941 1044 974 enim

1110 941 1175 973 oris
1190 938 1196 957 ¹

380 885 482 919 Unde
510 892 541 919 et
568 887 660 920 bulla
689 888 818 931 dicitur,
846 901 932 933 quae
959 890 992 922 in
1019 901 1106 933 aqua
1133 890 1220 921 venti
1245 889 1328 921 intus
1356 890 1470 932 spiritu
1498 894 1704 923 sustentatur.

1201 938 1212 957 ⁶
1240 941 1490 984 patentioribus.

383 988 418 1023 3.
472 989 625 1023 cacabus
661 996 694 1023 et
720 1003 862 1026 cucuma
876 989 898 1008 ¹⁷
933 1004 951 1024 a
983 1003 1065 1024 sono
1102 993 1241 1025 fervoris
1278 993 1564 1037 cognominantur.

1638 992 1735 1026 Haec
1762 992 1794 1024 in
1822 992 1959 1025 Graecis
1988 998 2020 1025 et
2046 993 2171 1027 Latinis

219 1039 406 1072 communia
434 1041 567 1073 nomina
595 1041 738 1082 habent,
783 1043 842 1076 sed
870 1048 978 1076 utrum
1001 1044 1110 1076 Latini
1136 1056 1155 1076 a
1180 1044 1340 1083 Graecis,
1373 1056 1413 1076 au
1442 1043 1564 1077 Graeci
1592 1055 1610 1075 a
1638 1044 1762 1076 Latinis
1790 1043 1876 1076 haec
1904 1046 2068 1078 vocabula
2096 1057 2169 1078 mu-

217 1091 300 1124 tuati
325 1091 387 1123 sint
398 1087 437 1133 ¹³,
465 1092 627 1125 incertum
659 1098 716 1126 est.

382 1141 416 1177 ⁴.
469 1143 613 1177 Lebetes
639 1156 762 1178 aeneae
776 1141 800 1161 ¹⁰
827 1150 900 1178 sunt
926 1157 945 1178 a
973 1145 1107 1179 Graeco
1134 1142 1310 1178 sermone²

218 1193 385 1237 coquendi
412 1200 558 1238 paratae.

383 1243 398 1261 r

1311 1142 1323 1160 ⁰
1345 1150 1494 1185 vocatae,
1522 1149 1596 1178 sunt
1623 1146 1708 1178 enim
1737 1146 1827 1179 ollae
1852 1147 1994 1180 minores
2022 1148 2053 1180 in
2078 1159 2170 1181 usum

381 1255 415 1277 ο.
470 1246 614 1291 Sartago
642 1247 684 1279 ab
711 1248 849 1291 strepitu
862 1244 883 1263 ²¹
914 1248 985 1280 soni
1012 1252 1151 1287 vocata,
1180 1246 1315 1290 quando
1344 1246 1460 1279 ardeat
1487 1247 1518 1279 in
1548 1243 1621 1279 ea²²
1649 1247 1770 1280 oleum.

319 1296 486 1340 Tripedes
513 1299 721 1342 appellatae,
749 1299 842 1342 quod
870 1300 974 1332 tribus
1003 1299 1144 1344 pedibus
1173 1304 1341 1331 constent:
1371 1298 1430 1329 has
1455 1298 1578 1331 Graeci
1606 1299 1757 1343 tripodas
1780 1305 1910 1332 vocant.

382 1348 416 1380 6.
471 1348 567 1382 Mola
595 1362 614 1382 a
641 1350 689 1382 sui
719 1351 922 1384 rotunditate
935 1349 959 1368 ²⁵⁵
986 1356 1121 1390 vocata,
1149 1356 1184 1382 ut
1211 1350 1298 1382 mala
1328 1361 1525 1393 pomorum:
1553 1351 1599 1383 sic
1628 1356 1660 1383 et
1687 1350 1810 1384 Graeci
1833 1352 1949 1395 μᾶλον
1961 1347 1993 1383 ²⁴.

320 1397 492 1441 Cribrum,
521 1402 612 1445 quod
641 1402 686 1434 ibi
711 1408 821 1435 currat
850 1403 1071 1443 trumentum,
1100 1402 1191 1446 quasi
1219 1402 1393 1435 currifrum

1407 1398 1441 1434 2¹¹·

320 1450 526 1486 Rotabulurn
552 1453 678 1487 (lictum
707 1465 725 1486 a
748 1454 940 1498 proruendo
968 1460 1132 1497 stercora,
1160 1454 1227 1486 sive
1254 1454 1367 1498 ignem
1378 1451 1402 1470 ²⁶
1430 1453 1523 1497 panis
1550 1452 1717 1495 coquendi
1744 1453 1859 1498 gratia.

656 1538 798 1573 CAP.
854 1540 909 1572 lx.
990 1540 1063 1573 De

1115 1539 1273 1572 vasis

1324 1538 1718 1584 repositoriis.

385 1602 416 1635 l.
471 1603 768 1650 Gazophylacium
796 1620 873 1641 arca
910 1613 977 1649 est,
1027 1608 1084 1641 ubi
1121 1608 1326 1652 colliguntur
1352 1608 1385 1640 in
1412 1607 1540 1651 templo
1576 1618 1631 1647 ea,
1673 1617 1760 1650 quae
1792 1606 1834 1638 ad
1863 1606 2081 1652 indigentium
2108 1616 2168 1638 cu-

221 1664 289 1685 ram
300 1650 325 1670 ²⁷
352 1655 532 1690 mittuntur.

587 1657 819 1702 Compos-itum
850 1657 932 1692 est²³8
959 1664 1069 1692 autem
1099 1670 1220 1692 nomen
1249 1660 1291 1692 ‹le
1320 1660 1433 1704 lingua
1464 1660 1636 1691 Persarum
1648 1654 1673 1675 ²⁹
1701 1663 1734 1690 et
1766 1657 1907 1692 Graeca.

1958 1658 2053 1691 Gaza
2082 1657 2167 1690 enim

221 1704 334 1748 lingua
362 1707 537 1741 Persarum
566 1708 739 1743 thesaurus
751 1708 792 1751 ³⁰,
829 1708 1001 1758 φυλακή31
1031 1712 1162 1746 Graece
1189 1711 1343 1745 custodia
1370 1712 1609 1755 interpretatur.

221 1788 300 1825 vulg.
324 1804 363 1810 —
388 1791 416 1827 1)
441 1792 561 1820 Scortea
584 1792 634 1823 Ar.
658 1810 698 1814 ——
730 1793 758 1832 Ξ)
784 1801 825 1822 est
849 1794 953 1822 addidi
974 1805 989 1823 e
1013 1796 1071 1824 Gu.
1092 1799 1117 1826 1.
1136 1812 1172 1816 —-

221 1830 249 1869 3)
265 1831 393 1867 sactum
426 1836 458 1863 Z.
490 1850 532 1856 —
573 1834 603 1875 4)
627 1847 640 1863 e
662 1847 718 1875 pro
742 1848 760 1864 a
788 1838 844 1866 ou.
868 1840 893 1868 1.
918 1841 946 1868 2,
973 1856 1009 1859 —
1045 1838 1076 1874 5)
1103 1839 1175 1865 ala-

222 1872 338 1900 bastrin
361 1874 391 1902 Z.
413 1891 454 1896 —
479 1877 652 1906 alabustren
683 1880 738 1907 Gu.
762 1882 786 1909 1.
807 1896 848 1901 —
878 1880 1098 1908 Alabastritan
1125 1881 1175 1908 Ar.

224 1932 261 1936 —-
285 1916 316 1952 6)
339 1917 509 1955 incorrupte
537 1930 583 1948 va.
612 1937 654 1942 —
682 1921 711 1960 7)
735 1921 782 1949 Sic
808 1923 863 1950 Gu.
891 1926 915 1953 1.
940 1926 969 1952 Q.
993 1940 1029 1944 ——
1054 1929 1173 1950 sarum!

226 1960 255 1987 Z.
281 1975 317 1980 --
343 1967 495 1987 conservat
518 1962 596 1999 vulg.
622 1980 658 1985 —
695 1967 722 1996 ὅ)
747 1964 794 1992 Sic
818 1966 847 1994 Z.
873 1965 928 1992 Gu.
948 1968 974 1996 1.
995 1968 1025 1997 2.
1052 1964 1173 2005 (Lazii-

223 2001 326 2028 culum
350 2005 377 2028 et
392 2001 429 2028 αἱ)
446 2002 576 2042 linenda)
601 2006 649 2033 Ar.
664 2022 705 2026 —
728 2006 813 2044 Vulgv
837 2009 1001 2035 Lenaeum
1023 2008 1174 2036 modicum

223 2053 278 2069 vas
301 2053 424 2070 (ze-neum
456 2046 502 2071 rel
529 2054 705 2083 (agente-um
735 2049 989 2087 quadrangulum
1019 2053 1049 2078 ιἰι
1083 2052 1175 2078 [αἴῃ-ι’

224 2090 378 2123 apertum,
403 2086 487 2123 quod
509 2093 534 2114 ct
559 2090 707 2118 (ik-lutam.
754 2093 810 2119 E-st
834 2095 912 2119 enim.
937 2104 989 2120 vus
1013 2094 1090 2129 olei,
1115 2105 1174 2131 quo

225 2138 306 2165 rege-s
330 2133 356 2155 et
380 2128 548 2156 sacerdotes
571 2133 775 2169 ungebantur,
799 2146 818 2161 cz
842 2135 974 2163 liniendo
998 2135 1125 2165 dictum.
1143 2152 1175 2156 -

225 2169 259 2198 In
283 2175 384 2198 nostra
408 2170 533 2200 lectione
556 2174 603 2199 vll
632 2184 686 2211 pro
717 2182 771 2203 aut
793 2177 914 2206 exhibet
949 2179 1005 2206 Gn.
1034 2182 1056 2208 l.
1086 2184 1113 2206 et
1138 2179 1175 2205 al)

225 2222 282 2251 pro
306 2223 334 2242 α.
359 2228 399 2234 --
422 2212 453 2251 9)
471 2214 542 2252 Cap.
560 2214 623 2242 Vlll
648 2221 675 2243 et
698 2217 749 2245 lx.
774 2229 829 2247 om.
854 2221 884 2247 Z.
908 2237 947 2241 --
975 2218 1019 2260 10)
1032 2222 1174 2249 Omnium

227 2255 285 2285 Gu.
305 2257 331 2284 1.
349 2270 389 2275 -
413 2253 461 2295 11)
482 2258 622 2285 flacitus
646 2257 701 2285 Gu.
716 2261 740 2289 1.
788 2261 883 2289 Locus
908 2268 952 2290 est
974 2263 1002 2290 in
1027 2264 1174 2300 fragmen-

226 2297 265 2326 tis
288 2296 396 2325 Plauti.
421 2313 453 2318 ——
483 2298 526 2338 12)
552 2299 635 2336 Vulg.
659 2301 706 2326 Ex
729 2304 837 2338 amuis,
861 2304 911 2332 sed
935 2316 967 2332 ex
994 2316 1051 2334 om.
1071 2306 1128 2334 Gu.
1147 2309 1173 2336 l·

227 2341 256 2370 2,
280 2349 324 2378 pr.
348 2339 397 2368 Ar.
423 2356 458 2360 —
486 2340 532 2380 13)
553 2352 610 2379 pro
638 2352 692 2369 om.
718 2342 773 2370 Gu.
795 2347 822 2374 2.
850 2362 885 2365 —
913 2346 955 2384 14)
976 2349 1044 2385 igne
1067 2358 1111 2376 va.
1138 2365 1168 2369 -

230 2379 276 2419 15)
300 2382 350 2410 Sic
380 2381 436 2410 Gu.
463 2385 489 2413 1.
513 2393 558 2411 va.
582 2400 621 2405 —
654 2389 694 2411 est
722 2386 798 2411 enim
830 2387 892 2413 olla
916 2389 995 2426 vulg,
1020 2407 1059 2410 —
1083 2392 1175 2428 quasi

224 2424 337 2460 patula
358 2425 421 2453 olla
445 2425 501 2455 Gu.
527 2429 555 2457 2.
578 2442 619 2447 —-
648 2426 694 2466 16)
716 2427 820 2455 oribus
843 2437 888 2456 va.
911 2445 952 2449 —
982 2434 1025 2464 17)
1049 2442 1174 2459 cucuma

1221 1797 1276 1824 Gu.
1296 1799 1321 1827 1.
1346 1813 1383 1817 —
1417 1794 1459 1834 18)
1483 1794 1531 1822 Sic
1554 1793 1659 1832 scripsi
1683 1804 1697 1821 e
1721 1793 1908 1828 coniectura,
1941 1803 2033 1831 quum
2056 1793 2088 1821 in
2111 1795 2167 1823 Gu.

1221 1842 1247 1870 1.
1271 1838 1309 1866 sit
1329 1839 1462 1866 mmmm*
1486 1843 1593 1871 essent,
1626 1836 1654 1864 in
1680 1838 1734 1864 Cu.
1758 1838 1786 1866 2.
1817 1835 1855 1865 al.
1886 1845 1931 1874 pr.
1955 1846 2000 1864 va.
2027 1841 2167 1864 mutua-v-

1219 1887 1292 1910 aeut.
1317 1897 1358 1901 —-
1382 1881 1429 1910 Ar.
1454 1881 1637 1907 mutuarint.
1654 1895 1693 1899 -—
1718 1879 1803 1916 Vulg.
1826 1880 2017 1916 sumpserint.
2046 1896 2081 1900 —
2125 1881 2166 1913 19)

1218 1925 1302 1951 aenei
1325 1928 1353 1951 et
1378 1924 1477 1950 vocati
1501 1923 1549 1951 Ar.
1585 1938 1617 1942 —
1656 1923 1701 1958 ΞΟ)
1724 1921 1773 1948 Sic
1793 1922 1847 1949 Gu.
1874 1924 1901 1952 1.
1922 1923 1949 1952 2.
1978 1922 2027 1949 Ar.
2055 1921 2089 1957 (α
2111 1931 2167 1949 om.

1219 1976 1286 1994 cum
1310 1964 1369 2005 va)
1394 1983 1432 1987 —
1458 1966 1571 1993 Graeco
1596 1963 1740 1992 vocabulo
1764 1963 1825 1992 sine
1845 1963 2066 2002 praepositione
2088 1963 2167 2001 vulg.

1220 2025 1256 2029 —
1282 2007 1331 2048 21)
1357 2008 1394 2035 ‹d›
1417 2018 1471 2046 pro
1496 2019 1515 2034 ιι
1539 2008 1595 2035 Gu.
1624 2010 1648 2037 1.
1672 2009 1700 2038 2.
1725 2017 1771 2035 va.
1795 2023 1836 2027 —
1868 2005 1916 2044 222)
1940 2006 1990 2034 Sic
2018 2005 2074 2034 Gu.
2091 2009 2118 2038 1.
2136 2008 2167 2037 2.

1220 2050 1316 2089 (ardet
1341 2060 1408 2078 cum
1433 2051 1494 2086 va.)
1520 2068 1555 2071 —
1582 2051 1614 2076 in.
1637 2059 1671 2076 est
1694 2047 1780 2076 ardet
1804 2049 1882 2086 vulg.
1904 2064 1944 2071 —-
1968 2049 2016 2085 23)
2038 2048 2086 2076 Sic
2109 2048 2165 2076 Gu-

1221 2098 1247 2125 1.
1276 2096 1303 2124 2.
1323 2104 1368 2121 va.
1389 2109 1430 2113 -
1454 2103 1473 2119 α
1496 2099 1551 2120 rot.
1575 2093 1625 2119 mci
1657 2092 1738 2129 vulg.
1771 2107 1812 2113 --
1850 2091 1898 2128 2¹4)
1932 2090 1997 2118 Hoc
2026 2090 2129 2119 addidi
2151 2101 2166 2119 e

1220 2136 1274 2164 Gu.
1300 2139 1325 2167 1.
1344 2139 1371 2166 2.
1394 2145 1440 2173 pr.
1463 2151 1504 2156 —
1526 2132 1572 2174 ²25)
1595 2135 1807 2171 currifrugum
1830 2134 1867 2162 al.
1889 2149 1930 2155 —
1952 2133 2001 2170 26)
2024 2134 2091 2172 igni
2110 2133 2166 2161 Gu.

1223 2183 1248 2208 1.
1275 2180 1302 2207 2.
1326 2194 1366 2199 —
1389 2178 1473 2213 ignes
1494 2187 1540 2207 va.
1565 2194 1598 2198 -
1625 2179 1670 2210 27)
1694 2177 1743 2204 Sic
1767 2177 1822 2204 Gu.
1850 2179 1876 2206 1.
1897 2178 1926 2206 2.
1949 2193 1991 2197 -
2015 2175 2060 2203 ad
2080 2174 2164 2204 indi-

1215 2221 1352 2259 gentiam
1371 2230 1544 2257 puuprrum
1574 2220 1654 2256 vulg.
1686 2235 1728 2241 —
1768 2216 1816 2258 28)
1847 2224 1887 2246 est
1910 2228 1968 2246 om.
1995 2218 2052 2247 Gu.
2073 2220 2101 2249 2.
2125 2234 2165 2237 -—

1218 2262 1266 2299 29)
1289 2262 1337 2289 Sic
1362 2263 1417 2292 Gn.
1448 2266 1473 2293 1.
1498 2266 1526 2293 2.
1551 2273 1594 2300 pr.
1616 2272 1661 2289 va.
1685 2277 1726 2282 —
1748 2271 1781 2289 ex
1804 2261 1914 2300 lingua
1936 2261 2059 2288 Persica
2083 2259 2164 2296 vulg.

1218 2321 1258 2325 —
1280 2306 1329 2342 30)
1357 2304 1533 2332 thas-amum
1566 2305 1621 2333 Gu.
1644 2306 1672 2334 2.
1695 2313 1740 2331 va.
1772 2321 1808 2325 —
1845 2301 1894 2343 31)
1920 2303 2080 2340 philacion
2107 2301 2163 2329 Gu-

1221 2349 1245 2377 1.
1270 2349 1289 2378 2
1321 2358 1366 2385 pr.
1391 2357 1438 2377 va.
1463 2364 1499 2368 -—
1532 2349 1578 2384 32)
1602 2347 1742 2374 arcivum
1765 2346 1816 2373 Ar.
1840 2362 1878 2366 —
1902 2345 1954 2373 Vv.
1976 2344 2049 2371 lzinc
2071 2350 2096 2371 ec
2112 2355 2163 2371 (cr-

1219 2389 1340 2417 cltivum
1363 2400 1421 2419 om.
1447 2399 1492 2417 va.
1515 2405 1556 2410 —
1578 2389 1626 2423 33)
1649 2387 1727 2415 unde
1749 2393 1775 2415 et
1798 2388 1893 2418 Gu.2.
1916 2387 1963 2414 Ar.
1987 2402 2029 2407 —
2053 2388 2098 2424 34)
2115 2386 2162 2414 Sic

1219 2431 1275 2460 Gu.
1299 2435 1324 2463 l.
1340 2434 1371 2463 2.
1396 2441 1441 2460 va.
1466 2432 1514 2459 Ar.
1532 2447 1572 2452 -—
1594 2431 1713 2458 ,Mozica
1738 2450 1744 2457 .
1770 2452 1777 2459 .
1802 2427 1921 2457 modica
1944 2428 2025 2466 vulg.
2048 2446 2087 2450 -—
2116 2427 2162 2465 35)
