2255 2819
196 121 271 154 468

895 115 1073 150 ISIDORl
1099 114 1280 149 HISPAL.
1309 115 1450 150 EPISC.

299 212 447 257 Hispalis
475 215 530 243 aut
557 221 575 240 a
602 208 662 239 situ
689 207 925 250 cognominata
953 215 1010 251 est,
1038 220 1079 242 eo
1107 209 1199 252 quod
1227 210 1259 242 in
1286 211 1358 242 solo
1384 210 1521 254 palustri
1547 208 1696 244 suffixis¹
1726 210 1900 256 profundo
1924 211 2009 255 palis
2037 212 2146 245 locata

197 263 270 307 sitz’
296 277 338 299 ne
365 265 496 296 lubrico
525 265 624 301 atque
651 258 790 290 instabili
817 259 1036 294 fundamento
1066 258 1232 294 cederet³.

361 316 419 348 72.

196 369 360 401 diderunt.

473 312 585 345 Gades
615 309 782 354 oppidum
816 322 834 342 a
864 310 1004 345 Poenis⁴
1032 313 1223 354 conditum,
1259 313 1313 355 qui
1348 313 1445 345 etiam
1463 310 1475 329 5
1503 319 1535 346 et
1562 314 1803 359 Carthaginem
1830 314 2035 359 Spartariam
2064 326 2146 349 con-

360 415 417 449 73.
471 411 596 458 Septa⁶
624 413 807 458 oppidum,
838 427 857 447 a
885 416 1050 449 montibus
1077 420 1223 460 septem,
1263 416 1318 458 qui
1353 427 1370 447 a
1403 415 1614 450 similitudine
1647 413 1785 450 fratres⁷
1814 413 1946 451 vocati8
1974 416 2145 450 Gaditano

195 471 364 504 imminent
389 468 474 499 sreto
489 462 511 497 ³³.

356 518 415 552 74.

192 573 278 606 mine
312 575 504 616 superatum
539 568 747 602 interfecisse.

475 517 594 561 Tingis
622 516 762 549 civitatis
790 522 822 550 et
843 515 965 551 Lixis¹⁰
992 520 1137 552 Antaeus
1165 522 1281 552 auctor
1317 524 1382 559 est,
1418 530 1518 561 quem
1545 519 1709 553 Hercules
1744 521 1850 553 fertur
1884 520 1993 553 luctae
2033 526 2144 554 certa—

802 569 863 602 Lix
899 575 1007 604 autem
1045 584 1063 603 a
1096 571 1179 603 Lixo
1215 571 1349 603 flumine
1384 570 1604 604 Mauritaniae
1640 578 1848 617 nuncupata,
1891 572 1949 605 ubi
1984 573 2105 605 Antaei
2120 568 2141 588 ¹¹

192 625 285 670 regia
312 624 385 662 fuit,
413 628 445 655 et
471 620 560 661 Sala,
586 620 678 663 quod
691 617 713 636 ¹²
746 621 915 654 immineat
943 623 1041 655 Salae
1064 623 1187 655 flumini
1204 619 1235 655 ¹³.

355 673 414 708 75.

467 672 666 705 Caesaream
691 671 911 706 Mauritaniae
939 675 1104 719 oppidum
1133 675 1214 706 Iuba
1247 685 1305 706 rex
1332 673 1528 706 Maurorum
1563 674 1595 706 in
1628 673 1793 708 honorem
1818 674 1969 708 Caesaris
1997 675 2143 719 Augusti

191 726 352 768 condidit,
380 737 479 769 quam
508 736 547 757 ex
576 724 644 757 eius
679 725 812 758 nomine
840 725 1037 759 Caesaream
1072 726 1272 770 appellavit,
1307 726 1390 758 sicut
1417 725 1572 758 Heredes
1606 726 1703 759 aliam
1732 727 1929 760 Caesaream
1961 728 1994 759 in
2022 727 2142 759 Palae-

190 780 281 820 stina,
306 790 393 822 quae
420 787 507 810 nunc
531 776 610 809 urbs
635 772 714 808 est¹⁴
743 777 931 810 clarissima.

190 882 303 914 mitatu
332 881 400 913 eius
428 876 668 912 disce‹1entes¹⁷

695 886 956 915 construxerunt.

188 1047 252 1078 qua
285 1040 316 1068 et
342 1035 484 1078 Libyam
514 1034 738 1077 Cyrenensem
768 1036 906 1070 vocavit.

607 1119 636 1153 C
664 1121 694 1153 A
723 1122 759 1154 P.
813 1122 853 1154 ll.
934 1123 1002 1155 De

467 828 609 861 Icosium
638 827 855 861 Caesariensis
882 829 1102 861 Mauritaniae
1130 825 1341 873 oppidumffi,
1369 829 1517 863 Hercule
1545 826 1646 863 illic¹G
1675 834 1872 869 transeunte,
1899 829 2014 874 viginti
2041 840 2059 860 a
2080 840 2140 862 co*

1010 877 1142 913 Hancffl
1177 893 1216 914 ne
1243 880 1313 923 quis
1349 881 1506 925 imposito
1536 893 1554 913 a
1591 893 1624 914 se
1658 882 1791 914 nomine
1826 881 1981 926 privatim
2013 880 2141 925 gloria-

188 938 288 974 retur,
313 933 356 965 de
384 932 596 965 condentium
625 942 763 964 numero
789 933 861 965 urbi
890 933 997 965 icosio
1026 944 1147 965 nomen
1160 930 1182 949 ¹⁹
1210 932 1324 964 datum
1368 961 1374 966 .

357 983 412 1016 77.
467 983 597 1026 Cyrene
624 983 740 1027 regina
768 983 829 1016 fuit
856 985 1002 1028 Libyae,
1030 996 1117 1028 quae
1146 996 1185 1017 ex
1209 995 1268 1017 suo
1293 984 1426 1016 nomine
1454 984 1621 1018 civitatem
1647 983 1814 1028 Cyrenem
1826 980 1848 1000 ²¹
1877 981 2039 1022 condidit,
2068 992 2105 1013 ex

1339 928 1364 948 '2⁰

2117 977 2142 997 2²

1056 1120 1363 1167 aedificiis
1411 1121 1675 1166 publicis,

353 1189 384 1222 l.
440 1188 562 1222 Civitas
590 1193 637 1221 est
662 1188 838 1223 homiuum
865 1190 1045 1223 multitudo
1073 1190 1235 1223 societatis
1264 1189 1395 1222 vinculo
1424 1190 1584 1232 adunata,
1620 1190 1708 1223 dicta
1735 1202 1754 1222 a
1781 1189 1927 1229 civibus,
1962 1189 1996 1221 id
2021 1194 2069 1221 est
2096 1189 2139 1220 ab

186 1241 261 1285 ipsis
288 1241 405 1275 incolis
433 1241 532 1279 urbis,
560 1251 623 1284 pro
636 1237 660 1256 ²³
695 1253 754 1281 eo,
787 1242 879 1285 quod
914 1243 1134 1286 plurimorum
1169 1241 1349 1274 consciscat
1384 1245 1417 1273 et
1445 1242 1611 1275 contineat
1650 1237 1777 1275 vitas²⁸.
1830 1242 1916 1274 Nam
1953 1241 2030 1273 urbs
2067 1240 2139 1284 ipsa

185 1293 314 1326 moenia
343 1298 426 1333 sunt,
455 1293 566 1326 civitas
593 1298 703 1325 autem
728 1305 793 1326 non
819 1305 905 1333 saxa,
936 1294 994 1326 sed
1022 1294 1226 1326 habitatores
1254 1297 1423 1325 vocantur.

350 1345 382 1376 2.
437 1345 522 1376 Tres
547 1350 619 1376 sunt
647 1342 794 1377 autem²⁷¹
821 1346 1003 1384 societates,
1033 1346 1243 1380 familiarum,
1274 1344 1416 1386 urbium,
1444 1346 1604 1389 gentium.

349 1395 382 1430 3.
436 1395 525 1428 Urbs
548 1402 665 1429 vocata
694 1397 736 1429 ab
765 1398 858 1437 orbe,
887 1398 980 1440 quod
992 1394 1017 1414 ²⁰
1045 1398 1199 1440 antiquae
1227 1396 1374 1430 cix‘itates
1401 1397 1433 1429 in
1461 1397 1557 1430 orbes
1568 1394 1593 1413 ²⁷
1610 1397 1743 1436 fiebant,
1772 1396 1824 1428 vel
1845 1395 1886 1427 ab
1908 1394 1991 1427 urbo
2002 1389 2027 1410 ²⁸
2044 1398 2139 1437 parte

184 1447 291 1488 aratri,
320 1459 388 1490 quo
417 1448 502 1480 muri
530 1448 800 1492 designabantur,
832 1449 919 1481 unde
947 1455 994 1482 est
1020 1450 1092 1482 illu(

1094 1446 1155 1481 1²⁹:

416 1499 630 1544 Optavitque
657 1500 770 1532 Iocum
800 1512 912 1545 regno
941 1505 972 1533 et
1002 1501 1212 1534 concludere
1237 1500 1343 1532 sulco.

183 1549 295 1582 Locus
318 1550 403 1582 enim
433 1551 562 1583 futurae
587 1552 726 1583 civitatis
753 1552 847 1585 sulco
876 1552 1132 1597 designabatur,
1161 1551 1194 1583 id
1224 1556 1271 1583 est
1296 1556 1413 1582 aratro.

1470 1549 1575 1590 Cato,
1608 1550 1677 1595 Qui
1705 1549 1838 1591 urbem,
1868 1547 1983 1590 inquit,
2011 1557 2137 1579 novam

183 1601 307 1633 condet
323 1598 357 1641 ³⁰,
385 1605 488 1634 tauro
517 1607 549 1634 et
576 1615 688 1635 vacca
724 1608 818 1643 arel,
854 1604 911 1636 ubi
946 1605 1122 1644 araverit,
1159 1614 1296 1635 murum
1319 1602 1453 1647 saciat,
1482 1601 1539 1634 ubi
1562 1606 1708 1646 portam
1743 1601 1815 1633 vult
1844 1610 1934 1639 esse,
1973 1601 2136 1630 aratrum

183 1653 341 1685 sustollat
366 1656 396 1685 el
420 1657 549 1698 portet,
579 1658 609 1686 et
634 1658 778 1698 portam
807 1659 913 1688 vor-ct.

347 1703 379 1736 4.
436 1704 518 1738 Ideo
546 1710 658 1738 autem
688 1706 764 1738 urbs
785 1712 893 1739 aratro
917 1706 1195 1745 circumdabatur,
1224 1705 1347 1748 dispari
1363 1700 1385 1719 ³³¹
1414 1715 1492 1736 sexu
1520 1704 1753 1743 iuvencorum,
1779 1706 1920 1746 propter
1944 1699 2134 1733 commixti-

184 1765 281 1786 onem
305 1755 522 1799 familiarnm,
551 1763 583 1789 et
610 1758 791 1802 imaginem
819 1759 954 1791 serentis
982 1759 1193 1801 fructumque
1218 1756 1396 1790 reddentis.

184 1811 233 1837 tro
260 1807 402 1841 vertitur.
456 1805 589 1841 Uude³²
616 1810 773 1842 Horatius
786 1806 827 1842 ³³:

271 1894 294 1924 1)
318 1892 430 1929 :suffixa
464 1893 520 1921 Gu.
548 1897 572 1924 1.
595 1898 622 1926 2,
648 1905 692 1933 pr.
725 1911 760 1916 —
793 1896 824 1923 in.
850 1896 931 1933 Pl‘tff-
967 1895 1023 1923 Gu.
1044 1897 1070 1925 2-
1098 1913 1131 1916 —

183 1936 213 1970 2)
237 1934 291 1961 loc.
322 1940 363 1961 c-st
393 1935 448 1962 Gn.
470 1938 498 1964 2.
529 1952 569 1957 ·--
607 1935 637 1976 3)
664 1938 712 1965 Sic
737 1939 792 1966 Gu.
822 1941 848 1967 1.
882 1939 931 1966 Ar.
954 1955 991 1958 —
1018 1936 1135 1964 cuderet

184 1976 263 2013 vulg.
288 1991 327 1997 -—
365 1981 391 2009 4)
417 1988 435 2004 (ι
460 1979 546 2014 penis
574 1979 608 2007 itl
629 1986 670 2007 est
704 1992 722 2008 α
750 1982 875 2008 Graeci-›-
908 1992 951 2019 pr.
984 1991 1029 2008 va·
1053 1996 1094 2000 —·
1117 1991 1136 2007 (l

181 2020 278 2055 poeti-s*
311 2018 341 2046 Z.
366 2036 403 2041 ᾗ
436 2018 463 2056 5)
488 2022 579 2047 ctiam
603 2022 702 2050 addidi
737 2033 751 2051 e
781 2024 810 2051 Z.
844 2024 899 2052 Gu.
920 2028 944 2055 1.
966 2026 994 2055 2.
1019 2033 1064 2061 pr.
1088 2033 1135 2050 va.

186 2077 223 2080 —
250 2062 303 2098 qni
325 2062 416 2088 etium
448 2063 499 2090 Ar.
523 2078 564 2083 —-
595 2064 626 2102 6)
655 2067 767 2103 Septem
793 2067 823 2093 Z.
853 2068 908 2094 Gu.
933 2069 958 2097 1.
983 2069 1009 2097 2.
1034 2066 1069 2093 al.
1094 2076 1137 2103 pr.

184 2112 231 2130 va.
260 2121 296 2124 —
334 2102 362 2142 7)
389 2105 503 2140 fratri-s·
526 2106 580 2132 Gu.
605 2109 632 2137 2.
657 2124 696 2128 —
718 2118 774 2136 om.
799 2109 828 2138 Ζ,
854 2125 894 2130 -
925 2111 955 2143 8)
978 2114 1050 2135 sunt
1074 2119 1135 2136 voc.

186 2145 243 2173 Gu.
270 2147 296 2176 1.
325 2147 352 2176 2.
387 2162 422 2167 -
461 2148 729 2185 9)emi11e!srftll
761 2152 792 2179 Z.
820 2168 855 2172 —
897 2153 940 2186 10)
965 2152 1017 2179 Ed.
1049 2150 1135 2180 Goth,

192 2188 296 2225 Tingi-5
323 2189 432 2215 cit'i'la-s'
468 2194 493 2216 et
531 2191 653 2219 thiS..
690 2192 762 2220 Cod.
795 2194 902 2223 Ziuav,
948 2194 1049 2229 Tingi-5
1088 2195 1136 2220 ‹⁵13-

185 2231 308 2265 vitane,
339 2232 426 2258 cuius
448 2233 626 2259 Lisantcus.
651 2249 690 2253 --
723 2236 779 2262 Gu.
802 2239 830 2266 2.
866 2238 969 2274 Uagia·
1001 2237 1137 2263 caritatis

185 2279 210 2300 εἰ
224 2274 401 2303 Lixaateus,
426 2290 466 2295 —-
490 2274 534 2303 Al.
559 2274 626 2303 edd.
648 2285 691 2312 pr.
715 2285 759 2303 va.
787 2277 895 2314 Tingi-s·
919 2285 943 2305 ιι
964 2278 1034 2305 liii-s·
1058 2280 1135 2305 civi-

185 2317 269 2344 tatis.
292 2333 332 2337 —
369 2316 414 2351 ll)
438 2316 486 2344 Sic
510 2317 539 2344 Z.
562 2316 604 2344 Ar
638 2335 675 2339 —
697 2324 787 2344 auden
812 2322 890 2357 vulg,
914 2336 955 2342 —
993 2322 1036 2355 12)
1061 2332 1136 2358 quae

186 2358 241 2387 Gu.
264 2360 293 2388 2.
322 2375 358 2379 —
409 2361 452 2393 13)
475 2359 544 2386 Sale
559 2360 691 2398 flumine
722 2360 777 2388 Gu.
801 2364 830 2392 2.
863 2379 903 2383 —
942 2366 983 2390 14)
1007 2365 1054 2390 Sic
1079 2364 1134 2391 Gn.

188 2403 213 2430 1.
236 2403 264 2431 2.
293 2411 340 2440 pr.
374 2410 418 2430 va.
450 2401 500 2431 Ar.
523 2417 564 2423 -
593 2408 636 2431 est
664 2402 735 2431 urbs
771 2404 851 2442 vulg.
886 2421 927 2425 —
967 2407 1009 2441 15)
1035 2405 1134 2443 oppid.

1453 1754 1539 1788 Urbs
1571 1760 1681 1787 autem
1711 1759 1818 1786 aratro
1856 1751 2025 1786 conditur:
2060 1762 2133 1783 ara-

1180 1894 1310 1924 Mauris,
1336 1893 1392 1922 Gu.
1418 1895 1442 1922 1.
1466 1908 1505 1912 —-
1533 1891 1574 1930 16)
1599 1891 1674 1919 illuc
1701 1891 1757 1919 Gu.
1773 1893 1801 1921 2.
1825 1890 1862 1918 al.
1887 1899 1932 1928 pr.
1955 1898 2001 1916 va.
2026 1904 2060 1907 —
2086 1887 2132 1925 17)

1180 1934 1385 1963 descendentes
1408 1935 1437 1962 Z.
1462 1934 1517 1962 Gu.
1535 1936 1560 1965 1.
1578 1937 1605 1964 2.
1639 1950 1679 1955 —-
1720 1936 1763 1967 18)
1786 1944 1822 1960 ac
1847 1933 1894 1960 Ar.
1927 1947 1963 1952 —
2001 1929 2049 1967 19)
2071 1940 2132 1957 no-

1180 1990 1244 2006 men
1270 1979 1400 2006 Iro-sium
1425 1978 1481 2007 Gu.
1499 1980 1529 2008 2.
1548 1992 1588 1997 —
1617 1976 1661 2014 20)
1686 1976 1773 2014 Vulg.
1800 1981 1841 2003 est
1864 1974 1986 2009 clatum,
2015 1972 2067 2001 sed
2089 1977 2131 1998 est

1181 2032 1238 2049 oin.
1264 2023 1318 2049 Gu.
1344 2024 1369 2052 1.
1394 2022 1420 2050 2.
1446 2036 1481 2041 --
1514 2018 1567 2047 dac
1591 2025 1632 2046 est
1657 2020 1687 2047 Z.
1720 2036 1757 2040 ——
1794 2022 1838 2052 2¹1)
1865 2018 1994 2054 Ctrelzen
2023 2016 2077 2044 Gn.
2104 2017 2130 2045 1.

1181 2067 1209 2094 ⁶2.
1233 2081 1273 2085 —
1305 2067 1349 2097 22)
1373 2074 1393 2090 <z
1416 2073 1478 2101 qua
1504 2062 1551 2091 Ar.
1577 2079 1615 2083 —--
1655 2065 1701 2098 23)
1721 2073 1778 2099 pro
1803 2072 1858 2090 om.
1885 2060 1939 2088 Gu.
1959 2061 1987 2089 2.
2014 2076 2049 2079 -
2082 2058 2130 2093 24)

1180 2108 1347 2134 consciscat
1381 2106 1645 2143 plurimorumque
1679 2106 1758 2132 vitas
1790 2105 1924 2131 consolat
1955 2101 2011 2130 Gu.
2036 2102 2062 2131 l·
2091 2118 2128 2122 —

1180 2152 1228 2185 25)
1250 2148 1297 2176 sic
1322 2149 1378 2176 Gu.
1406 2151 1431 2179 1.
1454 2164 1494 2169 -—-
1517 2154 1575 2175 tres
1599 2154 1700 2175 mmm
1728 2152 1801 2174 sunt
1824 2146 1902 2183 vulg.
1928 2160 1962 2165 —·
1986 2150 2045 2171 tres
2067 2153 2129 2170 au-

1179 2198 1236 2219 lem
1263 2202 1323 2220 suc.
1353 2197 1424 2218 «mut
1456 2192 1510 2218 Gu.
1536 2193 1565 2221 2.
1587 2206 1628 2212 —
1663 2196 1733 2218 sunt
1755 2200 1810 2217 oni.
1839 2189 1871 2216 Z.
1901 2204 1941 2208 -—-
1973 2185 2021 2223 26)
2053 2185 2128 2224 quia

1181 2236 1234 2262 Gu.
1259 2236 1285 2264 2.
1312 2249 1347 2254 -
1393 2235 1437 2270 27)
1461 2234 1509 2261 Sic
1533 2234 1562 2263 Z.
1589 2234 1644 2261 Gu.
1669 2236 1694 2264 1.
1718 2233 1763 2261 cd.
1787 2230 1876 2260 Goth.
1896 2248 1932 2252 —
1958 2229 2054 2256 orbem
2079 2227 2125 2255 Ar.

1181 2293 1218 2298 -—-
1243 2276 1311 2303 orbe
1333 2276 1412 2313 vulg.
1449 2292 1487 2297 —-
1528 2279 1572 2310 25)
1603 2276 1671 2302 orbe
1703 2286 1746 2303 va.
1778 2290 1814 2296 -
1846 2268 1918 2301 itt-he
1946 2272 1978 2299 Ζ.
2008 2286 2041 2291 -
2079 2268 2124 2307 29)

1181 2319 1289 2346 Versus
1313 2323 1356 2346 est
1379 2329 1393 2347 e
1423 2318 1539 2347 duobus
1564 2318 1677 2355 Virgilii
1707 2318 1781 2347 locis
1813 2316 1966 2344 conflatus.
2011 2311 2124 2340 Verba:

1182 2362 1365 2399 Optavitque
1383 2362 1482 2389 locum
1502 2372 1593 2398 regno
1619 2365 1687 2388 sunt
1718 2371 1754 2388 ex
1777 2361 1846 2389 Aen.
1874 2358 1890 2385 l.
1918 2356 1967 2391 lli,
1996 2357 2062 2386 109.
2082 2371 2124 2376 —

1179 2414 1227 2433 vv.
1241 2410 1267 2431 et
1290 2403 1463 2432 concludere
1485 2405 1568 2431 sulco
1591 2412 1627 2431 ex
1650 2403 1719 2431 Aen.
1744 2401 1853 2436 1‚425.
1897 2398 2027 2426 Similem
2044 2397 2122 2425 duo-
