2264 2830
795 135 1042 172 ORlGlNUM
1070 137 1217 172 LIBER
1245 139 1302 174 Vl.
1956 146 2028 180 187

244 233 280 268 6.
333 233 556 266 Numerorum
580 230 665 264 liber
692 236 848 278 vocatur,
885 242 926 265 eo
953 231 1048 275 quod
1081 232 1113 264 in
1147 243 1189 266 eo
1223 245 1378 279 egressae
1412 235 1456 267 de
1487 234 1650 280 Aegypto
1681 235 1786 268 tribua
1814 235 2027 272 dinumeran-

81 283 189 328 tur³⁰,
215 291 250 319 et
276 284 496 329 quadraginta
523 283 663 316 duarum
688 294 748 327 per
776 284 949 318 heremum
977 285 1184 318 mansionum
1212 286 1245 318 in
1273 298 1314 319 eo
1342 287 1523 331 descriptio
1551 284 1778 321 continetur³'.

250 337 281 370 7.
334 335 631 369 Deuteronomium
660 335 793 370 Graeco
817 347 969 369 sermone
995 336 1197 380 appellatur,
1225 338 1318 381 quod
1351 338 1469 372 Latine
1497 339 1729 384 interpretatur
1740 335 1765 357 ³²
1793 340 1938 373 secunda
1965 342 2028 383 lex,

82 388 118 421 id
147 393 194 422 est
219 388 372 433 repetitio
382 383 407 403 ³³
434 392 466 419 et
493 387 706 431 evangelicae
734 388 818 432 legis
844 388 1103 432 praefiguratio,
1137 400 1223 431 quae
1233 386 1257 405 ³¹
1284 390 1330 423 sic
1357 402 1396 423 ea
1424 391 1544 434 habet,
1580 403 1666 435 quae
1692 387 1841 436 priora*
1863 398 1955 435 sunt,
1992 399 2029 429 nt.

82 445 194 474 tamen
221 452 307 473 nova
333 439 395 472 sint
415 438 544 478 omnia,
570 450 658 481 quae
685 440 716 471 in
744 451 785 472 eo
812 440 1023 484 replicantur.

247 492 280 525 8.
332 491 430 523 losue
457 490 542 523 liber
565 502 686 523 nomen
714 493 846 536 accepit
872 504 892 524 a
918 492 993 525 lesu
1003 488 1028 507 ³⁴⁵
1054 490 1123 523 filio
1151 491 1265 531 Nave,
1292 492 1383 525 cuius
1396 488 1422 509 ³⁷
1447 492 1619 527 historiam
1646 494 1804 535 continet,
1829 495 2027 540 scriptorem

82 554 163 576 vero
198 543 268 576 eius
302 542 443 575 eundem
477 542 573 574 losne
605 543 751 575 Hebraei
786 540 984 584 asserunt³⁸,
1020 543 1052 575 in
1085 543 1175 576 cuius
1203 548 1358 577 contextu
1371 540 1395 561 ³⁹
1421 549 1500 588 post
1531 545 1681 578 Iordanis
1716 547 1889 580 transitum
1923 558 2028 592 regna

82 594 228 628 hostium
257 595 503 635 subvertuntur,
533 599 619 626 terra
646 595 777 639 populo
806 595 962 628 dividitur
989 599 1021 627 et
1048 605 1109 638 per
1135 594 1281 639 singulas
1309 596 1423 637 urbes,
1458 596 1600 639 viculos,
1630 603 1759 632 montes
1793 603 1893 642 atque
1920 600 2025 632 conli-

83 647 137 680 nia
164 642 364 680 ecclesiae⁴⁰
390 645 607 689 caelestisque
636 647 849 680 Hierusalem
873 646 1030 691 spiritalia
1041 643 1063 662 ⁴¹
1093 658 1197 690 regna
1223 648 1503 692 praefigurantur.

246 696 280 730 9.
332 693 520 730 Indicum*²
547 696 770 731 nominatur⁴³
786 711 804 731 a
831 699 1036 743 principibus
1063 699 1194 743 populi,
1221 699 1277 742 qui
1304 700 1522 743 praefuerunt
1547 701 1579 733 in
1598 700 1699 734 lsrael
1726 704 1801 744 post
1822 700 1967 745 Moysen
1995 707 2029 737 et

84 748 199 791 Iosue,
226 753 401 792 antequam
430 749 538 781 David
567 754 598 782 et
626 750 746 783 caeteri
773 762 870 795 reges
899 751 1079 783 existerent.
1134 750 1271 783 Samuel
1299 751 1389 786 hunc
1415 752 1538 785 librum
1565 752 1706 785 edidisse
1733 750 1921 786 creditur⁴¹.

248 800 352 833 Liber
378 800 516 834 Samuel
547 801 696 834 eiusdem
719 801 882 835 Samuelis
908 801 1110 835 nativitatem
1142 807 1176 835 et
1201 803 1423 837 sacerdotium
1451 809 1484 838 et
1497 800 1521 821 '¹5
1547 809 1644 849 gesta
1671 803 1846 845 describit,
1873 804 1994 839 iccirco
2005 802 2030 822 ⁴⁶

83 856 117 885 et
142 852 185 885 ab
211 863 252 885 eo
280 863 402 885 nomen
429 853 570 896 accepit.

250 903 307 936 10.
360 904 407 936 Et
433 904 583 947 quamvis
609 902 668 937 hic
694 903 781 937 liber
808 903 889 937 Saul
917 908 949 936 et
976 903 1085 936 David
1120 903 1291 937 historiam
1320 906 1504 947 contineat,
1541 910 1652 939 tamen
1685 905 1817 949 utrique
1832 901 1855 920 ⁴⁷
1883 904 1926 939 ad
1960 904 2030 939 Sa-

83 950 210 987 muelffl
236 955 442 995 reseruntur,
470 955 548 998 quia
575 955 646 1000 ipse
674 956 765 988 unxit
786 956 868 988 Saul
894 955 925 988 in
952 952 1146 1000 regnum⁴⁹‚
1175 957 1246 1000 ipse
1273 958 1383 991 David
1410 959 1444 991 in
1471 954 1623 1003 regem⁵⁰
1649 957 1805 991 futurum.
1861 956 1961 990 Cuius
1989 957 2030 989 li-

80 1005 134 1038 bri
167 1006 309 1050 primam
349 1012 478 1052 partem
516 1007 709 1051 conscripsit
749 1006 839 1040 idem
879 1007 1036 1051 Samuel,
1087 1008 1256 1052 sequentia
1302 1021 1381 1044 vero
1424 1010 1492 1044 eius
1539 1021 1642 1053 usque
1691 1008 1734 1042 ad
1779 1008 1910 1043 calcem
1950 1009 2030 1043 scri-

82 1057 149 1102 psit
174 1058 293 1092 David.

246 1109 305 1143 ll.
358 1105 578 1142 Melachim⁵¹
605 1108 748 1154 proinde
775 1110 984 1154 appellatur,
1021 1122 1062 1143 eo
1090 1110 1183 1153 quod
1211 1123 1306 1156 reges
1334 1111 1437 1144 Iudae
1449 1108 1473 1128 ⁵²
1501 1116 1534 1145 et
1558 1110 1758 1145 Israeliticae
1784 1111 1892 1156 gentis
1919 1116 2031 1157 gesta-

82 1171 149 1203 que
176 1172 292 1194 eorum
319 1173 381 1206 per
408 1162 560 1194 ordinem
585 1160 717 1206 digerat
743 1165 945 1205 temporum.
999 1160 1221 1195 Melachim³³
1248 1164 1335 1196 enim
1362 1163 1542 1204 Hebmice,
1569 1163 1687 1196 Latine
1707 1163 1843 1207 Regum
1868 1163 2031 1207 interpre-

81 1216 178 1245 tatur.
232 1213 332 1247 Hunc
359 1213 478 1246 librum
506 1213 632 1257 primus
653 1212 809 1246 Ieremias
820 1209 844 1229 ᾗ*
870 1214 904 1246 in
931 1224 1034 1246 unum
1061 1214 1218 1246 volumen
1246 1214 1368 1258 coegit.
1411 1215 1499 1247 Nam
1523 1220 1618 1246 antea
1639 1225 1767 1258 sparsus
1795 1218 1864 1247 erat
1881 1226 1943 1259 per
1965 1214 2030 1246 sin-

83 1263 242 1308 gulorum
252 1261 277 1282 ⁵⁵
303 1276 423 1310 regum
451 1264 614 1296 historias,

250 1315 309 1348 12.
363 1316 645 1359 Paralipomenon
673 1314 806 1347 Graece
832 1313 968 1354 (licitur,
996 1314 1089 1358 quod
1118 1315 1435 1359 praetermissorum,
1461 1315 1516 1348 vel
1543 1315 1748 1358 reliquorum
1776 1314 1887 1348 dicere
1899 1311 1923 1331 ⁵⁶
1949 1326 2025 1360 pos-

85 1376 216 1406 sumus,
247 1367 323 1409 quia
351 1379 408 1407 ea,
442 1379 529 1409 quae
555 1367 588 1398 in
614 1367 693 1410 lege
720 1366 772 1397 vel
795 1365 827 1397 in
839 1361 863 1381 ⁵⁷
890 1377 1010 1410 regum
1032 1366 1124 1399 libris
1153 1367 1203 1399 vel
1235 1367 1372 1407 omissa,
1399 1366 1453 1399 vel
1479 1378 1546 1400 non
1573 1362 1708 1411 plene⁵³
1745 1366 1850 1399 relata
1877 1371 1964 1408 sunt,
1996 1367 2030 1399 in

84 1417 146 1449 isto
174 1418 360 1451 summatim
387 1429 427 1451 ac
438 1415 463 1435 ⁵⁹
488 1418 633 1451 breviter
659 1417 877 1461 explicantur.

254 1469 312 1502 13.
365 1470 504 1502 Librum
532 1469 593 1501 lob
620 1468 757 1511 quidam
783 1468 926 1511 Moysen
948 1467 1116 1510 scripsisse
1139 1467 1352 1508 arbitrantur,
1388 1468 1443 1500 alii
1463 1479 1565 1501 unum
1594 1479 1633 1501 ex
1659 1466 1853 1512 prophetiS,
1881 1468 2031 1501 nonnulli

86 1531 167 1554 vero
194 1521 338 1554 eundem
365 1521 427 1553 lob
454 1524 532 1564 post
558 1520 697 1564 plagam
725 1519 884 1563 passionis
910 1516 1024 1552 suaeffl
1051 1519 1234 1552 existimant
1261 1520 1457 1564 scriptorem
1482 1516 1628 1560 fuissem,
1655 1519 1868 1561 arbitrantes,
1895 1524 1948 1561 ut,
1976 1520 2032 1564 qui

85 1572 265 1608 certamina
291 1572 445 1616 spiritalis
455 1568 480 1588 ⁶²
506 1583 642 1616 pugnae
668 1571 833 1612 sustinuit,
859 1571 931 1615 ipse
954 1575 1118 1613 narraret,
1146 1582 1228 1613 quas
1254 1571 1407 1604 victorias
1430 1568 1643 1616 expedivitffl.

251 1623 310 1656 1⁴.
361 1623 529 1668 Principia
563 1628 674 1656 autem
710 1629 742 1655 et
775 1619 890 1655 finesffl
916 1623 991 1655 libri
1018 1622 1080 1654 Iob
1114 1622 1205 1666 apud
1240 1623 1414 1656 Hebraeos
1446 1618 1635 1667 prosaicaffi
1662 1622 1812 1655 oratione
1846 1619 2032 1656 contextam

82 1680 174 1717 sunt,
208 1675 320 1708 media
347 1680 457 1708 autem
484 1675 587 1719 ipsius
615 1675 657 1707 ab
686 1685 726 1707 eo
751 1673 851 1715 loco,
885 1674 918 1707 in
941 1685 1008 1718 qno
1036 1674 1098 1707 ait:
1130 1678 1259 1719 pereat
1284 1674 1361 1708 dIes
1387 1676 1422 1707 in
1455 1670 1560 1719 qua‘3⁷
1594 1677 1697 1707 natus
1720 1685 1817 1714 svm,
1856 1685 1960 1717 usque
1989 1674 2031 1706 ad

81 1739 163 1761 ¹eum
185 1726 318 1760 locum:
345 1724 514 1760 idcirco‘ffl
542 1723 643 1772 egoffl'
663 1737 719 1759 me
741 1726 963 1771 reprehendo
990 1729 1022 1759 ct
1043 1736 1118 1771 ago
1135 1726 1395 1771 poenitentiam,
1422 1727 1533 1760 omnia
1554 1725 1693 1760 heroico
1714 1730 1822 1759 metro
1839 1725 2030 1759 discurrunt.

87 1833 114 1861 1.
137 1844 178 1850 ——
207 1833 289 1856 textu
311 1827 393 1865 vulg.
419 1843 456 1849 —
491 1827 538 1867 40)
561 1828 685 1856 ccclesia
716 1828 772 1857 Gu.
790 1829 821 1858 2.
846 1843 887 1849 —-
915 1828 964 1864 41)
987 1826 1037 1855 Sic
1075 1829 1200 1866 primus
1221 1838 1267 1857 va.
1282 1844 1327 1851 -—
1352 1827 1399 1867 55)
1420 1828 1564 1866 singulas
1578 1827 1614 1855 al.
1634 1845 1675 1849 —
1698 1825 1744 1866 56)
1754 1827 1905 1865 Vulg.nos
1927 1826 2030 1863 dicem,

86 1873 142 1900 Gu.
158 1874 184 1903 1.
209 1887 246 1892 —
269 1870 450 1909 spiritualia
471 1871 551 1909 vulg.
577 1887 620 1893 —-
654 1872 702 1907 4⁶2)
725 1869 868 1899 Indicum
893 1870 967 1898 liber
989 1880 1035 1899 va.
1078 1871 1130 1899 sed
1152 1881 1206 1899 nos
1229 1881 1286 1900 om.
1313 1872 1369 1900 Gu.
1395 1874 1420 1902 1.
1448 1887 1489 1893 —
1518 1871 1550 1898 In
1577 1871 1632 1899 (ιύ.
1655 1872 1683 1902 2.
1705 1879 1752 1899 va.
1774 1874 1842 1908 post
1865 1869 1950 1908 quod
1971 1870 2031 1898 eol-

84 1929 127 1937 —-
149 1914 197 1949 45)
220 1913 269 1940 Sic
293 1914 350 1941 Gu.
373 1916 399 1944 1.
421 1915 450 1943 2.
466 1923 512 1951 pr.
528 1924 572 1941 va.
596 1914 646 1942 Ar.
672 1930 709 1935 -
733 1915 931 1942 nominantur
953 1913 1032 1950 vulg.
1078 1915 1213 1951 locatur,
1245 1919 1278 1942 ut
1304 1914 1378 1943 fecit
1401 1913 1487 1942 Arev.
1512 1930 1550 1934 —-
1578 1910 1626 1950 57)
1649 1914 1681 1941 t'n
1705 1923 1762 1941 om.
1788 1913 1844 1941 Gu.
1866 1915 1894 1943 2.
1917 1923 1963 1951 pr.
1984 1923 2030 1941 va.

84 1972 127 1978 —
162 1956 212 1994 44)
239 1955 289 1983 Sic
319 1955 373 1984 Gu.
399 1958 425 1986 1.
450 1971 487 1977 —·
512 1956 598 1994 Vulg.
634 1958 730 1985 Hunc
751 1956 864 1984 librum
890 1961 915 1982 et
946 1955 1033 1983 Ram
1075 1972 1117 1978 —
1150 1957 1198 1992 53)
1218 1957 1311 1994 plena
1327 1967 1374 1996 pr.
1393 1966 1438 1984 va.
1465 1971 1502 1977 —
1532 1953 1581 1995 59)
1602 1955 1651 1983 Sic
1677 1955 1733 1983 Gu.
1756 1957 1783 1986 1.
1801 1958 1884 1986 2.·-
1901 1961 1927 1982 et
1949 1956 2031 1994 vulg.

86 1998 216 2028 edidisse
239 1997 371 2026 creditur
393 1999 526 2028 Scmzuel.
550 2000 606 2027 Gu.
624 2002 650 2030 1.
667 2002 698 2031 2.
714 2004 742 2027 et
764 2000 800 2028 al.
819 2009 877 2027 om.
897 2004 923 2026 et
936 1998 1031 2027 Rath.
1077 2016 1114 2021 —
1143 1999 1191 2039 60)
1215 2000 1263 2027 Sic
1293 2001 1348 2028 Gu.
1369 2002 1396 2030 1.
1421 2016 1458 2021 -
1479 2008 1554 2026 Suae
1572 2008 1657 2036 pas-5.
1680 1998 1761 2035 vulg.
1783 2013 1825 2019 —
1845 1999 1892 2032 61)
1909 1998 1957 2026 Sic
1973 1998 2029 2027 Gu.

87 2042 170 2071 Idem
194 2046 290 2069 tamen
314 2040 388 2069 dicit
411 2040 460 2068 lib.
482 2040 505 2070 I.
531 2041 567 2070 de
591 2042 669 2071 offic.
694 2043 775 2071 Ecel.
798 2052 821 2070 c.
848 2043 911 2078 12.²
944 2050 1036 2079 quare
1082 2045 1108 2073 1.
1126 2059 1165 2064 -—
1180 2044 1284 2080 script.
1299 2044 1403 2080 fuisse
1425 2042 1510 2069 exist.
1532 2040 1619 2078 Vulg.
1634 2057 1676 2063 -—
1698 2041 1863 2070 aestimant
1886 2040 2026 2073 δαὶ-

86 2084 275 2114 retinendum
297 2088 397 2112 censet
420 2082 512 2112 Grial.
532 2099 575 2105 ——
610 2086 660 2122 45)
683 2090 709 2112 et
732 2095 789 2115 om.
813 2085 908 2114 Gu.1.
925 2100 964 2104 -
987 2081 1035 2124 46)
1079 2083 1127 2125 62)
1149 2085 1198 2113 Sic
1215 2085 1270 2115 Gu.
1295 2088 1321 2116 1.
1336 2088 1363 2116 2.
1387 2094 1434 2113 va.
1457 2101 1495 2105 —
1512 2084 1691 2122 spiritualis
1713 2083 1762 2112 Ar.
1786 2092 1832 2122 pr.
1853 2099 1896 2105 —
1917 2085 2029 2121 specio.

87 2127 136 2155 Sic
158 2128 214 2155 Gu.
241 2130 318 2158 1.—
338 2125 451 2154 idcirco
478 2126 560 2164 vulg.
582 2142 624 2148 -—
645 2129 692 2165 47)
706 2128 755 2156 Sic
779 2128 835 2155 Gu.
853 2130 878 2158 1.
894 2126 1033 2163 -Vulg.
1080 2127 1120 2154 lic
1142 2128 1223 2164 vulg.
1270 2127 1340 2156 cod.
1366 2130 1392 2159 1.
1415 2126 1510 2155 Tolet.
1539 2125 1617 2164 goth.
1643 2131 1674 2155 et
1696 2126 1808 2155 Lucan.
1839 2125 1918 2155 clare
1938 2127 2028 2164 apiri-

87 2171 207 2209 utrique
229 2175 337 2199 tamen.
351 2185 384 2190 —
399 2168 452 2196 Va.
467 2174 589 2207 uterque
612 2175 777 2199 tamen.—-
799 2168 846 2210 48)
857 2168 900 2196 ad
913 2168 1039 2197 Samuel
1079 2171 1190 2205 malis,
1216 2170 1264 2198 alii
1287 2180 1353 2199 mss.
1378 2175 1406 2198 et
1430 2169 1502 2198 editi
1525 2169 1555 2197 in
1575 2169 1752 2208 compendio
1776 2168 1930 2197 literarum
1953 2168 2027 2196 indi-

87 2213 125 2241 al.
147 2223 204 2241 om.
232 2228 275 2233 —
303 2211 348 2249 49)
372 2212 404 2238 in
426 2221 524 2249 regem
546 2211 582 2239 al.
603 2227 646 2234 --
672 2214 720 2249 50)
745 2214 776 2240 in
798 2222 895 2250 regem
919 2212 955 2240 al.
978 2222 1035 2239 om.
1079 2217 1148 2241 eant
1171 2213 1256 2241 etiam
1280 2213 1465 2251 spiritualis.
1487 2227 1530 2233 ——
1565 2212 1610 2247 63)
1633 2212 1772 2250 επρείίνίί
1797 2211 1853 2239 Gu-
1867 2214 1894 2243 2.
1919 2226 1956 2232 -
1979 2207 2025 2249 64)

87 2272 128 2277 —
149 2254 196 2294 51)
217 2254 389 2282 stlalachim
412 2255 467 2285 (αὐ.
493 2255 519 2284 1-
542 2264 589 2292 pr.
611 2264 657 2281 va.
680 2270 722 2276 -
749 2253 796 2294 52)
827 2254 959 2283 Iudaeae
978 2255 1033 2282 Gu.
1069 2254 1755 2294 finisGu.2.—65)pr⁴osaGu.2.Arev.—66)
1767 2259 1848 2282 texta
1857 2252 2025 2282 Gu.2.al.-

89 2301 116 2330 1·
142 2313 184 2320 ··-
211 2295 258 2335 53)
281 2296 451 2324 Malaclaim
474 2296 530 2323 GU·
555 2299 581 2326 1-
603 2298 631 2327 2.
659 2306 705 2324 va.
727 2296 757 2326 h.
776 2297 796 2325 l.
820 2302 849 2326 et
871 2302 1033 2336 postea.--
1078 2301 1205 2326 contexit
1228 2299 1266 2327 al.
1292 2314 1329 2320 —
1362 2297 1410 2337 67)
1432 2299 1463 2325 in
1487 2308 1542 2325 0111.
1566 2296 1635 2325 edit.
1659 2296 1799 2325 Gothofr.
1822 2312 1861 2317 -
1888 2305 1944 2332 qao
1967 2303 2022 2322 om.

87 2340 237 2368 stlalclzim
248 2349 294 2378 pr.
318 2358 355 2362 -
380 2338 540 2366 melachim
559 2338 633 2366 liber
650 2339 686 2367 al.
703 2354 746 2361 —
767 2350 892 2378 regnum
915 2350 970 2378 pro
986 2351 1034 2368 re·
1077 2342 1109 2368 in
1133 2341 1188 2370 Gu.
1204 2344 1232 2373 2.
1277 2341 1374 2369 Locus
1398 2345 1441 2369 est
1462 2340 1524 2368 lob.
1547 2350 1571 2367 e.
1598 2341 1632 2376 3,
1656 2342 1683 2370 3.
1705 2355 1746 2360 -
1769 2339 1813 2374 68)
1829 2335 1942 2364 idcirco
1965 2345 2021 2364 om.

85 2393 160 2421 gum
182 2382 220 2411 al.
257 2398 292 2403 -
321 2380 368 2422 54)
385 2382 434 2410 Sic
456 2382 511 2410 Gu.
533 2383 558 2412 1.
584 2398 624 2402 —
652 2381 752 2410 λε’-ειη.
775 2385 866 2421 prim.
887 2383 968 2421 vulg.
993 2398 1033 2405 —
1078 2383 1132 2413 Gu.
1158 2386 1177 2414 2
1205 2399 1249 2406 —-·
1271 2384 1319 2420 69)
1336 2385 1398 2422 ipse
1423 2384 1478 2412 Gu.
1495 2385 1523 2413 2.
1560 2383 1656 2410 Locus
1678 2386 1722 2410 est
1743 2379 1805 2409 Iob.
1831 2388 1855 2406 c.
1877 2379 1928 2415 42,
1950 2379 1979 2409 6.

1500 2426 1612 2459 Aa*
