2203 2829
198 125 248 160 66
895 121 1074 157 lsmom
1101 120 1282 156 HISPAL.
1308 120 1451 156 EPISC.

199 225 265 263 tes,
291 223 428 264 petrae,
450 216 596 251 flumina.
647 214 847 259 Libystieae
873 220 1005 260 autem,
1033 215 1114 249 dum
1140 215 1315 249 hominum
1342 227 1420 250 cum
1445 215 1574 258 bestiis,
1601 220 1657 250 ant
1687 217 1866 251 bestiarum
1893 228 1970 251 cum
1998 217 2145 252 homini-

199 273 260 306 bus
286 271 423 316 fingitur
449 270 541 303 vocis
568 279 637 301 esse
664 268 910 301 commercium.

366 321 400 356 3.
453 320 600 354 Fabulas
634 324 757 364 poetae
789 318 951 362 quasdam
985 317 1177 351 delectandi
1213 329 1312 352 causa
1344 318 1523 359 finxerunt,
1559 319 1721 362 quasdam
1759 319 1802 352 ad
1838 318 1993 353 naturas¹
2023 332 2144 362 rerum,

202 373 375 407 nonnullas
402 372 446 406 ad
473 383 581 405 mores
608 370 784 403 hominum
806 369 1009 415 interpretati
1043 375 1125 402 sunt.
1178 369 1377 404 Delectandi
1410 379 1509 402 causa
1542 370 1636 404 fictas
1648 369 1676 412 ²,
1713 376 1749 404 ut
1776 370 1874 413 eas³,
1909 368 2012 415 quas⁴
2038 372 2144 417 vulgo

202 425 333 466 dicunt,
360 425 414 457 vel
440 421 546 467 qnas⁵
572 422 708 455 Plautus
735 427 767 455 et
793 422 971 455 Terentius
997 426 1265 465 composuerunt.

366 475 400 508 4.
451 474 508 508 Ad
534 478 683 507 naturam
711 484 820 506 rerum
847 474 978 518 fingunt
1004 469 1179 513 fabulas⁶‚
1213 478 1249 506 ut
1280 472 1457 505 Vulcanus
1482 472 1651 514 claudus,
1692 473 1770 517 quia
1799 485 1968 518 nunquam
1995 485 2057 518 per
2083 485 2144 506 na·

202 523 332 560 turam⁷
358 531 468 560 rectus
496 531 544 559 est
570 525 671 570 ignis,
695 530 730 559 ut
756 525 815 557 illa
842 525 1016 571 trej'ormis
1042 523 1163 567 bestia,

430 577 557 610 Prima
584 577 654 617 leo,
676 580 856 622 postrema
881 577 1005 619 draco,
1032 575 1151 608 media
1178 575 1258 620 ipsa
1288 574 1481 608 Chimaera
1497 572 1526 606 ⁸.-

203 628 237 660 id
257 633 306 661 est
333 639 466 672 caprea,
492 634 615 661 aetates
639 628 812 661 hominum
839 640 901 673 per
928 639 1001 661 eam
1028 627 1175 659 volentes
1203 626 1422 670 ‹listinguere;
1449 637 1590 669 quarum
1612 625 1707 659 ferox
1735 631 1783 660 est
1810 631 1842 660 et
1861 623 2019 660 horrens⁹
2036 627 2144 671 prima

204 679 448 720 adolescentia,
484 685 518 713 ut
545 680 617 718 leo3
652 679 827 712 dimidium
856 680 941 712 vitae
956 676 980 696 ¹⁰
1005 683 1136 722 tempus
1164 678 1419 718 lucidissimum,
1456 682 1491 710 ut
1518 688 1658 722 caprea,
1695 689 1736 710 eo
1763 678 1855 721 quod
1883 679 2067 712 acutissime
2094 679 2144 711 vi-

204 731 299 771 deat3
324 736 402 764 tunc
428 728 498 764 fit¹¹
522 736 671 764 senectus
698 731 827 764 casibus
852 731 1022 764 subiacens
1033 726 1056 746 ¹²
1084 729 1224 770 inflexis,
1252 734 1287 761 ut
1314 729 1429 764 draco.

370 782 404 815 5.
457 782 515 816 Sic
542 788 575 815 et
599 782 880 827 Hippocentauri
905 782 1055 815 fabulam
1089 792 1157 813 esse
1184 781 1381 823 confictam,
1418 779 1451 812 id
1480 784 1547 820 est,
1582 778 1754 812 hominem
1790 792 1878 824 equo
1912 781 2068 821 mixtum,
2099 779 2143 813 ad

206 833 458 879 exprimendam
472 830 494 850 ¹³
521 833 688 868 humanae
716 834 799 866 vitae
825 834 1057 873 velocitatem,
1079 833 1156 876 quia
1183 843 1303 875 equum
1329 836 1455 865 constat
1482 843 1552 865 esse
1578 831 1832 865 velocissimum.

370 884 404 917 6.
457 885 512 918 Ad
540 897 666 926 mores,
694 890 729 918 ut
751 885 841 930 apud
863 885 1040 918 Horatium
1068 896 1139 916 nius
1167 884 1314 927 loquitur
1340 883 1442 926 muri,
1470 883 1609 916 mustela
1635 883 1851 927 vulpeculae,
1879 889 1914 916 ut
1940 894 2004 928 per
2030 893 2143 915 narra-

205 936 329 969 tionem
357 937 470 970 fictam
497 937 540 969 ad
567 937 602 969 id
628 937 720 981 quod
748 937 858 981 agitur
883 948 981 970 verax
1007 935 1203 980 significatio
1229 935 1399 971 referatur.
1457 934 1559 968 Unde
1586 939 1619 967 et
1644 934 1772 979 Aesopi
1798 935 1879 968 tales
1894 931 1917 952 ¹⁴
1943 938 2017 968 sunt
2043 933 2143 966 sabu-

207 987 260 1020 lae
271 984 294 1004 ¹⁵
320 988 364 1021 ad
391 999 521 1021 morum
548 989 649 1022 finem
675 988 818 1026 relatae,
843 989 896 1021 vel
923 989 1007 1021 sieut
1039 989 1074 1020 in
1102 988 1188 1019 libro
1223 986 1375 1020 ludicum
1401 986 1491 1031 ligna
1519 986 1579 1019 sibi
1606 998 1722 1030 regern
1750 986 1917 1030 requirunt
1944 992 1976 1019 et
2001 986 2144 1028 loquun-

206 1044 259 1071 tur
271 1037 294 1058 ¹⁶
322 1039 364 1073 ad
400 1040 522 1072 olivam
535 1037 558 1057 ¹⁷
593 1046 626 1073 et
650 1040 693 1072 ad
722 1040 822 1073 {icum
851 1046 884 1072 et
909 1040 953 1072 ad
980 1039 1079 1071 vitem
1114 1044 1145 1071 et
1178 1038 1221 1070 ad
1257 1039 1393 1080 rubum,
1434 1038 1527 1081 quod
1557 1043 1661 1070 totuin
1697 1038 1809 1082 utique
1836 1038 1879 1070 ad
1907 1049 2016 1070 mores
2043 1036 2144 1081 lingi-

206 1095 258 1123 tur
272 1087 315 1132 ¹⁵⁴,
347 1096 381 1123 ut
408 1091 451 1123 ad
485 1103 575 1133 rem,
609 1103 696 1135 quae
721 1091 915 1133 intenditur,
951 1092 1028 1125 ficta
1055 1090 1191 1134 quidem
1224 1090 1409 1122 narratione
1422 1085 1463 1129 ¹⁹,
1499 1089 1556 1122 sed
1585 1089 1693 1122 veraci
1720 1089 1959 1135 significatione
1986 1088 2141 1122 veniatur.

371 1142 404 1176 7.
459 1142 515 1175 Sic
542 1148 574 1175 et
600 1142 843 1176 Demosthenes
871 1148 983 1175 orator
1009 1142 1123 1174 fabula
1150 1137 1258 1173 usus²⁰
1285 1146 1334 1174 est
1359 1141 1514 1174 adversus
1540 1140 1755 1185 Philippum,
1783 1142 1838 1184 qui
1867 1153 1942 1174 cum
1969 1141 2012 1173 ab
2033 1138 2144 1172 Athe-

205 1192 370 1224 niensibus
397 1194 598 1236 postularet,
626 1199 661 1226 ut
688 1195 748 1226 sibi
777 1194 896 1226 decem
925 1198 1073 1226 oratores
1100 1193 1273 1233 darentur,
1307 1190 1371 1225 et²¹
1399 1192 1602 1233 discederet,
1641 1193 1732 1224 linxit
1759 1193 1816 1225 ille
1849 1189 2051 1231 fabulam²²,
2077 1202 2143 1234 qua

205 1240 410 1282 suaderet²³,
451 1244 583 1285 dicens,
618 1245 716 1287 lupos
744 1242 959 1287 aliquando²⁴
991 1244 1193 1288 pastoribus,
1229 1254 1369 1285 quorum
1397 1243 1604 1287 diligentiam
1640 1244 1800 1287 decipere
1832 1244 2025 1283 voluissent,
2066 1254 2142 1274 sua—

204 1293 300 1336 sisse,
328 1298 363 1326 ut
390 1295 422 1327 in
450 1296 628 1328 amicitiam
653 1296 883 1336 convenirent,
913 1306 951 1327 ea
974 1300 1084 1327 tamen
1111 1294 1320 1334 conditione,
1348 1300 1384 1326 ut
1403 1291 1462 1326 si²5
1489 1305 1604 1335 canes,
1640 1295 1672 1326 in
1699 1296 1818 1338 quibus
1845 1301 1913 1328 erat
1941 1306 2039 1328 causa
2074 1294 2142 1326 iur-

204 1345 357 1389 giorum,
410 1343 515 1378 iure²⁰
540 1347 605 1379 illis
631 1347 855 1379 traderentur:
901 1347 1050 1379 annuisse
1077 1352 1225 1390 pastores
1261 1350 1293 1378 et
1327 1345 1359 1378 in
1393 1356 1486 1389 spem
1516 1345 1695 1379 securitatis
1729 1346 1860 1379 dedisse
1894 1357 2008 1385 canes,
2060 1355 2144 1387 quos

204 1396 314 1428 ovium
339 1408 472 1429 suarum
499 1398 761 1442 vigilantissimos
797 1398 950 1431 custodes
985 1397 1166 1430 habebant.
1220 1397 1319 1430 Tunc
1352 1397 1423 1441 lupi
1459 1397 1616 1441 adempta
1646 1398 1735 1430 omni
1770 1397 1947 1430 formidine
1960 1394 2000 1439 ²⁷,
2045 1407 2144 1428 omne

204 1447 296 1489 quod
324 1448 355 1479 in
382 1449 542 1492 gregibus
569 1449 631 1480 illis
659 1455 744 1489 erat,
772 1460 838 1480 non
865 1460 928 1492 pro
956 1449 1103 1480 satietate
1118 1453 1262 1488 tantum,
1290 1448 1348 1480 sed
1360 1446 1385 1464 ²⁶³
1406 1448 1504 1481 etiam
1532 1459 1595 1492 pro
1623 1449 1760 1481 libidine
1786 1449 2025 1483 laceraverunt.
2064 1447 2143 1480 Phi-

204 1498 335 1542 lippum
364 1496 535 1542 quoque2⁹
568 1500 734 1544 principes
761 1500 882 1544 populi
894 1497 919 1517 ³⁰
951 1500 1136 1544 postulare,
1177 1509 1244 1542 quo
1271 1498 1400 1532 facilius
1433 1499 1537 1543 possit
1549 1496 1570 1516 ³¹
1607 1500 1801 1544 opprimere
1828 1501 2005 1545 spoliatam
2032 1504 2143 1533 custo-

205 1549 303 1583 dibus
328 1550 453 1583 urbem.

798 1634 947 1668 CAP.
999 1635 1071 1668 XL.
1150 1634 1223 1668 De
1274 1634 1549 1668 Historia.

370 1718 402 1751 l.
455 1718 615 1753 Historia
642 1725 690 1752 est
715 1721 858 1753 narratio
885 1721 933 1752 rei
960 1725 1092 1765 gestae,
1120 1732 1182 1765 per
1209 1732 1309 1764 quain
1334 1731 1389 1760 ea,
1417 1731 1503 1763 quae
1537 1719 1569 1752 in
1602 1720 1781 1764 praeterito
1793 1716 1818 1737 ³²
1844 1721 1931 1754 facta
1964 1726 2053 1761 sunt,
2088 1719 2143 1753 di-

204 1773 383 1802 noscuntur
394 1766 429 1805 ³³.
482 1771 579 1805 Dicta
607 1776 717 1805 autem
740 1772 872 1806 Graece
898 1771 1034 1805 historia
1061 1770 1134 1808 α’πό
1161 1772 1229 1808 τοῦ
1255 1774 1426 1819 ἱστορεῖν,
1460 1772 1495 1806 id
1517 1768 1598 1804 est³⁴
1627 1783 1647 1804 a
1669 1771 1784 1805 videre
1810 1773 1861 1805 vel
1872 1769 1897 1789 ³⁵
1925 1782 2141 1817 cognoscere.

290 1885 318 1924 1)
342 1897 375 1914 ea:
389 1892 503 1915 natura
521 1888 556 1919 al.
579 1903 621 1910 ·—
643 1888 687 1917 ad
699 1895 845 1918 naturam
861 1890 913 1918 Ar.
935 1907 972 1911 --
1012 1892 1041 1926 2)
1057 1891 1154 1928 fictae

204 1931 257 1958 Ar.
278 1945 313 1951 —
335 1929 372 1959 al.
391 1940 448 1960 om.
477 1945 520 1952 —-·
549 1931 579 1968 3)
602 1942 651 1959 eae
667 1934 715 1961 Ar.
736 1948 777 1954 —
807 1930 836 1972 4)
859 1932 967 1971 qualos
992 1932 1028 1960 al.
1057 1948 1091 1954 ——
1124 1932 1152 1973 5)

204 1972 309 2010 quale-9
328 1972 386 2001 Gu.
403 1975 433 2003 2.
448 1972 500 2002 Ar.
524 1989 559 1994 --
585 1971 616 2014 6)
639 1975 688 2002 Sic
712 1975 768 2003 Gu.
782 1977 808 2006 1.
826 1991 867 1997 ——
880 1975 1152 2014 silbulasfingzmt

1196 1887 1244 1926 21)
1267 1888 1315 1917 Sic
1330 1889 1386 1917 Gu.
1410 1892 1435 1921 1.
1456 1891 1483 1920 2.
1502 1886 1552 1917 Ar.
1573 1898 1617 1927 pr.
1634 1898 1678 1917 va.
1701 1905 1742 1910 —
1766 1895 1798 1916 ut
1818 1889 1854 1917 al.
1882 1906 1921 1910 -—
1945 1890 1991 1917 vel
2006 1889 2084 1928 vulg.
2103 1906 2138 1912 -—-

1195 1931 1241 1969 921)
1265 1932 1344 1969 vulg.
1368 1930 1449 1959 hamc
1467 1931 1634 1969 fabulam,
1663 1932 1713 1960 sed
1732 1930 1812 1959 Ῐιαηι·
1833 1941 1889 1960 om.
1911 1932 1967 1960 Gu.
1986 1934 2012 1963 1.
2026 1933 2076 1962 Ar.
2099 1948 2141 1955 —-

1194 1974 1265 2002 hinc
1282 1976 1336 2003 Guv
1351 1975 1379 2004 2.
1405 1991 1443 1995 -
1467 1972 1513 2013 23)
1537 1974 1586 2000 Sic
1600 1973 1654 2001 Gu.
1676 1977 1701 2005 1.
1720 1984 1765 2013 pr.
1789 1991 1829 1996 —
1853 1973 2043 2002 dtr-suaderet
2059 1974 2139 2012 vulg.

203 2014 283 2052 vulg.
307 2014 498 2051 —fahulae
517 2016 687 2054 finguntur
717 2018 754 2045 al.
781 2034 822 2038 ——
851 2016 879 2056 7)
904 2017 953 2045 Sic
977 2018 1032 2046 Gu.
1062 2022 1087 2048 1.
1113 2036 1149 2040 -—
1195 2033 1235 2038 —
1258 2016 1304 2056 24)
1331 2017 1382 2044 Sic
1400 2016 1456 2045 Gu.
1472 2019 1497 2047 1.
1514 2018 1543 2046 2.
1563 2025 1609 2044 va.
1629 2016 1676 2044 Ar.
1703 2032 1739 2038 —
1764 2018 1943 2055 aliquorum
1960 2017 2027 2045 edit.
2051 2015 2140 2046 Goth.

198 2067 254 2094 per
276 2062 423 2084 naturam
444 2068 606 2096 nunquam
627 2060 707 2098 vulg.
722 2076 764 2082 —
789 2057 817 2099 S)
839 2060 951 2088 Lucret.
969 2060 1003 2095 V,
1028 2062 1097 2092 903.
1110 2076 1150 2081 —
1193 2075 1235 2081 —
1250 2061 1293 2097 25)
1316 2065 1347 2087 ul
1363 2059 1391 2085 εἰ
1408 2057 1463 2086 Gu.
1479 2060 1506 2089 1,
1524 2068 1567 2096 pr.
1580 2069 1625 2087 va.
1646 2059 1683 2088 al.
1702 2075 1743 2080 —
1766 2061 1794 2087 si
1810 2061 1907 2087 Ar.——-
1932 2062 1978 2094 20)
1997 2070 2070 2087 ‹ut-a
2083 2059 2139 2088 Gu.

203 2097 235 2138 9)
257 2105 298 2127 est
315 2099 416 2127 addidi
430 2110 445 2128 e
463 2100 559 2131 Gu.1.
573 2116 613 2122 —
638 2102 681 2140 10)
705 2102 753 2130 Sic
769 2101 825 2131 Gu,
847 2105 871 2133 1.
888 2119 930 2124 —
953 2102 1054 2130 rideat
1067 2103 1147 2139 vulg.
1195 2104 1220 2132 1.
1246 2120 1281 2123 —
1314 2100 1361 2138 27)
1375 2099 1568 2138 fortitudine
1582 2101 1619 2129 al.
1646 2119 1681 2123 —
1714 2105 1758 2135 28)
1783 2102 1831 2131 sic
1856 2102 1912 2129 Gu.
1930 2104 1955 2132 1.
1975 2118 2016 2123 —
2040 2112 2139 2130 verum

203 2157 244 2162 —
268 2139 313 2180 11)
336 2148 402 2170 lum
418 2143 457 2170 sit
479 2143 517 2173 al.
546 2160 587 2164 —
619 2144 664 2181 12)
688 2144 847 2172 subiacens
877 2144 979 2173 addidi
1005 2155 1020 2173 e
1043 2145 1099 2173 Gu.
1124 2149 1148 2176 1.
1191 2144 1270 2181 vulg.
1295 2162 1331 2166 ——
1364 2145 1408 2180 29)
1432 2143 1489 2171 hoc
1512 2154 1626 2182 quoque
1651 2143 1746 2180 vulg„
1773 2145 1825 2173 sed
1850 2154 1906 2172 om.
1924 2144 1980 2171 stoc
1994 2144 2048 2172 Gu.
2067 2147 2091 2176 1.
2109 2146 2138 2177 2.

203 2183 270 2213 cod.
289 2184 411 2214 Roman.
430 2195 476 2223 ap.
494 2185 585 2213 Gn'al.
610 2202 647 2208 ῳ
680 2187 726 2224 13)
749 2186 973 2224 ιίφνίηιεηαάιη
991 2188 1047 2215 Gu.
1065 2190 1092 2218 1.
1110 2205 1145 2208 —
1191 2187 1228 2214 al.
1246 2186 1295 2215 Ar.
1312 2197 1357 2225 pr.
1375 2195 1419 2213 va.
1437 2202 1479 2207 —
1502 2183 1549 2225 30)
1568 2187 1719 2224 populum
1734 2197 1790 2225 pro
1802 2187 1913 2225 populi
1930 2186 1973 2214 ed.
1992 2186 2139 2225 princ.—

204 2228 247 2261 14)
279 2225 444 2264 hospitales
465 2227 523 2257 Gu.
539 2230 566 2260 1.
595 2244 636 2249 —
667 2227 712 2268 15)
743 2229 790 2257 Sic
815 2230 871 2259 Gu.
896 2233 920 2260 1.
951 2246 992 2251 —-
1015 2229 1148 2266 fabulae
1190 2230 1237 2265 31)
1261 2228 1308 2256 Sic
1326 2229 1381 2256 Gu.
1398 2231 1422 2259 1.
1440 2231 1467 2260 2.
1483 2238 1526 2255 va.
1543 2228 1578 2256 al.
1597 2247 1633 2251 —
1653 2234 1755 2267 pos-set
1771 2230 1850 2267 vulg.
1868 2244 1909 2250 —-
1932 2227 1980 2268 39)
2001 2230 2031 2257 itz
2045 2239 2137 2267 prae-

203 2273 272 2296 sunt
294 2269 376 2307 vulg.
391 2286 433 2291 —
464 2271 509 2306 16)
533 2270 673 2298 locuntur
697 2272 752 2299 Gu.
773 2274 801 2303 2.
828 2287 863 2292 —
897 2272 942 2309 17)
966 2272 1063 2299 oleam
1090 2273 1145 2301 Gn.
1192 2272 1311 2299 teritum
1328 2270 1364 2298 al.
1379 2289 1415 2292 —-
1433 2271 1484 2306 33)
1501 2270 1549 2298 sic
1566 2271 1621 2299 Gu.
1640 2275 1663 2302 1.
1680 2282 1724 2310 pr.
1739 2281 1833 2301 va.—-
1850 2270 2076 2309 dignoscantur
2091 2270 2137 2301 ed.

203 2314 232 2342 2.
250 2311 299 2339 Ar.
317 2321 364 2342 va.
396 2327 433 2333 —
465 2312 511 2348 18)
533 2313 700 2351 finguntur
721 2313 792 2342 edit.
816 2311 903 2341 Goth,
935 2332 971 2335 -—
1007 2319 1048 2347 w)
1068 2316 1147 2351 sie-111
1192 2312 1280 2341 Goth.
1301 2314 1349 2341 Ar.
1375 2330 1412 2334 -—-
1436 2312 1483 2352 34)
1507 2313 1554 2341 Sic
1574 2315 1629 2342 Gu.
1651 2318 1675 2345 1.
1699 2333 1736 2337 -—
1763 2314 1809 2341 vel
1820 2313 1898 2350 vulg.
1924 2329 1964 2334 -
1986 2310 2033 2354 35)
2057 2313 2137 2341 vela

205 2352 341 2390 quadam
356 2355 474 2382 ratione
489 2355 525 2383 al.
549 2372 589 2376 —
603 2356 682 2393 ficta
698 2355 816 2394 quidem
832 2359 948 2383 ratione
966 2357 1003 2385 al.
1029 2374 1065 2378 —
1101 2356 1146 2397 zo)
1191 2356 1235 2384 ed.
1255 2355 1346 2385 Goth.
1375 2373 1411 2377 -—-
1437 2355 1520 2393 qnod
1535 2362 1577 2383 ast
1600 2355 1698 2384 videre
1722 2356 1770 2383 vel
1790 2366 1965 2394 cognoscere
1978 2366 2024 2386 va.
2050 2355 2091 2385 De
2104 2365 2137 2384 re

205 2396 253 2423 Sic
280 2396 336 2424 Gu.
357 2398 382 2427 1.
397 2399 428 2428 2.
452 2406 497 2426 va.
520 2413 561 2419 —
592 2398 708 2426 abu-sus
734 2398 778 2427 ed.
806 2397 894 2426 Goth.
921 2404 950 2427 et
969 2399 1019 2429 Ar.
1040 2409 1084 2437 pr.
1109 2417 1146 2421 —

1190 2397 1258 2428 vide
1275 2398 1359 2427 Serv.
1375 2397 1412 2426 ad
1431 2397 1509 2436 Virg.
1535 2399 1607 2429 Aen.
1622 2399 1650 2436 I,
1673 2400 1744 2430 373.
1767 2414 1808 2420 --
1830 2397 1877 2437 36)
1902 2398 1950 2427 Sic
1973 2398 2028 2428 Gu.
2046 2401 2072 2430 1.
2096 2414 2136 2420 —-
