2255 2819
220 123 296 158 596
927 119 1102 154 ISIDORI
1128 119 1308 154 HISPAL.
1335 121 1476 156 EPISC.

221 217 291 251 Sed
333 221 365 248 et
398 219 595 248 sarmentum
631 224 712 245 uvae
747 212 863 256 nigrae
889 213 965 246 vino
995 213 1124 258 optimo
1160 213 1297 246 tinctum
1333 211 1573 258 posteaquam¹
1608 215 1752 249 siccitate
1794 212 1953 258 aruerit²‚
1996 217 2020 250 si
2055 229 2168 250 exuras

223 275 255 302 et
284 272 452 309 conteras,
490 265 620 297 adiecto
648 263 797 307 glutino,
825 264 965 298 nitorem
992 265 1097 298 Indici
1123 264 1251 297 reddet.

389 317 445 349 19.
500 315 598 355 Usta,
626 326 712 358 quae
740 313 946 359 plurimun1³
974 321 1022 350 est
1048 316 1229 350 necessaria
1243 313 1265 356 ⁴,
1300 316 1393 349 nullo
1420 318 1571 361 provenit
1604 318 1740 362 negotio
1752 314 1773 350 ⁵.
1828 319 1915 351 Nam
1952 316 2002 351 sifi
2029 319 2168 363 glebam

222 371 288 403 silis
311 365 411 402 boni⁷
438 367 516 410 igue
544 377 725 409 excoquaS,
759 372 790 399 et
817 372 913 400 aceto
942 368 1105 401 acerrimo
1132 365 1363 412 supersusamss
1391 369 1583 413 extinguas,
1611 370 1799 403 madefacta
1827 367 1992 415 spongia⁹
2019 371 2167 405 colorem

222 430 426 467 purpureum
454 417 575 450 reddet
590 414 623 452 ¹⁰.
677 418 763 451 Eam
790 419 846 451 ubi
874 419 1064 452 contriveris
1079 416 1119 461 ¹¹,
1146 423 1216 452 usta
1243 419 1310 451 erit.

385 469 445 504 20.
498 469 610 502 Omne
638 475 748 502 autem
776 475 996 504 atramentum
1024 471 1095 503 sole
1121 470 1301 515 perficitur.

327 521 455 555 Omnes
482 521 612 555 colores
640 522 739 556 calcis
767 522 968 555 admixtione
995 527 1261 567 corrumpuntur.

387 572 447 607 21.
504 572 671 606 Melinum
700 573 845 614 dictum,
873 574 966 617 quod
996 575 1064 607 eius
1099 574 1225 606 metalli
1253 573 1345 605 ferax
1372 572 1412 604 sit
1444 584 1508 604 una
1535 584 1574 605 ex
1601 573 1803 617 Cycladibus
1837 574 1942 607 insula
1969 573 2080 608 Melos
2106 586 2167 607 no—

375 625 435 657 Est
463 624 550 656 enim
578 625 774 666 candidum,
802 637 863 659 nec
891 632 1025 659 utuntur
1051 636 1091 658 eo
1107 622 1130 641 ¹²
1156 625 1302 670 pictores
1329 629 1470 668 propter
1496 624 1630 657 nimiam
1657 625 1931 670 pinguetudinem
1946 622 1977 659 ¹³.

384 683 443 717 22.
497 685 663 725 Anulare,
692 685 785 728 quod
811 691 931 719 vocant
958 685 1155 727 candidum,
1185 690 1250 727 est,
1279 696 1346 728 quo
1374 685 1553 718 muliebres
1580 685 1729 729 picturae
1756 682 1999 718 luminantur¹⁴.

221 738 331 781 ipsum
360 747 398 768 ex
426 741 515 768 creta
543 737 695 769 admixtis
720 737 830 770 vitreis
857 738 1007 781 gemmis.

385 794 443 826 23.
497 795 636 828 Cerussa
668 797 705 828 fit
739 796 808 830 hoc
835 797 958 829 modo:
1006 796 1043 828 ln
1080 807 1156 829 vase
1191 796 1277 829 euim
1306 801 1400 828 aceto
1428 797 1591 829 acerrimo
1626 796 1764 840 impleto
1794 802 1956 828 sarmenta
1990 796 2109 828 aminia
2136 797 2169 828 in

223 846 344 879 eodem
371 846 506 879 vasculo
535 848 734 888 collocabis,
773 859 811 881 ac
839 860 938 892 super
964 853 1126 880 sarmenta
1153 848 1281 880 tabulas
1309 847 1439 890 plumbi
1466 848 1669 880 tenuissimas
1697 858 1818 891 poneS,
1860 847 1982 880 deinde
2008 859 2063 880 vas
2090 847 2168 879 dili-

221 897 417 942 gentissime
445 897 599 939 claudes,
628 899 812 942 illinisque,
840 911 881 932 ne
911 899 1039 941 aliquid
1066 899 1143 931 inde
1170 899 1352 943 spiraminis
1381 904 1483 931 exeat.
1538 900 1617 931 Post
1644 898 1714 930 dies
1744 904 1853 931 autem
1881 899 1976 931 XXX
2002 910 2057 931 vas
2085 909 2168 942 ape-

222 949 317 990 ritur,
346 953 379 980 et
408 959 446 981 ex
474 949 685 983 distillatione
717 952 904 983 tabularum
931 951 1040 982 innata
1067 961 1197 984 cerussa
1224 950 1395 982 invenitur.
1469 950 1572 990 Quod
1599 950 1746 983 ablatum
1776 954 1807 982 et
1835 950 2017 983 arefactum
2044 951 2168 989 teritur,

222 1005 321 1042 atque
345 1000 464 1032 iterum
493 1009 589 1033 aceto
614 1002 761 1034 admixto
775 999 796 1019 ¹⁵
818 1003 851 1034 in
879 1002 1016 1046 pastillis
1041 1002 1199 1035 dividitur
1225 1008 1258 1035 et
1284 1003 1317 1034 in
1344 1001 1415 1033 sole
1442 1001 1591 1034 siccatur.
1647 1002 1722 1035 Hac
1749 1002 1956 1034 observantia
1980 1003 2005 1034 si
2032 1001 2168 1034 laminas

224 1063 335 1084 aereas
362 1052 532 1084 sarmentis
558 1063 763 1097 superponas
776 1050 816 1094 ¹⁴⁵,
843 1054 1036 1098 aeruginem
1063 1059 1184 1088 creant.
1239 1053 1488 1087 Chalcanthum
1510 1050 1574 1085 *Ψ

222 626 320 659 mine.

2055 686 2110 718 Fit
2137 692 2169 717 et

591 1154 620 1188 C
647 1156 678 1188 A
704 1156 741 1188 P.
794 1155 918 1189 XVIII.

388 1229 420 1261 1.
474 1228 710 1265 {instructuram
745 1236 854 1265 autem
888 1232 1054 1277 parietum
1089 1231 1133 1264 ad
1167 1242 1317 1264 normam
1349 1231 1447 1272 fieri,
1495 1235 1527 1262 et
1565 1229 1608 1262 ad
1649 1230 1926 1274 perpendiculum
1966 1230 2169 1275 respondere

223 1285 365 1325 oportet.

324 1333 450 1365 Norma
477 1333 565 1366 dicta
598 1334 732 1367 Graeco
766 1334 950 1373 vocabulo,
994 1339 1084 1366 extra
1111 1345 1211 1377 quam
1240 1333 1321 1366 nihil
1356 1338 1484 1366 rectum
1518 1332 1590 1364 fieri
1624 1337 1745 1376 potest.
1812 1331 2033 1376 Componitur
2060 1338 2168 1366 autem

224 1394 263 1415 ex
300 1384 402 1416 tribus
430 1385 570 1429 regulis,
604 1386 647 1418 ita
682 1391 716 1418 ut
744 1385 830 1418 duae
858 1387 920 1419 sint
957 1386 1109 1418 binorum
1137 1385 1283 1429 pedum,
1325 1385 1421 1417 tertia
1457 1384 1581 1416 habeat
1616 1383 1722 1428 pedes
1758 1383 1858 1422 du05,
1890 1383 2001 1417 uncias
2035 1383 2168 1427 decern,

223 1446 304 1477 quas
332 1436 461 1478 aequali
488 1436 701 1470 crassitudine
727 1438 848 1481 politas
885 1438 1038 1471 extremis
1064 1437 1289 1471 cacuminibus
1305 1434 1326 1453 ¹⁹
1367 1436 1425 1469 sibi
1453 1436 1577 1480 iungit,
1620 1440 1654 1468 ut
1686 1435 1822 1469 schema
1833 1432 1858 1451 ²⁰
1888 1435 2010 1480 trigoni
2038 1435 2167 1470 faciant.

223 1486 261 1518 ld
291 1487 350 1518 erit
376 1498 502 1522 norma.

996 1155 1060 1189 De
1102 1156 1422 1188 instrumentis
1459 1153 1795 1200 aedificiorum.

389 1546 422 1582 2.
475 1547 610 1591 Regula
637 1548 743 1589 dicta,
771 1548 863 1591 quod
892 1549 930 1580 sit
954 1556 1061 1589 recta,
1086 1547 1178 1591 quasi
1204 1547 1348 1587 rectula,
1377 1552 1409 1580 et
1434 1546 1707 1591 impedimentum
1735 1557 1801 1578 non
1828 1545 1961 1578 habeat.

326 1598 609 1642 Perpendiculum
638 1605 702 1639 est,
730 1601 821 1642 quod
850 1612 982 1644 semper
1007 1600 1041 1632 id
1056 1597 1078 1617 ²¹
1102 1599 1324 1644 appenditur,
1350 1598 1492 1641 denique
1519 1598 1550 1630 in
1576 1598 1703 1630 fabrica
1730 1597 1789 1629 nisi
1817 1597 1927 1629 omnia
1950 1595 1993 1628 ad
2021 1607 2169 1639 perpen-

225 1648 389 1689 diculum,
432 1655 463 1682 et
490 1650 533 1682 ad
562 1655 685 1683 certam
714 1651 793 1683 fiant
819 1652 972 1695 regulam
984 1649 1025 1693 ²²,
1067 1662 1200 1685 necesse
1228 1655 1291 1691 est,
1333 1654 1369 1682 ut
1396 1655 1512 1684 cuncta
1540 1649 1700 1681 mendosa
1727 1649 1940 1687 instruantur,
1988 1652 2022 1679 ut
2056 1647 2168 1689 aliqua

226 1710 328 1742 prava
354 1701 432 1741 sint,
469 1701 578 1744 aliqua
614 1703 786 1745 cubantia,
828 1714 935 1747 prona
964 1703 1140 1743 nonnulla,
1183 1703 1246 1734 alia
1273 1702 1407 1745 supina,
1451 1706 1484 1734 et
1510 1706 1650 1745 propter
1686 1700 1754 1734 hoc
1782 1700 1930 1732 universa
1957 1702 2053 1731 ruunt
2086 1709 2166 1731 con-

227 1755 348 1784 structa
359 1749 392 1784 ²³¹.

390 1802 422 1834 3.
476 1803 581 1836 Linea
603 1815 728 1847 genere
755 1815 814 1837 suo
843 1805 1033 1848 appellata,
1062 1806 1139 1848 quia
1166 1804 1203 1837 fit
1230 1815 1269 1836 ex
1297 1804 1363 1835 lino
1379 1800 1412 1836 ²⁴.

329 1853 466 1886 Trullae
494 1866 614 1887 nomen
637 1856 781 1895 factum,
809 1867 849 1888 eo
877 1857 969 1899 quod
993 1858 1096 1890 trudit
1125 1861 1157 1890 et
1184 1855 1349 1896 detrudit,
1377 1854 1410 1887 id
1438 1859 1486 1887 est
1511 1853 1649 1887 includit
1676 1853 1788 1894 calce,
1823 1852 1877 1886 vel
1903 1852 1973 1884 luto
2001 1851 2140 1896 lapides.

332 1903 510 1937 Marcellus
531 1907 549 1929 *
563 1903 596 1939 ²⁵.
649 1907 810 1941 Machina
831 1910 857 1939 *.

391 1954 425 1989 ·l·.
478 1957 597 1990 Scalae
624 1959 665 1991 ab
702 1958 893 1992 scandendo
907 1956 933 1976 ²⁶
959 1964 1116 2001 vocatae,
1161 1958 1301 1992 haerent
1328 1958 1413 1990 enim
1447 1956 1637 2000 parietibus.
1705 1955 1823 1989 Scalae
1856 1959 1965 1988 autem
2002 1954 2166 1995 dicuntur,

316 2048 342 2082 1)
364 2052 529 2084 postquam
551 2057 596 2076 va.
618 2065 657 2069 —
690 2048 719 2089 2)
739 2057 875 2078 ανιιενιηι
900 2052 956 2080 Gu.
978 2055 1004 2082 I.
1026 2068 1066 2072 -
1090 2061 1176 2078 arue—
1221 2049 1319 2077 dinem
1342 2049 1420 2086 vulg.
1443 2064 1483 2069 —
1508 2050 1550 2077 143
1575 2048 1672 2076 illum.
1698 2048 1783 2077 Arev.
1808 2064 1845 2068 —-
1872 2050 1914 2080 15)
1939 2046 1986 2074 Sic
2009 2047 2064 2074 Gu.
2092 2049 2119 2076 l.
2137 2048 2165 2077 2.

231 2094 302 2117 runt
326 2089 382 2118 Gn.
406 2091 437 2120 2.
470 2105 510 2109 —
545 2092 572 2125 3)
596 2092 732 2127 plurimu
765 2095 820 2123 Gu.
844 2097 868 2124 1.
888 2097 915 2125 2.
940 2104 985 2122 va.
1010 2110 1051 2115 -—
1074 2092 1106 2131 4)
1129 2094 1178 2121 Sic
1220 2103 1265 2121 va.
1290 2093 1339 2120 Ar.
1366 2109 1402 2113 ——
1427 2090 1598 2118 admixtum
1620 2090 1700 2128 vulg.
1734 2106 1773 2111 ·-—
1806 2088 1849 2128 16)
1879 2090 2076 2127 supelpositis
2095 2090 2166 2116 mit-

232 2132 391 2161 Gu·1--—
413 2141 472 2158 nec·
496 2137 536 2157 est
560 2133 640 2169 vulg.
665 2150 703 2154 —
728 2137 755 2170 5)
773 2136 821 2164 Sic
845 2136 901 2163 Gu.
926 2139 951 2166 1.
977 2140 1004 2167 2.
1031 2153 1064 2156 —
1091 2136 1177 2163 nullo
1220 2141 1269 2162 tas
1293 2134 1346 2161 Gu.
1374 2136 1400 2163 1.
1425 2149 1466 2153 -
1495 2144 1676 2171 sapei-limum
1712 2133 1768 2160 Gu.
1789 2134 1818 2163 2.
1850 2147 1891 2153 --
1934 2130 1977 2170 17)
2005 2132 2070 2159 Non
2099 2140 2165 2159 cuin

234 2184 298 2211 neg.
316 2183 403 2211 prov.
427 2173 506 2210 vulg.
541 2189 576 2194 —
616 2173 646 2212 6)
673 2176 752 2204 Nam
779 2180 804 2205 si
829 2184 854 2205 et
878 2179 914 2206 al.
938 2189 983 2206 va.
1007 2195 1047 2198 —
1071 2184 1096 2205 et
1120 2189 1176 2206 om.
1221 2176 1424 2214 superioribus
1448 2174 1521 2203 haec
1544 2186 1604 2204 vox
1629 2180 1673 2204 est
1697 2174 1920 2211 coniungenda,
1949 2173 2000 2201 sed
2023 2184 2099 2202 nova
2119 2182 2165 2200 res

236 2217 284 2245 Ar.
308 2231 350 2237 —
371 2215 458 2253 Vulg.
481 2225 553 2242 nam
571 2221 595 2242 et
615 2218 652 2244 Si.
669 2234 700 2238 —-
723 2218 752 2257 7)
769 2221 815 2247 Sic
829 2221 915 2249 Arev.
932 2231 946 2248 e
962 2221 1177 2256 Pli11.xXXV,
1221 2223 1282 2254 est,
1313 2218 1397 2247 euius
1421 2218 1503 2246 deest
1537 2218 1710 2256 explicatio.
1756 2218 1892 2245 Defectus
1921 2216 2036 2254 signum
2066 2214 2165 2254 posuit

235 2261 263 2290 6-
286 2273 327 2279 -
349 2258 446 2285 SlliCiS
468 2257 535 2285 bene
557 2269 613 2285 C-U'·
637 2258 716 2295 vulg·
733 2276 773 2280 —-
797 2265 825 2295 ὃ)
848 2264 1007 2300 superfuso
1032 2264 1088 2292 Gu.
1107 2266 1132 2294 1.
1148 2266 1176 2294 2.
1221 2262 1308 2290 Arev.
1340 2278 1377 2282 -
1413 2264 1458 2295 1³¹)
1490 2261 1712 2288 lustr-acturam
1751 2260 1807 2288 Gu.
1829 2262 1858 2290 2.
1883 2269 1930 2287 va.
1962 2259 2009 2286 Ar.
2039 2273 2077 2280 -ι-
2118 2257 2164 2295 19)

236 2316 276 2322 -
295 2299 323 2338 9)
346 2300 394 2328 Sic
417 2300 474 2330 Gu.
493 2303 519 2330 1.
542 2303 568 2332 2.
591 2310 637 2328 va.
662 2301 712 2329 Ar.
736 2317 777 2322 -—-
799 2305 925 2341 asangm
949 2306 1028 2342 vulg.
1066 2321 1099 2325 —-
1131 2305 1177 2341 10)
1221 2304 1269 2332 Sic
1293 2303 1348 2331 Gu.
1368 2306 1392 2333 1.
1409 2307 1436 2335 2.
1460 2320 1494 2324 —
1520 2314 1619 2332 acam.
1636 2304 1717 2341 vulg.
1748 2318 1790 2323 —
1814 2300 1863 2341 20)
1885 2300 2033 2327 schemam
2053 2309 2100 2338 pr.
2122 2314 2164 2319 —

238 2342 285 2370 Sic
310 2343 366 2370 Gn.
385 2345 411 2372 1.
436 2358 477 2363 -—
505 2341 602 2370 reddit
626 2342 705 2380 vulg.
730 2361 767 2365 —
800 2348 844 2379 11)
869 2348 1048 2374 cwz-vtrmris
1072 2348 1126 2375 Gu.
1151 2350 1178 2378 1,
1221 2344 1267 2385 21)
1290 2345 1326 2372 id
1348 2346 1449 2374 addidi
1472 2356 1487 2374 e
1514 2346 1569 2373 Gu.
1589 2349 1615 2376 1-
1634 2348 1663 2376 2.
1695 2361 1736 2366 —
1772 2344 1820 2375 22)
1849 2343 1897 2370 Sic
1926 2342 1982 2370 Gu-
2006 2344 2032 2371 1-
2056 2344 2084 2372 2.
2107 2340 2164 2377 (ad

239 2402 275 2406 —
301 2383 344 2422 12)
361 2395 428 2412 eum
458 2385 512 2412 Gu.
537 2387 566 2416 2.
593 2402 631 2406 —
665 2383 708 2423 13)
729 2385 777 2413 Sic
808 2386 863 2415 Gu.
883 2390 908 2418 1.
926 2391 952 2418 2.
979 2407 1014 2410 —
1043 2391 1177 2427 pingue·
1222 2386 1294 2426 om.)
1320 2405 1359 2409 -—
1388 2394 1413 2415 et
1443 2393 1512 2417 cert.
1536 2398 1595 2425 reg.
1627 2386 1705 2424 (reg.
1728 2391 1797 2415 cert.
1819 2385 1884 2424 pr.)
1905 2384 1989 2421 fiant
2019 2384 2099 2422 vulg.
2123 2400 2159 2404 —-
