<?xml version="1.0" encoding="UTF-8"?>
<!DOCTYPE html PUBLIC "-//W3C//DTD XHTML 1.0 Transitional//EN"
    "http://www.w3.org/TR/xhtml1/DTD/xhtml1-transitional.dtd">
<html xmlns="http://www.w3.org/1999/xhtml" xml:lang="en" lang="en">
 <head>
  <title>
</title>
<meta http-equiv="Content-Type" content="text/html;charset=utf-8" />
  <meta name='ocr-system' content='tesseract 3.04.00' />
  <meta name='ocr-capabilities' content='ocr_page ocr_carea ocr_par ocr_line ocrx_word'/>
</head>
<body>
  <div class='ocr_page' id='page_1' title='image "./corpusgrammatico03linduoft_0286.png"; bbox 0 0 2203 2829; ppageno 0'>
   <div class='ocr_carea' id='block_1_1' title="bbox 165 116 239 150">
    <p class='ocr_par' dir='ltr' id='par_1_1' title="bbox 165 116 239 150">
     <span class='ocr_line' id='line_1_1' title="bbox 165 116 239 150; baseline 0 0"><span class='ocrx_word' id='word_1_1' title='bbox 165 116 239 150; x_wconf 80' lang='lat'>268</span> 
     </span>
    </p>
   </div>
   <div class='ocr_carea' id='block_1_2' title="bbox 846 117 1424 156">
    <p class='ocr_par' dir='ltr' id='par_1_2' title="bbox 846 117 1424 156">
     <span class='ocr_line' id='line_1_2' title="bbox 846 117 1424 156; baseline 0.007 -5"><span class='ocrx_word' id='word_1_2' title='bbox 846 117 1027 153; x_wconf 87' lang='lat' dir='ltr'>ISIDORI</span> <span class='ocrx_word' id='word_1_3' title='bbox 1061 119 1242 153; x_wconf 88' lang='lat' dir='ltr'><strong>HISPAL.</strong></span> <span class='ocrx_word' id='word_1_4' title='bbox 1279 120 1424 156; x_wconf 87' lang='lat' dir='ltr'><strong>EPISC.</strong></span> 
     </span>
    </p>
   </div>
   <div class='ocr_carea' id='block_1_3' title="bbox 330 204 1233 252">
    <p class='ocr_par' dir='ltr' id='par_1_3' title="bbox 330 204 1233 252">
     <span class='ocr_line' id='line_1_3' title="bbox 330 204 1233 252; baseline 0.004 -9"><span class='ocrx_word' id='word_1_5' title='bbox 330 209 363 243; x_wconf 84' lang='grc'>8.</span> <span class='ocrx_word' id='word_1_6' title='bbox 416 204 635 242; x_wconf 83' lang='lat' dir='ltr'>Prudentius¹</span> <span class='ocrx_word' id='word_1_7' title='bbox 663 220 798 252; x_wconf 88' lang='lat' dir='ltr'>quoque</span> <span class='ocrx_word' id='word_1_8' title='bbox 825 210 868 244; x_wconf 88' lang='lat' dir='ltr'>de</span> <span class='ocrx_word' id='word_1_9' title='bbox 899 211 1071 246; x_wconf 79' lang='lat' dir='ltr'>Mercurio</span> <span class='ocrx_word' id='word_1_10' title='bbox 1100 213 1145 248; x_wconf 90' lang='lat' dir='ltr'>sic</span> <span class='ocrx_word' id='word_1_11' title='bbox 1173 214 1233 247; x_wconf 83' lang='lat' dir='ltr'>ait:</span> 
     </span>
    </p>
   </div>
   <div class='ocr_carea' id='block_1_4' title="bbox 401 265 596 302">
    <p class='ocr_par' dir='ltr' id='par_1_4' title="bbox 401 265 596 302">
     <span class='ocr_line' id='line_1_4' title="bbox 401 265 596 302; baseline -0.01 0"><span class='ocrx_word' id='word_1_12' title='bbox 401 269 572 302; x_wconf 78' lang='lat' dir='ltr'>Traditur</span> <span class='ocrx_word' id='word_1_13' title='bbox 584 265 596 285; x_wconf 74' lang='lat'>²</span> 
     </span>
    </p>
   </div>
   <div class='ocr_carea' id='block_1_5' title="bbox 396 320 1042 409">
    <p class='ocr_par' dir='ltr' id='par_1_5' title="bbox 396 320 1042 409">
     <span class='ocr_line' id='line_1_5' title="bbox 397 320 1042 358; baseline 0.009 -5"><span class='ocrx_word' id='word_1_14' title='bbox 397 320 440 353; x_wconf 84' lang='lat' dir='ltr'>In</span> <span class='ocrx_word' id='word_1_15' title='bbox 468 321 579 353; x_wconf 64' lang='lat' dir='ltr'>lucent</span> <span class='ocrx_word' id='word_1_16' title='bbox 606 331 790 355; x_wconf 68' lang='lat' dir='ltr'><em>YCUOCHSSC</em></span> <span class='ocrx_word' id='word_1_17' title='bbox 815 324 962 358; x_wconf 62' lang='lat' dir='ltr'>animas.</span> <span class='ocrx_word' id='word_1_18' title='bbox 994 344 1042 350; x_wconf 85' lang='lat'>—</span> 
     </span>
     <span class='ocr_line' id='line_1_6' title="bbox 396 368 1000 409; baseline 0.008 -4"><span class='ocrx_word' id='word_1_19' title='bbox 396 372 461 405; x_wconf 85' lang='lat' dir='ltr'>Ast</span> <span class='ocrx_word' id='word_1_20' title='bbox 488 368 603 404; x_wconf 78' lang='lat' dir='ltr'>alias-³</span> <span class='ocrx_word' id='word_1_21' title='bbox 630 373 821 409; x_wconf 81' lang='lat' dir='ltr'>damnasse</span> <span class='ocrx_word' id='word_1_22' title='bbox 847 376 924 409; x_wconf 74' lang='lat' dir='ltr'>neci</span> <span class='ocrx_word' id='word_1_23' title='bbox 950 397 1000 401; x_wconf 93' lang='lat'>—</span> 
     </span>
    </p>
   </div>
   <div class='ocr_carea' id='block_1_6' title="bbox 167 429 697 476">
    <p class='ocr_par' dir='ltr' id='par_1_6' title="bbox 167 429 697 476">
     <span class='ocr_line' id='line_1_7' title="bbox 167 429 697 476; baseline 0 -10"><span class='ocrx_word' id='word_1_24' title='bbox 167 432 212 466; x_wconf 79' lang='lat' dir='ltr'>Et</span> <span class='ocrx_word' id='word_1_25' title='bbox 236 436 311 476; x_wconf 83' lang='lat' dir='ltr'>post</span> <span class='ocrx_word' id='word_1_26' title='bbox 337 432 511 476; x_wconf 87' lang='lat' dir='ltr'>paululum</span> <span class='ocrx_word' id='word_1_27' title='bbox 539 432 585 464; x_wconf 77' lang='lat' dir='ltr'>sic</span> <span class='ocrx_word' id='word_1_28' title='bbox 612 429 697 466; x_wconf 87' lang='lat' dir='ltr'>ait⁴:</span> 
     </span>
    </p>
   </div>
   <div class='ocr_carea' id='block_1_7' title="bbox 625 270 1392 319">
    <p class='ocr_par' dir='ltr' id='par_1_7' title="bbox 625 270 1392 319">
     <span class='ocr_line' id='line_1_8' title="bbox 625 270 1392 319; baseline 0.008 -18"><span class='ocrx_word' id='word_1_29' title='bbox 625 270 798 304; x_wconf 80' lang='lat' dir='ltr'>extinctas</span> <span class='ocrx_word' id='word_1_30' title='bbox 825 277 962 317; x_wconf 81' lang='lat' dir='ltr'>sumpto</span> <span class='ocrx_word' id='word_1_31' title='bbox 990 274 1231 308; x_wconf 74' lang='lat' dir='ltr'><em>moderamine</em></span> <span class='ocrx_word' id='word_1_32' title='bbox 1261 274 1392 319; x_wconf 80' lang='lat' dir='ltr'>virgae</span> 
     </span>
    </p>
   </div>
   <div class='ocr_carea' id='block_1_8' title="bbox 394 491 1358 642">
    <p class='ocr_par' dir='ltr' id='par_1_8' title="bbox 394 491 1358 642">
     <span class='ocr_line' id='line_1_9' title="bbox 394 491 1358 543; baseline 0.007 -20"><span class='ocrx_word' id='word_1_33' title='bbox 394 491 583 524; x_wconf 69' lang='lat' dir='ltr'>Illurmare</span> <span class='ocrx_word' id='word_1_34' title='bbox 609 504 690 526; x_wconf 79' lang='lat' dir='ltr'>nam</span> <span class='ocrx_word' id='word_1_35' title='bbox 718 495 863 539; x_wconf 77' lang='lat' dir='ltr'>magico</span> <span class='ocrx_word' id='word_1_36' title='bbox 890 493 1030 529; x_wconf 78' lang='lat' dir='ltr'>tennes⁵</span> <span class='ocrx_word' id='word_1_37' title='bbox 1058 498 1176 531; x_wconf 63' lang='lat' dir='ltr'>eoecire</span> <span class='ocrx_word' id='word_1_38' title='bbox 1192 497 1358 543; x_wconf 80' lang='lat' dir='ltr'>figuras,</span> 
     </span>
     <span class='ocr_line' id='line_1_10' title="bbox 401 543 1298 594; baseline 0.009 -19"><span class='ocrx_word' id='word_1_39' title='bbox 401 543 513 587; x_wconf 73' lang='lat' dir='ltr'>Atque</span> <span class='ocrx_word' id='word_1_40' title='bbox 541 546 785 588; x_wconf 75' lang='lat' dir='ltr'><em>sepulchrales</em></span> <span class='ocrx_word' id='word_1_41' title='bbox 810 548 896 580; x_wconf 80' lang='lat' dir='ltr'>scite</span> <span class='ocrx_word' id='word_1_42' title='bbox 926 549 1111 582; x_wconf 75' lang='lat' dir='ltr'>incantare</span> <span class='ocrx_word' id='word_1_43' title='bbox 1133 550 1298 594; x_wconf 75' lang='lat' dir='ltr'><em>favillas.</em></span> 
     </span>
     <span class='ocr_line' id='line_1_11' title="bbox 399 594 1295 642; baseline 0.008 -16"><span class='ocrx_word' id='word_1_44' title='bbox 399 594 480 627; x_wconf 72' lang='lat' dir='ltr'>l&#39;ita</span> <span class='ocrx_word' id='word_1_45' title='bbox 503 595 646 629; x_wconf 75' lang='lat' dir='ltr'>itidem⁶</span> <span class='ocrx_word' id='word_1_46' title='bbox 672 598 828 642; x_wconf 70' lang='lat' dir='ltr'>spoliare</span> <span class='ocrx_word' id='word_1_47' title='bbox 855 600 943 633; x_wconf 83' lang='lat' dir='ltr'>alios</span> <span class='ocrx_word' id='word_1_48' title='bbox 971 611 1032 633; x_wconf 84' lang='lat' dir='ltr'>ars</span> <span class='ocrx_word' id='word_1_49' title='bbox 1058 602 1164 634; x_wconf 63' lang='lat' dir='ltr'>nomia</span> <span class='ocrx_word' id='word_1_50' title='bbox 1192 601 1295 633; x_wconf 72' lang='lat' dir='ltr'>novit.</span> 
     </span>
    </p>
   </div>
   <div class='ocr_carea' id='block_1_9' title="bbox 165 652 2115 754">
    <p class='ocr_par' dir='ltr' id='par_1_9' title="bbox 165 652 2115 754">
     <span class='ocr_line' id='line_1_12' title="bbox 331 652 2112 706; baseline 0.006 -20"><span class='ocrx_word' id='word_1_51' title='bbox 331 652 365 688; x_wconf 88' lang='grc'>9.</span> <span class='ocrx_word' id='word_1_52' title='bbox 419 655 516 700; x_wconf 83' lang='lat' dir='ltr'>Magi</span> <span class='ocrx_word' id='word_1_53' title='bbox 542 661 633 695; x_wconf 77' lang='lat' dir='ltr'>sunt,</span> <span class='ocrx_word' id='word_1_54' title='bbox 661 658 717 700; x_wconf 88' lang='lat' dir='ltr'>qui</span> <span class='ocrx_word' id='word_1_55' title='bbox 747 660 847 704; x_wconf 77' lang='lat' dir='ltr'>vulgo</span> <span class='ocrx_word' id='word_1_56' title='bbox 872 661 1017 694; x_wconf 80' lang='lat' dir='ltr'>malefici</span> <span class='ocrx_word' id='word_1_57' title='bbox 1040 662 1084 694; x_wconf 78' lang='lat' dir='ltr'>ol)</span> <span class='ocrx_word' id='word_1_58' title='bbox 1113 661 1299 694; x_wconf 76' lang='lat' dir='ltr'>facinorum</span> <span class='ocrx_word' id='word_1_59' title='bbox 1322 660 1587 705; x_wconf 80' lang='lat' dir='ltr'>magnitudinem</span> <span class='ocrx_word' id='word_1_60' title='bbox 1619 668 1858 706; x_wconf 79' lang='lat' dir='ltr'>nuncupantur.</span> <span class='ocrx_word' id='word_1_61' title='bbox 1912 663 1957 695; x_wconf 88' lang='lat' dir='ltr'>Hi</span> <span class='ocrx_word' id='word_1_62' title='bbox 1986 668 2018 696; x_wconf 85' lang='lat' dir='ltr'>et</span> <span class='ocrx_word' id='word_1_63' title='bbox 2045 663 2112 695; x_wconf 92' lang='lat' dir='ltr'>ele-</span> 
     </span>
     <span class='ocr_line' id='line_1_13' title="bbox 165 707 2115 754; baseline 0.005 -16"><span class='ocrx_word' id='word_1_64' title='bbox 165 710 276 738; x_wconf 81' lang='lat' dir='ltr'>menta</span> <span class='ocrx_word' id='word_1_65' title='bbox 303 707 513 748; x_wconf 89' lang='lat' dir='ltr'>concutiunt,</span> <span class='ocrx_word' id='word_1_66' title='bbox 541 709 674 741; x_wconf 88' lang='lat' dir='ltr'>turbant</span> <span class='ocrx_word' id='word_1_67' title='bbox 701 716 825 744; x_wconf 79' lang='lat' dir='ltr'>mentes</span> <span class='ocrx_word' id='word_1_68' title='bbox 848 711 1039 754; x_wconf 86' lang='lat' dir='ltr'>hominum,</span> <span class='ocrx_word' id='word_1_69' title='bbox 1067 723 1106 746; x_wconf 89' lang='lat' dir='ltr'>ac</span> <span class='ocrx_word' id='word_1_70' title='bbox 1134 714 1201 746; x_wconf 78' lang='lat' dir='ltr'>sine</span> <span class='ocrx_word' id='word_1_71' title='bbox 1226 713 1295 746; x_wconf 91' lang='lat' dir='ltr'>ullo</span> <span class='ocrx_word' id='word_1_72' title='bbox 1324 712 1439 745; x_wconf 79' lang='lat' dir='ltr'>veneni</span> <span class='ocrx_word' id='word_1_73' title='bbox 1468 712 1586 745; x_wconf 79' lang='lat' dir='ltr'>haustu</span> <span class='ocrx_word' id='word_1_74' title='bbox 1614 711 1790 746; x_wconf 74' lang='lat' dir='ltr'>violentia⁷</span> <span class='ocrx_word' id='word_1_75' title='bbox 1817 712 1967 747; x_wconf 67' lang='lat' dir='ltr'>tantum⁸</span> <span class='ocrx_word' id='word_1_76' title='bbox 1994 714 2115 747; x_wconf 89' lang='lat' dir='ltr'>carmi-</span> 
     </span>
    </p>
   </div>
   <div class='ocr_carea' id='block_1_10' title="bbox 165 758 437 792">
    <p class='ocr_par' dir='ltr' id='par_1_10' title="bbox 165 758 437 792">
     <span class='ocr_line' id='line_1_14' title="bbox 165 758 437 792; baseline 0.004 -2"><span class='ocrx_word' id='word_1_77' title='bbox 165 758 213 790; x_wconf 84' lang='lat' dir='ltr'>nis</span> <span class='ocrx_word' id='word_1_78' title='bbox 239 758 366 791; x_wconf 85' lang='lat' dir='ltr'>interim</span> <span class='ocrx_word' id='word_1_79' title='bbox 372 763 437 792; x_wconf 87' lang='lat' dir='ltr'>unt.</span> 
     </span>
    </p>
   </div>
   <div class='ocr_carea' id='block_1_11' title="bbox 332 806 800 846">
    <p class='ocr_par' dir='ltr' id='par_1_11' title="bbox 332 806 800 846">
     <span class='ocr_line' id='line_1_15' title="bbox 332 806 800 846; baseline 0.011 -5"><span class='ocrx_word' id='word_1_80' title='bbox 332 809 387 842; x_wconf 83' lang='grc'>10.</span> <span class='ocrx_word' id='word_1_81' title='bbox 442 806 565 843; x_wconf 77' lang='lat' dir='ltr'>Unde⁰</span> <span class='ocrx_word' id='word_1_82' title='bbox 591 811 747 846; x_wconf 80' lang='lat' dir='ltr'>Lucanus</span> <span class='ocrx_word' id='word_1_83' title='bbox 762 809 800 846; x_wconf 87' lang='lat'>¹⁰:</span> 
     </span>
    </p>
   </div>
   <div class='ocr_carea' id='block_1_12' title="bbox 394 868 1246 920">
    <p class='ocr_par' dir='ltr' id='par_1_12' title="bbox 394 868 1246 920">
     <span class='ocr_line' id='line_1_16' title="bbox 394 868 1246 920; baseline 0.006 -18"><span class='ocrx_word' id='word_1_84' title='bbox 394 869 498 903; x_wconf 58' lang='lat' dir='ltr'>Alcas</span> <span class='ocrx_word' id='word_1_85' title='bbox 524 868 674 904; x_wconf 72' lang='lat' dir='ltr'>haustill</span> <span class='ocrx_word' id='word_1_86' title='bbox 704 874 801 906; x_wconf 79' lang='lat' dir='ltr'>nulla</span> <span class='ocrx_word' id='word_1_87' title='bbox 827 874 926 907; x_wconf 79' lang='lat' dir='ltr'>sanie</span> <span class='ocrx_word' id='word_1_88' title='bbox 949 875 1091 920; x_wconf 75' lang='lat' dir='ltr'>pollata</span> <span class='ocrx_word' id='word_1_89' title='bbox 1126 875 1246 908; x_wconf 76' lang='lat' dir='ltr'>veneni</span> 
     </span>
    </p>
   </div>
   <div class='ocr_carea' id='block_1_13' title="bbox 396 921 716 967">
    <p class='ocr_par' dir='ltr' id='par_1_13' title="bbox 396 921 716 967">
     <span class='ocr_line' id='line_1_17' title="bbox 396 921 716 967; baseline 0.009 -14"><span class='ocrx_word' id='word_1_90' title='bbox 396 921 587 954; x_wconf 77' lang='lat' dir='ltr'>Incanlata</span> <span class='ocrx_word' id='word_1_91' title='bbox 610 924 716 967; x_wconf 76' lang='lat' dir='ltr'>perit.</span> 
     </span>
    </p>
   </div>
   <div class='ocr_carea' id='block_1_14' title="bbox 167 979 2009 1030">
    <p class='ocr_par' dir='ltr' id='par_1_14' title="bbox 167 979 2009 1030">
     <span class='ocr_line' id='line_1_18' title="bbox 167 979 2009 1030; baseline 0.004 -18"><span class='ocrx_word' id='word_1_92' title='bbox 167 979 391 1013; x_wconf 79' lang='lat' dir='ltr'>Daemonibus</span> <span class='ocrx_word' id='word_1_93' title='bbox 419 983 506 1015; x_wconf 87' lang='lat' dir='ltr'>enim</span> <span class='ocrx_word' id='word_1_94' title='bbox 541 983 654 1016; x_wconf 85' lang='lat' dir='ltr'>accitis</span> <span class='ocrx_word' id='word_1_95' title='bbox 682 984 805 1017; x_wconf 78' lang='lat' dir='ltr'>audent</span> <span class='ocrx_word' id='word_1_96' title='bbox 834 985 1007 1029; x_wconf 75' lang='lat' dir='ltr'>ventilare,</span> <span class='ocrx_word' id='word_1_97' title='bbox 1050 991 1085 1019; x_wconf 88' lang='lat' dir='ltr'>ut</span> <span class='ocrx_word' id='word_1_98' title='bbox 1117 987 1256 1030; x_wconf 77' lang='lat' dir='ltr'>quisque</span> <span class='ocrx_word' id='word_1_99' title='bbox 1283 997 1358 1018; x_wconf 81' lang='lat' dir='ltr'>suos</span> <span class='ocrx_word' id='word_1_100' title='bbox 1393 986 1536 1030; x_wconf 87' lang='lat' dir='ltr'>perimat</span> <span class='ocrx_word' id='word_1_101' title='bbox 1570 986 1662 1018; x_wconf 83' lang='lat' dir='ltr'>malis</span> <span class='ocrx_word' id='word_1_102' title='bbox 1695 987 1818 1020; x_wconf 85' lang='lat' dir='ltr'>artibus</span> <span class='ocrx_word' id='word_1_103' title='bbox 1851 987 2009 1020; x_wconf 80' lang='lat' dir='ltr'>inimicos.</span> 
     </span>
    </p>
   </div>
   <div class='ocr_carea' id='block_1_15' title="bbox 2070 986 2115 1019">
    <p class='ocr_par' dir='ltr' id='par_1_15' title="bbox 2070 986 2115 1019">
     <span class='ocr_line' id='line_1_19' title="bbox 2070 986 2115 1019; baseline -0.022 0"><span class='ocrx_word' id='word_1_104' title='bbox 2070 986 2115 1019; x_wconf 88' lang='lat' dir='ltr'>Hi</span> 
     </span>
    </p>
   </div>
   <div class='ocr_carea' id='block_1_16' title="bbox 167 1032 1717 1083">
    <p class='ocr_par' dir='ltr' id='par_1_16' title="bbox 167 1032 1717 1083">
     <span class='ocr_line' id='line_1_20' title="bbox 167 1032 1717 1083; baseline 0.005 -20"><span class='ocrx_word' id='word_1_105' title='bbox 167 1032 264 1064; x_wconf 86' lang='lat' dir='ltr'>etiam</span> <span class='ocrx_word' id='word_1_106' title='bbox 289 1033 449 1076; x_wconf 82' lang='lat' dir='ltr'>sanguine</span> <span class='ocrx_word' id='word_1_107' title='bbox 477 1040 611 1066; x_wconf 85' lang='lat' dir='ltr'>utuntur</span> <span class='ocrx_word' id='word_1_108' title='bbox 638 1040 671 1067; x_wconf 80' lang='lat' dir='ltr'>et</span> <span class='ocrx_word' id='word_1_109' title='bbox 697 1037 854 1078; x_wconf 74' lang='lat' dir='ltr'>victimis,</span> <span class='ocrx_word' id='word_1_110' title='bbox 886 1044 917 1070; x_wconf 75' lang='lat' dir='ltr'>et</span> <span class='ocrx_word' id='word_1_111' title='bbox 943 1050 1044 1082; x_wconf 80' lang='lat' dir='ltr'>saepe</span> <span class='ocrx_word' id='word_1_112' title='bbox 1070 1040 1267 1083; x_wconf 81' lang='lat' dir='ltr'>contingunt</span> <span class='ocrx_word' id='word_1_113' title='bbox 1279 1035 1301 1054; x_wconf 81' lang='lat'>¹²</span> <span class='ocrx_word' id='word_1_114' title='bbox 1329 1049 1474 1082; x_wconf 80' lang='lat' dir='ltr'>corpora</span> <span class='ocrx_word' id='word_1_115' title='bbox 1501 1043 1717 1071; x_wconf 87' lang='lat' dir='ltr'>mortuorum.</span> 
     </span>
    </p>
   </div>
   <div class='ocr_carea' id='block_1_17' title="bbox 331 1083 390 1118">
    <p class='ocr_par' dir='ltr' id='par_1_17' title="bbox 331 1083 390 1118">
     <span class='ocr_line' id='line_1_21' title="bbox 331 1083 390 1118; baseline 0.051 -4"><span class='ocrx_word' id='word_1_116' title='bbox 331 1083 390 1118; x_wconf 88' lang='lat' dir='ltr'>ll.</span> 
     </span>
    </p>
   </div>
   <div class='ocr_carea' id='block_1_18' title="bbox 165 1133 739 1181">
    <p class='ocr_par' dir='ltr' id='par_1_18' title="bbox 165 1133 739 1181">
     <span class='ocr_line' id='line_1_22' title="bbox 165 1133 739 1181; baseline 0.009 -16"><span class='ocrx_word' id='word_1_117' title='bbox 165 1138 197 1166; x_wconf 89' lang='lat' dir='ltr'>et</span> <span class='ocrx_word' id='word_1_118' title='bbox 224 1133 267 1166; x_wconf 85' lang='lat' dir='ltr'>ad</span> <span class='ocrx_word' id='word_1_119' title='bbox 297 1134 500 1180; x_wconf 85' lang='lat' dir='ltr'>interrogata</span> <span class='ocrx_word' id='word_1_120' title='bbox 525 1138 739 1181; x_wconf 59' lang='lat' dir='ltr'>respondere.</span> 
     </span>
    </p>
   </div>
   <div class='ocr_carea' id='block_1_19' title="bbox 165 1234 400 1332">
    <p class='ocr_par' dir='ltr' id='par_1_19' title="bbox 165 1234 400 1332">
     <span class='ocr_line' id='line_1_23' title="bbox 165 1234 261 1269; baseline 0 0"><span class='ocrx_word' id='word_1_121' title='bbox 165 1241 217 1269; x_wconf 85' lang='lat' dir='ltr'>tur</span> <span class='ocrx_word' id='word_1_122' title='bbox 230 1234 261 1269; x_wconf 65' lang='lat'>¹⁸.</span> 
     </span>
     <span class='ocr_line' id='line_1_24' title="bbox 165 1293 400 1332; baseline 0.004 -12"><span class='ocrx_word' id='word_1_123' title='bbox 165 1293 400 1332; x_wconf 75' lang='lat' dir='ltr'>provocentur.</span> 
     </span>
    </p>
   </div>
   <div class='ocr_carea' id='block_1_20' title="bbox 330 1339 995 1387">
    <p class='ocr_par' dir='ltr' id='par_1_20' title="bbox 330 1339 995 1387">
     <span class='ocr_line' id='line_1_25' title="bbox 330 1339 995 1387; baseline 0.008 -15"><span class='ocrx_word' id='word_1_124' title='bbox 330 1339 389 1376; x_wconf 85' lang='grc'>12,</span> <span class='ocrx_word' id='word_1_125' title='bbox 445 1341 683 1385; x_wconf 69' lang='lat' dir='ltr'>Hydromantii</span> <span class='ocrx_word' id='word_1_126' title='bbox 712 1343 754 1374; x_wconf 89' lang='lat' dir='ltr'>ab</span> <span class='ocrx_word' id='word_1_127' title='bbox 790 1355 876 1387; x_wconf 86' lang='lat' dir='ltr'>aqua</span> <span class='ocrx_word' id='word_1_128' title='bbox 905 1344 995 1378; x_wconf 89' lang='lat' dir='ltr'>dicti.</span> 
     </span>
    </p>
   </div>
   <div class='ocr_carea' id='block_1_21' title="bbox 444 1083 2116 1133">
    <p class='ocr_par' dir='ltr' id='par_1_21' title="bbox 444 1083 2116 1133">
     <span class='ocr_line' id='line_1_26' title="bbox 444 1083 2116 1133; baseline 0.003 -16"><span class='ocrx_word' id='word_1_129' title='bbox 444 1083 711 1119; x_wconf 75' lang='lat' dir='ltr'>Necromantii¹³</span> <span class='ocrx_word' id='word_1_130' title='bbox 737 1094 828 1127; x_wconf 74' lang='lat' dir='ltr'>sunt,</span> <span class='ocrx_word' id='word_1_131' title='bbox 856 1100 997 1131; x_wconf 88' lang='lat' dir='ltr'>quorum</span> <span class='ocrx_word' id='word_1_132' title='bbox 1026 1089 1352 1133; x_wconf 80' lang='lat' dir='ltr'>praecantationibus</span> <span class='ocrx_word' id='word_1_133' title='bbox 1365 1086 1387 1106; x_wconf 76' lang='lat'>¹⁴</span> <span class='ocrx_word' id='word_1_134' title='bbox 1422 1089 1575 1122; x_wconf 83' lang='lat' dir='ltr'>videntur</span> <span class='ocrx_word' id='word_1_135' title='bbox 1602 1090 1783 1123; x_wconf 78' lang='lat' dir='ltr'>resuscitati</span> <span class='ocrx_word' id='word_1_136' title='bbox 1812 1090 1931 1122; x_wconf 88' lang='lat' dir='ltr'>mortui</span> <span class='ocrx_word' id='word_1_137' title='bbox 1958 1089 2116 1127; x_wconf 82' lang='lat' dir='ltr'>divinare,</span> 
     </span>
    </p>
   </div>
   <div class='ocr_carea' id='block_1_22' title="bbox 165 1138 2116 1235">
    <p class='ocr_par' dir='ltr' id='par_1_22' title="bbox 165 1138 2116 1235">
     <span class='ocr_line' id='line_1_27' title="bbox 795 1138 2116 1185; baseline -0.002 -11"><span class='ocrx_word' id='word_1_138' title='bbox 795 1138 933 1185; x_wconf 71' lang='grc' dir='ltr'><strong><em>Νεκρός</em></strong></span> <span class='ocrx_word' id='word_1_139' title='bbox 960 1141 1045 1173; x_wconf 89' lang='lat' dir='ltr'>enim</span> <span class='ocrx_word' id='word_1_140' title='bbox 1075 1141 1207 1175; x_wconf 78' lang='lat' dir='ltr'>Graece</span> <span class='ocrx_word' id='word_1_141' title='bbox 1236 1148 1400 1180; x_wconf 62' lang='lat' dir='ltr'>mortum,</span> <span class='ocrx_word' id='word_1_142' title='bbox 1435 1141 1589 1185; x_wconf 69' lang='grc' dir='ltr'><em>μαντεία</em></span> <span class='ocrx_word' id='word_1_143' title='bbox 1618 1141 1775 1173; x_wconf 82' lang='lat' dir='ltr'>divinatio</span> <span class='ocrx_word' id='word_1_144' title='bbox 1809 1148 2031 1185; x_wconf 88' lang='lat' dir='ltr'>nuncupatur:</span> <span class='ocrx_word' id='word_1_145' title='bbox 2071 1140 2116 1172; x_wconf 89' lang='lat' dir='ltr'>ad</span> 
     </span>
     <span class='ocr_line' id='line_1_28' title="bbox 165 1185 1144 1235; baseline 0.009 -18"><span class='ocrx_word' id='word_1_146' title='bbox 165 1196 248 1228; x_wconf 83' lang='lat' dir='ltr'>quos</span> <span class='ocrx_word' id='word_1_147' title='bbox 285 1185 522 1220; x_wconf 83' lang='lat' dir='ltr'>suscitandos¹⁵</span> <span class='ocrx_word' id='word_1_148' title='bbox 565 1186 770 1221; x_wconf 78' lang='lat' dir='ltr'>ca‹laveris¹‘⁵</span> <span class='ocrx_word' id='word_1_149' title='bbox 812 1192 943 1235; x_wconf 82' lang='lat' dir='ltr'>sanguis</span> <span class='ocrx_word' id='word_1_150' title='bbox 982 1193 1144 1226; x_wconf 86' lang='lat' dir='ltr'>adiicitur.</span> 
     </span>
    </p>
   </div>
   <div class='ocr_carea' id='block_1_23' title="bbox 1932 1189 1952 1208">
    <p class='ocr_par' dir='ltr' id='par_1_23' title="bbox 1932 1189 1952 1208">
     <span class='ocr_line' id='line_1_29' title="bbox 1932 1189 1952 1208; baseline 0 0"><span class='ocrx_word' id='word_1_151' title='bbox 1932 1189 1952 1208; x_wconf 79' lang='grc' dir='ltr'>ΙΊ</span> 
     </span>
    </p>
   </div>
   <div class='ocr_carea' id='block_1_24' title="bbox 1220 1192 2116 1237">
    <p class='ocr_par' dir='ltr' id='par_1_24' title="bbox 1220 1192 2116 1237">
     <span class='ocr_line' id='line_1_30' title="bbox 1220 1192 2116 1237; baseline 0 -13"><span class='ocrx_word' id='word_1_152' title='bbox 1220 1193 1305 1224; x_wconf 85' lang='lat' dir='ltr'>Nam</span> <span class='ocrx_word' id='word_1_153' title='bbox 1350 1204 1462 1224; x_wconf 83' lang='lat' dir='ltr'>amare</span> <span class='ocrx_word' id='word_1_154' title='bbox 1501 1193 1680 1225; x_wconf 81' lang='lat' dir='ltr'>daemones</span> <span class='ocrx_word' id='word_1_155' title='bbox 1720 1193 1914 1237; x_wconf 83' lang='lat' dir='ltr'>sanguinem</span> <span class='ocrx_word' id='word_1_156' title='bbox 1997 1192 2116 1226; x_wconf 90' lang='lat' dir='ltr'>dicun-</span> 
     </span>
    </p>
   </div>
   <div class='ocr_carea' id='block_1_25' title="bbox 325 1237 2116 1288">
    <p class='ocr_par' dir='ltr' id='par_1_25' title="bbox 325 1237 2116 1288">
     <span class='ocr_line' id='line_1_31' title="bbox 325 1237 2116 1288; baseline 0.003 -19"><span class='ocrx_word' id='word_1_157' title='bbox 325 1237 477 1281; x_wconf 87' lang='lat' dir='ltr'>Ideoque</span> <span class='ocrx_word' id='word_1_158' title='bbox 510 1240 662 1282; x_wconf 87' lang='lat' dir='ltr'>quotiens</span> <span class='ocrx_word' id='word_1_159' title='bbox 699 1243 925 1274; x_wconf 87' lang='lat' dir='ltr'>necromantia</span> <span class='ocrx_word' id='word_1_160' title='bbox 961 1243 1017 1285; x_wconf 82' lang='lat' dir='ltr'>fit,</span> <span class='ocrx_word' id='word_1_161' title='bbox 1062 1254 1161 1276; x_wconf 87' lang='lat' dir='ltr'>cruor</span> <span class='ocrx_word' id='word_1_162' title='bbox 1195 1255 1282 1286; x_wconf 87' lang='lat' dir='ltr'>aqua</span> <span class='ocrx_word' id='word_1_163' title='bbox 1298 1240 1320 1259; x_wconf 80' lang='lat'>¹⁰</span> <span class='ocrx_word' id='word_1_164' title='bbox 1355 1243 1528 1284; x_wconf 79' lang='lat' dir='ltr'>miscetur,</span> <span class='ocrx_word' id='word_1_165' title='bbox 1571 1249 1607 1276; x_wconf 81' lang='lat' dir='ltr'>ut</span> <span class='ocrx_word' id='word_1_166' title='bbox 1637 1244 1752 1277; x_wconf 88' lang='lat' dir='ltr'>colore</span> <span class='ocrx_word' id='word_1_167' title='bbox 1785 1244 1951 1288; x_wconf 73' lang='lat' dir='ltr'>sanguinis</span> <span class='ocrx_word' id='word_1_168' title='bbox 1990 1244 2116 1277; x_wconf 80' lang='lat' dir='ltr'>facilius</span> 
     </span>
    </p>
   </div>
   <div class='ocr_carea' id='block_1_26' title="bbox 1057 1344 2117 1389">
    <p class='ocr_par' dir='ltr' id='par_1_26' title="bbox 1057 1344 2117 1389">
     <span class='ocr_line' id='line_1_32' title="bbox 1057 1344 2117 1389; baseline 0.001 -12"><span class='ocrx_word' id='word_1_169' title='bbox 1057 1345 1116 1377; x_wconf 72' lang='lat' dir='ltr'>Est</span> <span class='ocrx_word' id='word_1_170' title='bbox 1152 1345 1237 1378; x_wconf 81' lang='lat' dir='ltr'>enim</span> <span class='ocrx_word' id='word_1_171' title='bbox 1272 1344 1507 1388; x_wconf 57' lang='lat' dir='ltr'>hydromantia</span> <span class='ocrx_word' id='word_1_172' title='bbox 1542 1346 1574 1377; x_wconf 94' lang='lat' dir='ltr'>in</span> <span class='ocrx_word' id='word_1_173' title='bbox 1609 1357 1717 1389; x_wconf 84' lang='lat' dir='ltr'>aquae</span> <span class='ocrx_word' id='word_1_174' title='bbox 1747 1345 1951 1389; x_wconf 79' lang='lat' dir='ltr'>inspectione</span> <span class='ocrx_word' id='word_1_175' title='bbox 1983 1345 2117 1378; x_wconf 84' lang='lat' dir='ltr'>umbras</span> 
     </span>
    </p>
   </div>
   <div class='ocr_carea' id='block_1_27' title="bbox 166 1390 2117 1491">
    <p class='ocr_par' dir='ltr' id='par_1_27' title="bbox 166 1390 2117 1491">
     <span class='ocr_line' id='line_1_33' title="bbox 166 1390 2117 1440; baseline 0.004 -18"><span class='ocrx_word' id='word_1_176' title='bbox 166 1390 369 1424; x_wconf 87' lang='lat' dir='ltr'>daemonum</span> <span class='ocrx_word' id='word_1_177' title='bbox 399 1404 559 1433; x_wconf 76' lang='lat' dir='ltr'>evocare,</span> <span class='ocrx_word' id='word_1_178' title='bbox 589 1399 621 1426; x_wconf 89' lang='lat' dir='ltr'>et</span> <span class='ocrx_word' id='word_1_179' title='bbox 648 1394 827 1439; x_wconf 76' lang='lat' dir='ltr'>imagines,</span> <span class='ocrx_word' id='word_1_180' title='bbox 861 1397 912 1428; x_wconf 65' lang='lat' dir='ltr'>vel</span> <span class='ocrx_word' id='word_1_181' title='bbox 942 1396 1185 1430; x_wconf 73' lang='lat' dir='ltr'>ludificationes</span> <span class='ocrx_word' id='word_1_182' title='bbox 1213 1408 1328 1429; x_wconf 79' lang='lat' dir='ltr'>eorum</span> <span class='ocrx_word' id='word_1_183' title='bbox 1356 1397 1488 1439; x_wconf 64' lang='lat' dir='ltr'>videre,</span> <span class='ocrx_word' id='word_1_184' title='bbox 1521 1396 1634 1440; x_wconf 81' lang='lat' dir='ltr'>ibique</span> <span class='ocrx_word' id='word_1_185' title='bbox 1667 1398 1710 1431; x_wconf 87' lang='lat' dir='ltr'>ab</span> <span class='ocrx_word' id='word_1_186' title='bbox 1739 1398 1783 1430; x_wconf 86' lang='lat' dir='ltr'>eis</span> <span class='ocrx_word' id='word_1_187' title='bbox 1817 1394 1964 1440; x_wconf 64' lang='lat' dir='ltr'>aliquam</span> <span class='ocrx_word' id='word_1_188' title='bbox 1990 1397 2117 1437; x_wconf 80' lang='lat' dir='ltr'>audire,</span> 
     </span>
     <span class='ocr_line' id='line_1_34' title="bbox 166 1442 1350 1491; baseline 0.007 -18"><span class='ocrx_word' id='word_1_189' title='bbox 166 1442 221 1474; x_wconf 93' lang='lat' dir='ltr'>ubi</span> <span class='ocrx_word' id='word_1_190' title='bbox 249 1443 400 1475; x_wconf 87' lang='lat' dir='ltr'>adhibito</span> <span class='ocrx_word' id='word_1_191' title='bbox 428 1445 588 1488; x_wconf 81' lang='lat' dir='ltr'>sanguine</span> <span class='ocrx_word' id='word_1_192' title='bbox 615 1446 713 1478; x_wconf 87' lang='lat' dir='ltr'>etiam</span> <span class='ocrx_word' id='word_1_193' title='bbox 741 1447 863 1478; x_wconf 74' lang='lat' dir='ltr'>inferos</span> <span class='ocrx_word' id='word_1_194' title='bbox 898 1447 1119 1491; x_wconf 71' lang='lat' dir='ltr'>perhibentur</span> <span class='ocrx_word' id='word_1_195' title='bbox 1148 1449 1304 1481; x_wconf 73' lang='lat' dir='ltr'>suscitare</span> <span class='ocrx_word' id='word_1_196' title='bbox 1316 1445 1350 1481; x_wconf 81' lang='lat'>²¹.</span> 
     </span>
    </p>
   </div>
   <div class='ocr_carea' id='block_1_28' title="bbox 334 1494 391 1526">
    <p class='ocr_par' dir='ltr' id='par_1_28' title="bbox 334 1494 391 1526">
     <span class='ocr_line' id='line_1_35' title="bbox 334 1494 391 1526; baseline 0.018 -1"><span class='ocrx_word' id='word_1_197' title='bbox 334 1494 391 1526; x_wconf 85' lang='lat'>13.</span> 
     </span>
    </p>
   </div>
   <div class='ocr_carea' id='block_1_29' title="bbox 166 1547 1106 1640">
    <p class='ocr_par' dir='ltr' id='par_1_29' title="bbox 166 1547 1106 1640">
     <span class='ocr_line' id='line_1_36' title="bbox 167 1547 1106 1595; baseline 0.009 -19"><span class='ocrx_word' id='word_1_198' title='bbox 167 1555 237 1576; x_wconf 85' lang='lat' dir='ltr'>esse</span> <span class='ocrx_word' id='word_1_199' title='bbox 263 1556 404 1589; x_wconf 85' lang='lat' dir='ltr'>genera,</span> <span class='ocrx_word' id='word_1_200' title='bbox 429 1552 561 1586; x_wconf 80' lang='lat' dir='ltr'>terram,</span> <span class='ocrx_word' id='word_1_201' title='bbox 589 1560 721 1591; x_wconf 84' lang='lat' dir='ltr'>aquam,</span> <span class='ocrx_word' id='word_1_202' title='bbox 749 1561 859 1582; x_wconf 86' lang='lat' dir='ltr'>aerem</span> <span class='ocrx_word' id='word_1_203' title='bbox 889 1547 955 1582; x_wconf 71' lang='lat' dir='ltr'>et²⁸</span> <span class='ocrx_word' id='word_1_204' title='bbox 983 1551 1106 1595; x_wconf 83' lang='lat' dir='ltr'>ignem.</span> 
     </span>
     <span class='ocr_line' id='line_1_37' title="bbox 166 1596 601 1640; baseline 0.009 -13"><span class='ocrx_word' id='word_1_205' title='bbox 166 1597 409 1640; x_wconf 79' lang='lat' dir='ltr'>pyromantiam</span> <span class='ocrx_word' id='word_1_206' title='bbox 433 1598 555 1632; x_wconf 88' lang='lat' dir='ltr'>dictam</span> <span class='ocrx_word' id='word_1_207' title='bbox 568 1596 601 1631; x_wconf 83' lang='lat'>²⁵.</span> 
     </span>
    </p>
   </div>
   <div class='ocr_carea' id='block_1_30' title="bbox 447 1496 1686 1541">
    <p class='ocr_par' dir='ltr' id='par_1_30' title="bbox 447 1496 1686 1541">
     <span class='ocr_line' id='line_1_38' title="bbox 447 1496 1686 1541; baseline 0.002 -13"><span class='ocrx_word' id='word_1_208' title='bbox 447 1496 550 1536; x_wconf 79' lang='lat' dir='ltr'>Quod</span> <span class='ocrx_word' id='word_1_209' title='bbox 578 1508 683 1541; x_wconf 79' lang='lat' dir='ltr'>genus</span> <span class='ocrx_word' id='word_1_210' title='bbox 705 1497 911 1531; x_wconf 74' lang='lat' dir='ltr'>divinationis</span> <span class='ocrx_word' id='word_1_211' title='bbox 934 1512 952 1531; x_wconf 90' lang='lat' dir='ltr'>a</span> <span class='ocrx_word' id='word_1_212' title='bbox 971 1500 1075 1531; x_wconf 76' lang='lat' dir='ltr'>Persis</span> <span class='ocrx_word' id='word_1_213' title='bbox 1103 1501 1206 1532; x_wconf 79' lang='lat' dir='ltr'>fertur</span> <span class='ocrx_word' id='word_1_214' title='bbox 1217 1497 1241 1516; x_wconf 77' lang='lat'>²²</span> <span class='ocrx_word' id='word_1_215' title='bbox 1269 1500 1404 1532; x_wconf 88' lang='lat' dir='ltr'>allatum</span> <span class='ocrx_word' id='word_1_216' title='bbox 1424 1499 1532 1531; x_wconf 71' lang='lat' dir='ltr'>varro</span> <span class='ocrx_word' id='word_1_217' title='bbox 1561 1499 1641 1531; x_wconf 89' lang='lat' dir='ltr'>dicit</span> <span class='ocrx_word' id='word_1_218' title='bbox 1652 1496 1686 1531; x_wconf 71' lang='lat'>²³.</span> 
     </span>
    </p>
   </div>
   <div class='ocr_carea' id='block_1_31' title="bbox 1740 1499 2117 1543">
    <p class='ocr_par' dir='ltr' id='par_1_31' title="bbox 1740 1499 2117 1543">
     <span class='ocr_line' id='line_1_39' title="bbox 1740 1499 2117 1543; baseline 0 -11"><span class='ocrx_word' id='word_1_219' title='bbox 1740 1499 1958 1533; x_wconf 80' lang='lat' dir='ltr'>Divinationis</span> <span class='ocrx_word' id='word_1_220' title='bbox 1975 1504 2117 1543; x_wconf 83' lang='lat' dir='ltr'>quatuor</span> 
     </span>
    </p>
   </div>
   <div class='ocr_carea' id='block_1_32' title="bbox 1162 1550 2116 1596">
    <p class='ocr_par' dir='ltr' id='par_1_32' title="bbox 1162 1550 2116 1596">
     <span class='ocr_line' id='line_1_40' title="bbox 1162 1550 2116 1596; baseline -0.001 -12"><span class='ocrx_word' id='word_1_221' title='bbox 1162 1551 1251 1584; x_wconf 90' lang='lat' dir='ltr'>Hinc</span> <span class='ocrx_word' id='word_1_222' title='bbox 1273 1550 1520 1596; x_wconf 80' lang='lat' dir='ltr'>geomantiam,</span> <span class='ocrx_word' id='word_1_223' title='bbox 1548 1550 1839 1594; x_wconf 64' lang='lat' dir='ltr'>hydromantiam,</span> <span class='ocrx_word' id='word_1_224' title='bbox 1868 1551 2116 1592; x_wconf 84' lang='lat' dir='ltr'>aeromantiam,</span> 
     </span>
    </p>
   </div>
   <div class='ocr_carea' id='block_1_33' title="bbox 334 1648 2116 1698">
    <p class='ocr_par' dir='ltr' id='par_1_33' title="bbox 334 1648 2116 1698">
     <span class='ocr_line' id='line_1_41' title="bbox 334 1648 2116 1698; baseline 0.003 -18"><span class='ocrx_word' id='word_1_225' title='bbox 334 1648 391 1681; x_wconf 74' lang='lat'>14.</span> <span class='ocrx_word' id='word_1_226' title='bbox 445 1649 554 1682; x_wconf 79' lang='lat' dir='ltr'>Divini</span> <span class='ocrx_word' id='word_1_227' title='bbox 578 1650 676 1690; x_wconf 80' lang='lat' dir='ltr'>dicti,</span> <span class='ocrx_word' id='word_1_228' title='bbox 703 1652 796 1694; x_wconf 77' lang='lat' dir='ltr'>quasi</span> <span class='ocrx_word' id='word_1_229' title='bbox 823 1652 889 1685; x_wconf 80' lang='lat' dir='ltr'>(leo</span> <span class='ocrx_word' id='word_1_230' title='bbox 916 1654 1025 1697; x_wconf 75' lang='lat' dir='ltr'>pleni:</span> <span class='ocrx_word' id='word_1_231' title='bbox 1059 1654 1226 1687; x_wconf 77' lang='lat' dir='ltr'>divinitate</span> <span class='ocrx_word' id='word_1_232' title='bbox 1255 1655 1340 1687; x_wconf 89' lang='lat' dir='ltr'>enim</span> <span class='ocrx_word' id='word_1_233' title='bbox 1369 1665 1403 1686; x_wconf 83' lang='lat' dir='ltr'>se</span> <span class='ocrx_word' id='word_1_234' title='bbox 1430 1653 1547 1698; x_wconf 85' lang='lat' dir='ltr'>plenos</span> <span class='ocrx_word' id='word_1_235' title='bbox 1575 1653 1765 1686; x_wconf 78' lang='lat' dir='ltr'>assimulant</span> <span class='ocrx_word' id='word_1_236' title='bbox 1777 1649 1801 1669; x_wconf 72' lang='lat'>²⁶</span> <span class='ocrx_word' id='word_1_237' title='bbox 1829 1658 1862 1686; x_wconf 87' lang='lat' dir='ltr'>et</span> <span class='ocrx_word' id='word_1_238' title='bbox 1887 1653 2005 1686; x_wconf 85' lang='lat' dir='ltr'>astutia</span> <span class='ocrx_word' id='word_1_239' title='bbox 2031 1664 2116 1696; x_wconf 88' lang='lat' dir='ltr'>qua-</span> 
     </span>
    </p>
   </div>
   <div class='ocr_carea' id='block_1_34' title="bbox 170 1697 1061 1740">
    <p class='ocr_par' dir='ltr' id='par_1_34' title="bbox 170 1697 1061 1740">
     <span class='ocr_line' id='line_1_42' title="bbox 170 1697 1061 1740; baseline 0.01 -10"><span class='ocrx_word' id='word_1_240' title='bbox 170 1697 246 1731; x_wconf 84' lang='lat' dir='ltr'>dam</span> <span class='ocrx_word' id='word_1_241' title='bbox 275 1699 485 1734; x_wconf 84' lang='lat' dir='ltr'>fraudulenta</span> <span class='ocrx_word' id='word_1_242' title='bbox 512 1702 701 1734; x_wconf 87' lang='lat' dir='ltr'>hominibus</span> <span class='ocrx_word' id='word_1_243' title='bbox 729 1703 838 1735; x_wconf 87' lang='lat' dir='ltr'>sutura</span> <span class='ocrx_word' id='word_1_244' title='bbox 864 1706 1061 1740; x_wconf 85' lang='lat' dir='ltr'>coniectant.</span> 
     </span>
    </p>
   </div>
   <div class='ocr_carea' id='block_1_35' title="bbox 272 1750 1162 1797">
    <p class='ocr_par' dir='ltr' id='par_1_35' title="bbox 272 1750 1162 1797">
     <span class='ocr_line' id='line_1_43' title="bbox 272 1750 1162 1797; baseline 0.007 -14"><span class='ocrx_word' id='word_1_245' title='bbox 272 1751 348 1784; x_wconf 89' lang='lat' dir='ltr'>Duo</span> <span class='ocrx_word' id='word_1_246' title='bbox 376 1758 448 1785; x_wconf 80' lang='lat' dir='ltr'>sunt</span> <span class='ocrx_word' id='word_1_247' title='bbox 459 1750 484 1769; x_wconf 81' lang='lat'>²⁷</span> <span class='ocrx_word' id='word_1_248' title='bbox 511 1765 636 1797; x_wconf 81' lang='lat' dir='ltr'>genera</span> <span class='ocrx_word' id='word_1_249' title='bbox 666 1754 892 1788; x_wconf 80' lang='lat' dir='ltr'>divinationis:</span> <span class='ocrx_word' id='word_1_250' title='bbox 921 1769 972 1789; x_wconf 85' lang='lat' dir='ltr'>ars</span> <span class='ocrx_word' id='word_1_251' title='bbox 999 1762 1031 1790; x_wconf 83' lang='lat' dir='ltr'>et</span> <span class='ocrx_word' id='word_1_252' title='bbox 1059 1758 1162 1790; x_wconf 83' lang='lat' dir='ltr'>furor.</span> 
     </span>
    </p>
   </div>
   <div class='ocr_carea' id='block_1_36' title="bbox 171 1800 1387 1971">
    <p class='ocr_par' dir='ltr' id='par_1_36' title="bbox 171 1800 1387 1971">
     <span class='ocr_line' id='line_1_44' title="bbox 334 1800 1387 1853; baseline 0.006 -19"><span class='ocrx_word' id='word_1_253' title='bbox 334 1800 392 1836; x_wconf 81' lang='lat'>15.</span> <span class='ocrx_word' id='word_1_254' title='bbox 447 1804 671 1838; x_wconf 76' lang='lat' dir='ltr'>incantatores</span> <span class='ocrx_word' id='word_1_255' title='bbox 699 1804 832 1848; x_wconf 70' lang='lat' dir='ltr'>‹licti²⁸,</span> <span class='ocrx_word' id='word_1_256' title='bbox 860 1809 916 1851; x_wconf 87' lang='lat' dir='ltr'>qui</span> <span class='ocrx_word' id='word_1_257' title='bbox 939 1820 1008 1841; x_wconf 85' lang='lat' dir='ltr'>rem</span> <span class='ocrx_word' id='word_1_258' title='bbox 1022 1806 1046 1826; x_wconf 57' lang='lat'>&#39;²³&#39;</span> <span class='ocrx_word' id='word_1_259' title='bbox 1072 1810 1181 1841; x_wconf 83' lang='lat' dir='ltr'>verbis</span> <span class='ocrx_word' id='word_1_260' title='bbox 1210 1812 1387 1853; x_wconf 81' lang='lat' dir='ltr'>peragunt.</span> 
     </span>
     <span class='ocr_line' id='line_1_45' title="bbox 175 1884 1126 1928; baseline 0.007 -14"><span class='ocrx_word' id='word_1_261' title='bbox 175 1887 200 1914; x_wconf 88' lang='lat'>1.</span> <span class='ocrx_word' id='word_1_262' title='bbox 224 1884 262 1912; x_wconf 85' lang='lat' dir='ltr'>al.</span> <span class='ocrx_word' id='word_1_263' title='bbox 295 1902 330 1907; x_wconf 44' lang='grc' dir='ltr'><strong>ι</strong></span> <span class='ocrx_word' id='word_1_264' title='bbox 371 1887 455 1926; x_wconf 81' lang='lat' dir='ltr'>Vulg.</span> <span class='ocrx_word' id='word_1_265' title='bbox 481 1890 619 1927; x_wconf 73' lang='lat' dir='ltr'>allqaam</span> <span class='ocrx_word' id='word_1_266' title='bbox 645 1890 929 1928; x_wconf 55' lang='lat' dir='ltr'>phanias-mutimm</span> <span class='ocrx_word' id='word_1_267' title='bbox 953 1893 1126 1921; x_wconf 61' lang='lat' dir='ltr'>illusionem</span> 
     </span>
     <span class='ocr_line' id='line_1_46' title="bbox 171 1930 1125 1971; baseline 0.01 -16"><span class='ocrx_word' id='word_1_268' title='bbox 171 1931 298 1954; x_wconf 79' lang='lat' dir='ltr'>satanae</span> <span class='ocrx_word' id='word_1_269' title='bbox 318 1930 460 1965; x_wconf 79' lang='lat' dir='ltr'>fallacia</span> <span class='ocrx_word' id='word_1_270' title='bbox 479 1933 614 1968; x_wconf 81' lang='lat' dir='ltr'>factam.</span> <span class='ocrx_word' id='word_1_271' title='bbox 646 1949 686 1954; x_wconf 87' lang='lat'><em>-</em></span> <span class='ocrx_word' id='word_1_272' title='bbox 724 1933 753 1971; x_wconf 91' lang='lat'>1)</span> <span class='ocrx_word' id='word_1_273' title='bbox 777 1934 956 1963; x_wconf 83' lang='lat' dir='ltr'>Prudentius</span> <span class='ocrx_word' id='word_1_274' title='bbox 982 1936 1003 1963; x_wconf 92' lang='lat' dir='ltr'>I.</span> <span class='ocrx_word' id='word_1_275' title='bbox 1030 1942 1125 1966; x_wconf 81' lang='lat' dir='ltr'>contr.</span> 
     </span>
    </p>
   </div>
   <div class='ocr_carea' id='block_1_37' title="bbox 172 1969 1125 2061">
    <p class='ocr_par' dir='ltr' id='par_1_37' title="bbox 172 1969 1125 2061">
     <span class='ocr_line' id='line_1_47' title="bbox 172 1969 1125 2017; baseline 0.016 -22"><span class='ocrx_word' id='word_1_276' title='bbox 172 1969 339 2007; x_wconf 73' lang='lat' dir='ltr'>Symmach.</span> <span class='ocrx_word' id='word_1_277' title='bbox 371 1981 398 2001; x_wconf 89' lang='lat' dir='ltr'>v.</span> <span class='ocrx_word' id='word_1_278' title='bbox 423 1976 471 2004; x_wconf 84' lang='lat'>90.</span> <span class='ocrx_word' id='word_1_279' title='bbox 501 1990 543 1995; x_wconf 91' lang='lat'><strong>—</strong></span> <span class='ocrx_word' id='word_1_280' title='bbox 574 1974 602 2012; x_wconf 71' lang='grc' dir='ltr'>Ξ)</span> <span class='ocrx_word' id='word_1_281' title='bbox 623 1975 673 2003; x_wconf 73' lang='lat' dir='ltr'>hic</span> <span class='ocrx_word' id='word_1_282' title='bbox 704 1976 771 2005; x_wconf 85' lang='lat' dir='ltr'>add.</span> <span class='ocrx_word' id='word_1_283' title='bbox 805 1978 861 2006; x_wconf 91' lang='lat' dir='ltr'>Gu.</span> <span class='ocrx_word' id='word_1_284' title='bbox 882 1980 906 2009; x_wconf 89' lang='lat'>1.</span> <span class='ocrx_word' id='word_1_285' title='bbox 925 1979 954 2008; x_wconf 81' lang='lat'>2.</span> <span class='ocrx_word' id='word_1_286' title='bbox 969 1980 997 2008; x_wconf 84' lang='lat'>3.</span> <span class='ocrx_word' id='word_1_287' title='bbox 1013 1989 1060 2017; x_wconf 79' lang='lat' dir='ltr'>pr.</span> <span class='ocrx_word' id='word_1_288' title='bbox 1082 1996 1125 2001; x_wconf 96' lang='lat'><strong>—</strong></span> 
     </span>
     <span class='ocr_line' id='line_1_48' title="bbox 172 2011 1125 2061; baseline 0.012 -23"><span class='ocrx_word' id='word_1_289' title='bbox 172 2012 200 2049; x_wconf 83' lang='grc'>3)</span> <span class='ocrx_word' id='word_1_290' title='bbox 225 2011 272 2039; x_wconf 89' lang='lat' dir='ltr'>Sic</span> <span class='ocrx_word' id='word_1_291' title='bbox 289 2013 322 2042; x_wconf 87' lang='lat' dir='ltr'>Z.</span> <span class='ocrx_word' id='word_1_292' title='bbox 346 2014 403 2044; x_wconf 87' lang='lat' dir='ltr'>Gu.</span> <span class='ocrx_word' id='word_1_293' title='bbox 422 2017 450 2046; x_wconf 87' lang='lat'>3.</span> <span class='ocrx_word' id='word_1_294' title='bbox 472 2025 560 2054; x_wconf 76' lang='lat' dir='ltr'>supra</span> <span class='ocrx_word' id='word_1_295' title='bbox 584 2017 634 2045; x_wconf 90' lang='lat' dir='ltr'>lin.</span> <span class='ocrx_word' id='word_1_296' title='bbox 658 2017 707 2049; x_wconf 85' lang='lat' dir='ltr'>Ar.</span> <span class='ocrx_word' id='word_1_297' title='bbox 735 2036 774 2041; x_wconf 95' lang='lat'><strong>—</strong></span> <span class='ocrx_word' id='word_1_298' title='bbox 806 2019 894 2058; x_wconf 86' lang='lat' dir='ltr'>Vulg.</span> <span class='ocrx_word' id='word_1_299' title='bbox 920 2021 1007 2047; x_wconf 67' lang='lat' dir='ltr'>alios.</span> <span class='ocrx_word' id='word_1_300' title='bbox 1030 2038 1071 2042; x_wconf 91' lang='lat'><strong>—</strong></span> <span class='ocrx_word' id='word_1_301' title='bbox 1094 2020 1125 2061; x_wconf 80' lang='lat'>4)</span> 
     </span>
    </p>
   </div>
   <div class='ocr_carea' id='block_1_38' title="bbox 173 2052 1128 2355">
    <p class='ocr_par' dir='ltr' id='par_1_38' title="bbox 173 2052 1128 2355">
     <span class='ocr_line' id='line_1_49' title="bbox 173 2052 1125 2095; baseline 0.012 -15"><span class='ocrx_word' id='word_1_302' title='bbox 173 2052 221 2081; x_wconf 87' lang='lat' dir='ltr'>Sic</span> <span class='ocrx_word' id='word_1_303' title='bbox 240 2053 296 2082; x_wconf 85' lang='lat' dir='ltr'>Gn.</span> <span class='ocrx_word' id='word_1_304' title='bbox 315 2058 341 2085; x_wconf 89' lang='lat'>1.</span> <span class='ocrx_word' id='word_1_305' title='bbox 370 2074 408 2079; x_wconf 89' lang='lat'>—-</span> <span class='ocrx_word' id='word_1_306' title='bbox 434 2057 520 2095; x_wconf 78' lang='lat' dir='ltr'>Vulg,</span> <span class='ocrx_word' id='word_1_307' title='bbox 551 2059 672 2089; x_wconf 66' lang='lat' dir='ltr'>adierit.</span> <span class='ocrx_word' id='word_1_308' title='bbox 706 2076 746 2082; x_wconf 84' lang='lat'>—</span> <span class='ocrx_word' id='word_1_309' title='bbox 778 2064 805 2095; x_wconf 86' lang='grc'>5)</span> <span class='ocrx_word' id='word_1_310' title='bbox 829 2064 927 2091; x_wconf 76' lang='lat' dir='ltr'>tenuis</span> <span class='ocrx_word' id='word_1_311' title='bbox 955 2064 1012 2092; x_wconf 88' lang='lat' dir='ltr'>Gu.</span> <span class='ocrx_word' id='word_1_312' title='bbox 1034 2067 1059 2095; x_wconf 88' lang='lat'>1.</span> <span class='ocrx_word' id='word_1_313' title='bbox 1082 2080 1125 2085; x_wconf 92' lang='lat'>—</span> 
     </span>
     <span class='ocr_line' id='line_1_50' title="bbox 173 2094 1127 2145; baseline 0.014 -23"><span class='ocrx_word' id='word_1_314' title='bbox 173 2094 201 2129; x_wconf 83' lang='grc'>6)</span> <span class='ocrx_word' id='word_1_315' title='bbox 218 2095 366 2125; x_wconf 58' lang='lat' dir='ltr'>Invitavit</span> <span class='ocrx_word' id='word_1_316' title='bbox 389 2098 468 2127; x_wconf 72' lang='lat' dir='ltr'>idem</span> <span class='ocrx_word' id='word_1_317' title='bbox 491 2101 547 2128; x_wconf 88' lang='lat' dir='ltr'>Gu.</span> <span class='ocrx_word' id='word_1_318' title='bbox 567 2105 592 2132; x_wconf 89' lang='lat'>1.</span> <span class='ocrx_word' id='word_1_319' title='bbox 613 2118 655 2123; x_wconf 93' lang='lat'><strong>—</strong></span> <span class='ocrx_word' id='word_1_320' title='bbox 677 2102 708 2142; x_wconf 86' lang='lat'>7)</span> <span class='ocrx_word' id='word_1_321' title='bbox 730 2105 896 2133; x_wconf 57' lang='lat' dir='ltr'>virulentia</span> <span class='ocrx_word' id='word_1_322' title='bbox 918 2109 954 2134; x_wconf 84' lang='lat' dir='ltr'>al.</span> <span class='ocrx_word' id='word_1_323' title='bbox 980 2122 1015 2126; x_wconf 93' lang='lat'><em>—</em></span> <span class='ocrx_word' id='word_1_324' title='bbox 1041 2106 1068 2145; x_wconf 72' lang='lat'>8)</span> <span class='ocrx_word' id='word_1_325' title='bbox 1082 2113 1127 2133; x_wconf 72' lang='lat' dir='ltr'>tt]-</span> 
     </span>
     <span class='ocr_line' id='line_1_51' title="bbox 174 2139 1128 2181; baseline 0.014 -16"><span class='ocrx_word' id='word_1_326' title='bbox 174 2148 237 2166; x_wconf 80' lang='lat' dir='ltr'>men</span> <span class='ocrx_word' id='word_1_327' title='bbox 261 2139 293 2166; x_wconf 90' lang='lat' dir='ltr'>Z.</span> <span class='ocrx_word' id='word_1_328' title='bbox 318 2155 360 2161; x_wconf 87' lang='lat'>—</span> <span class='ocrx_word' id='word_1_329' title='bbox 397 2140 428 2180; x_wconf 86' lang='lat'>9)</span> <span class='ocrx_word' id='word_1_330' title='bbox 454 2142 538 2180; x_wconf 79' lang='lat' dir='ltr'>Vulg.</span> <span class='ocrx_word' id='word_1_331' title='bbox 576 2144 659 2171; x_wconf 79' lang='lat' dir='ltr'>Unde</span> <span class='ocrx_word' id='word_1_332' title='bbox 681 2151 726 2181; x_wconf 80' lang='lat' dir='ltr'>ct,</span> <span class='ocrx_word' id='word_1_333' title='bbox 756 2146 807 2174; x_wconf 82' lang='lat' dir='ltr'>sed</span> <span class='ocrx_word' id='word_1_334' title='bbox 831 2154 857 2175; x_wconf 75' lang='lat' dir='ltr'>ct</span> <span class='ocrx_word' id='word_1_335' title='bbox 881 2158 939 2178; x_wconf 89' lang='lat' dir='ltr'>om.</span> <span class='ocrx_word' id='word_1_336' title='bbox 962 2148 1017 2176; x_wconf 91' lang='lat' dir='ltr'>Gu.</span> <span class='ocrx_word' id='word_1_337' title='bbox 1037 2153 1063 2181; x_wconf 91' lang='lat'>1.</span> <span class='ocrx_word' id='word_1_338' title='bbox 1085 2166 1128 2172; x_wconf 97' lang='lat'>—</span> 
     </span>
     <span class='ocr_line' id='line_1_52' title="bbox 175 2178 1125 2231; baseline 0.014 -23"><span class='ocrx_word' id='word_1_339' title='bbox 175 2178 224 2221; x_wconf 92' lang='grc'>10)</span> <span class='ocrx_word' id='word_1_340' title='bbox 249 2181 357 2210; x_wconf 83' lang='lat' dir='ltr'>Lucan.</span> <span class='ocrx_word' id='word_1_341' title='bbox 382 2182 433 2220; x_wconf 86' lang='lat' dir='ltr'>Vl,</span> <span class='ocrx_word' id='word_1_342' title='bbox 457 2185 528 2216; x_wconf 86' lang='lat'><strong>457.</strong></span> <span class='ocrx_word' id='word_1_343' title='bbox 560 2200 598 2207; x_wconf 92' lang='lat'><strong>—</strong></span> <span class='ocrx_word' id='word_1_344' title='bbox 632 2189 674 2220; x_wconf 88' lang='lat' dir='ltr'>ll)</span> <span class='ocrx_word' id='word_1_345' title='bbox 699 2188 814 2217; x_wconf 70' lang='lat' dir='ltr'>hausta</span> <span class='ocrx_word' id='word_1_346' title='bbox 837 2191 895 2219; x_wconf 87' lang='lat' dir='ltr'>Gu.</span> <span class='ocrx_word' id='word_1_347' title='bbox 918 2193 945 2221; x_wconf 94' lang='lat'>1.</span> <span class='ocrx_word' id='word_1_348' title='bbox 967 2194 995 2222; x_wconf 82' lang='grc'>2.</span> <span class='ocrx_word' id='word_1_349' title='bbox 1018 2208 1054 2212; x_wconf 92' lang='grc'>-</span> <span class='ocrx_word' id='word_1_350' title='bbox 1082 2191 1125 2231; x_wconf 69' lang='lat'>12)</span> 
     </span>
     <span class='ocr_line' id='line_1_53' title="bbox 175 2226 1128 2264; baseline 0.014 -14"><span class='ocrx_word' id='word_1_351' title='bbox 175 2229 337 2262; x_wconf 76' lang='lat' dir='ltr'>contegunt</span> <span class='ocrx_word' id='word_1_352' title='bbox 360 2226 390 2253; x_wconf 94' lang='grc' dir='ltr'>Ζ.</span> <span class='ocrx_word' id='word_1_353' title='bbox 420 2241 462 2248; x_wconf 88' lang='lat'>—-</span> <span class='ocrx_word' id='word_1_354' title='bbox 495 2229 538 2264; x_wconf 81' lang='lat'>13)</span> <span class='ocrx_word' id='word_1_355' title='bbox 562 2229 769 2258; x_wconf 63' lang='lat' dir='ltr'>llio-omnnia·</span> <span class='ocrx_word' id='word_1_356' title='bbox 783 2232 813 2261; x_wconf 78' lang='lat' dir='ltr'>Z.</span> <span class='ocrx_word' id='word_1_357' title='bbox 836 2249 877 2254; x_wconf 92' lang='lat'>—</span> <span class='ocrx_word' id='word_1_358' title='bbox 902 2233 1128 2262; x_wconf 74' lang='lat' dir='ltr'>Necromantici</span> 
     </span>
     <span class='ocr_line' id='line_1_54' title="bbox 175 2265 1125 2316; baseline 0.013 -23"><span class='ocrx_word' id='word_1_359' title='bbox 175 2265 253 2304; x_wconf 86' lang='lat' dir='ltr'>vulg.</span> <span class='ocrx_word' id='word_1_360' title='bbox 297 2267 358 2296; x_wconf 80' lang='lat' dir='ltr'>Nos</span> <span class='ocrx_word' id='word_1_361' title='bbox 380 2268 475 2297; x_wconf 82' lang='lat' dir='ltr'>secuti</span> <span class='ocrx_word' id='word_1_362' title='bbox 500 2278 600 2298; x_wconf 83' lang='lat' dir='ltr'>sumus</span> <span class='ocrx_word' id='word_1_363' title='bbox 619 2271 675 2299; x_wconf 90' lang='lat' dir='ltr'>Gu.</span> <span class='ocrx_word' id='word_1_364' title='bbox 693 2275 718 2303; x_wconf 87' lang='lat'>1.</span> <span class='ocrx_word' id='word_1_365' title='bbox 741 2276 771 2304; x_wconf 82' lang='lat'>2.</span> <span class='ocrx_word' id='word_1_366' title='bbox 787 2284 832 2302; x_wconf 85' lang='lat' dir='ltr'>va.</span> <span class='ocrx_word' id='word_1_367' title='bbox 857 2275 907 2303; x_wconf 86' lang='lat' dir='ltr'>Ar.</span> <span class='ocrx_word' id='word_1_368' title='bbox 931 2293 970 2297; x_wconf 92' lang='lat'>—</span> <span class='ocrx_word' id='word_1_369' title='bbox 996 2278 1039 2311; x_wconf 76' lang='lat'>14)</span> <span class='ocrx_word' id='word_1_370' title='bbox 1057 2289 1125 2316; x_wconf 73' lang='lat' dir='ltr'>per-</span> 
     </span>
     <span class='ocr_line' id='line_1_55' title="bbox 175 2309 1125 2355; baseline 0.014 -20"><span class='ocrx_word' id='word_1_371' title='bbox 175 2314 289 2337; x_wconf 82' lang='lat' dir='ltr'>cantat.</span> <span class='ocrx_word' id='word_1_372' title='bbox 312 2309 349 2338; x_wconf 83' lang='lat' dir='ltr'>al.</span> <span class='ocrx_word' id='word_1_373' title='bbox 370 2327 412 2333; x_wconf 93' lang='lat'>-—</span> <span class='ocrx_word' id='word_1_374' title='bbox 445 2309 490 2351; x_wconf 82' lang='lat'>15)</span> <span class='ocrx_word' id='word_1_375' title='bbox 513 2313 713 2341; x_wconf 73' lang='lat' dir='ltr'>sciscitandos</span> <span class='ocrx_word' id='word_1_376' title='bbox 744 2316 800 2345; x_wconf 87' lang='lat' dir='ltr'>Gu.</span> <span class='ocrx_word' id='word_1_377' title='bbox 819 2319 848 2348; x_wconf 76' lang='lat'>2.</span> <span class='ocrx_word' id='word_1_378' title='bbox 873 2317 912 2346; x_wconf 88' lang='lat' dir='ltr'>al.</span> <span class='ocrx_word' id='word_1_379' title='bbox 937 2328 983 2346; x_wconf 70' lang='lat' dir='ltr'>va.</span> <span class='ocrx_word' id='word_1_380' title='bbox 1012 2337 1052 2341; x_wconf 84' lang='lat'>—</span> <span class='ocrx_word' id='word_1_381' title='bbox 1083 2323 1125 2355; x_wconf 85' lang='lat'>16)</span> 
     </span>
    </p>
   </div>
   <div class='ocr_carea' id='block_1_39' title="bbox 176 2350 1126 2443">
    <p class='ocr_par' dir='ltr' id='par_1_39' title="bbox 176 2350 1126 2443">
     <span class='ocr_line' id='line_1_56' title="bbox 176 2350 1125 2400; baseline 0.014 -22"><span class='ocrx_word' id='word_1_382' title='bbox 176 2350 224 2379; x_wconf 88' lang='lat' dir='ltr'>Sic</span> <span class='ocrx_word' id='word_1_383' title='bbox 248 2351 278 2379; x_wconf 91' lang='lat' dir='ltr'>Z.</span> <span class='ocrx_word' id='word_1_384' title='bbox 299 2352 354 2380; x_wconf 91' lang='lat' dir='ltr'>Gu.</span> <span class='ocrx_word' id='word_1_385' title='bbox 371 2355 397 2384; x_wconf 91' lang='lat'>1.</span> <span class='ocrx_word' id='word_1_386' title='bbox 414 2355 445 2385; x_wconf 79' lang='lat'>2.</span> <span class='ocrx_word' id='word_1_387' title='bbox 461 2363 506 2392; x_wconf 87' lang='lat' dir='ltr'>pr.</span> <span class='ocrx_word' id='word_1_388' title='bbox 522 2364 568 2384; x_wconf 86' lang='lat' dir='ltr'>va.</span> <span class='ocrx_word' id='word_1_389' title='bbox 584 2371 626 2377; x_wconf 91' lang='lat'>—</span> <span class='ocrx_word' id='word_1_390' title='bbox 648 2355 735 2394; x_wconf 85' lang='lat' dir='ltr'>Vulg.</span> <span class='ocrx_word' id='word_1_391' title='bbox 756 2358 907 2387; x_wconf 63' lang='lat' dir='ltr'>cadaveri.</span> <span class='ocrx_word' id='word_1_392' title='bbox 924 2378 960 2382; x_wconf 80' lang='lat'>—</span> <span class='ocrx_word' id='word_1_393' title='bbox 979 2364 1025 2398; x_wconf 86' lang='lat'>17)</span> <span class='ocrx_word' id='word_1_394' title='bbox 1038 2373 1125 2400; x_wconf 76' lang='lat' dir='ltr'>sang.</span> 
     </span>
     <span class='ocr_line' id='line_1_57' title="bbox 177 2392 1126 2443; baseline 0.014 -23"><span class='ocrx_word' id='word_1_395' title='bbox 177 2392 273 2424; x_wconf 79' lang='lat' dir='ltr'>daem.</span> <span class='ocrx_word' id='word_1_396' title='bbox 290 2395 323 2426; x_wconf 83' lang='grc' dir='ltr'>Ζ.</span> <span class='ocrx_word' id='word_1_397' title='bbox 342 2413 378 2418; x_wconf 88' lang='grc'>-</span> <span class='ocrx_word' id='word_1_398' title='bbox 396 2398 535 2426; x_wconf 81' lang='lat' dir='ltr'>animare</span> <span class='ocrx_word' id='word_1_399' title='bbox 557 2397 716 2427; x_wconf 68' lang='lat' dir='ltr'>daemones</span> <span class='ocrx_word' id='word_1_400' title='bbox 738 2402 940 2439; x_wconf 71' lang='lat' dir='ltr'>sanguineum</span> <span class='ocrx_word' id='word_1_401' title='bbox 955 2403 992 2433; x_wconf 81' lang='lat' dir='ltr'>al.</span> <span class='ocrx_word' id='word_1_402' title='bbox 1017 2421 1057 2427; x_wconf 90' lang='lat'>--</span> <span class='ocrx_word' id='word_1_403' title='bbox 1082 2404 1126 2443; x_wconf 79' lang='lat'>18)</span> 
     </span>
    </p>
   </div>
   <div class='ocr_carea' id='block_1_40' title="bbox 1168 1889 2116 2187">
    <p class='ocr_par' dir='ltr' id='par_1_40' title="bbox 1168 1889 2116 2187">
     <span class='ocr_line' id='line_1_58' title="bbox 1168 1889 2116 1929; baseline -0.003 -8"><span class='ocrx_word' id='word_1_404' title='bbox 1168 1893 1216 1921; x_wconf 92' lang='lat' dir='ltr'>Sic</span> <span class='ocrx_word' id='word_1_405' title='bbox 1241 1894 1297 1921; x_wconf 84' lang='lat' dir='ltr'>Gu.</span> <span class='ocrx_word' id='word_1_406' title='bbox 1320 1895 1347 1923; x_wconf 91' lang='lat'>1.</span> <span class='ocrx_word' id='word_1_407' title='bbox 1365 1910 1402 1914; x_wconf 77' lang='lat'>—-</span> <span class='ocrx_word' id='word_1_408' title='bbox 1421 1890 1537 1919; x_wconf 75' lang='lat' dir='ltr'>dicitur</span> <span class='ocrx_word' id='word_1_409' title='bbox 1554 1891 1590 1919; x_wconf 86' lang='lat' dir='ltr'>al.</span> <span class='ocrx_word' id='word_1_410' title='bbox 1603 1906 1645 1912; x_wconf 92' lang='lat'>—-</span> <span class='ocrx_word' id='word_1_411' title='bbox 1660 1889 1767 1918; x_wconf 74' lang='lat' dir='ltr'>dicunt</span> <span class='ocrx_word' id='word_1_412' title='bbox 1787 1890 1868 1928; x_wconf 83' lang='lat' dir='ltr'>vulg.</span> <span class='ocrx_word' id='word_1_413' title='bbox 1890 1906 1931 1911; x_wconf 94' lang='lat'><strong>—</strong></span> <span class='ocrx_word' id='word_1_414' title='bbox 1956 1891 1999 1927; x_wconf 84' lang='lat'>19)</span> <span class='ocrx_word' id='word_1_415' title='bbox 2016 1900 2116 1929; x_wconf 76' lang='lat' dir='ltr'>aquae</span> 
     </span>
     <span class='ocr_line' id='line_1_59' title="bbox 1169 1932 2114 1975; baseline -0.004 -11"><span class='ocrx_word' id='word_1_416' title='bbox 1169 1936 1207 1965; x_wconf 89' lang='lat' dir='ltr'>aL</span> <span class='ocrx_word' id='word_1_417' title='bbox 1229 1951 1272 1958; x_wconf 89' lang='lat'><em>-</em></span> <span class='ocrx_word' id='word_1_418' title='bbox 1294 1933 1341 1975; x_wconf 72' lang='lat'>20)</span> <span class='ocrx_word' id='word_1_419' title='bbox 1356 1934 1404 1962; x_wconf 88' lang='lat' dir='ltr'>Sic</span> <span class='ocrx_word' id='word_1_420' title='bbox 1419 1935 1449 1964; x_wconf 92' lang='lat' dir='ltr'>Z.</span> <span class='ocrx_word' id='word_1_421' title='bbox 1473 1933 1529 1962; x_wconf 87' lang='lat' dir='ltr'>Gu.</span> <span class='ocrx_word' id='word_1_422' title='bbox 1555 1936 1580 1964; x_wconf 86' lang='lat'>1.</span> <span class='ocrx_word' id='word_1_423' title='bbox 1602 1936 1630 1964; x_wconf 81' lang='grc'>2.</span> <span class='ocrx_word' id='word_1_424' title='bbox 1647 1932 1698 1962; x_wconf 81' lang='lat' dir='ltr'>Ar.</span> <span class='ocrx_word' id='word_1_425' title='bbox 1712 1950 1754 1954; x_wconf 91' lang='lat'>—</span> <span class='ocrx_word' id='word_1_426' title='bbox 1776 1934 1885 1972; x_wconf 72' lang='lat' dir='ltr'>aliqua</span> <span class='ocrx_word' id='word_1_427' title='bbox 1908 1933 1946 1961; x_wconf 83' lang='lat' dir='ltr'>ab</span> <span class='ocrx_word' id='word_1_428' title='bbox 1969 1934 2011 1960; x_wconf 73' lang='lat' dir='ltr'>eis</span> <span class='ocrx_word' id='word_1_429' title='bbox 2032 1933 2114 1971; x_wconf 79' lang='lat' dir='ltr'>vulg,</span> 
     </span>
     <span class='ocr_line' id='line_1_60' title="bbox 1168 1974 2114 2016; baseline -0.002 -10"><span class='ocrx_word' id='word_1_430' title='bbox 1168 1978 1323 2016; x_wconf 67' lang='lat' dir='ltr'>—iln&#39;que</span> <span class='ocrx_word' id='word_1_431' title='bbox 1343 1999 1351 2006; x_wconf 89' lang='lat'><em>.</em></span> <span class='ocrx_word' id='word_1_432' title='bbox 1367 1998 1374 2005; x_wconf 85' lang='lat'><strong>.</strong></span> <span class='ocrx_word' id='word_1_433' title='bbox 1388 1998 1396 2006; x_wconf 93' lang='lat'><strong>.</strong></span> <span class='ocrx_word' id='word_1_434' title='bbox 1419 1975 1529 2004; x_wconf 79' lang='lat' dir='ltr'>audire</span> <span class='ocrx_word' id='word_1_435' title='bbox 1552 1976 1589 2004; x_wconf 83' lang='lat' dir='ltr'>al.</span> <span class='ocrx_word' id='word_1_436' title='bbox 1611 1986 1667 2006; x_wconf 87' lang='lat' dir='ltr'>om.</span> <span class='ocrx_word' id='word_1_437' title='bbox 1690 1993 1733 1997; x_wconf 97' lang='lat'><strong>—</strong></span> <span class='ocrx_word' id='word_1_438' title='bbox 1760 1974 1806 2014; x_wconf 68' lang='lat'>21)</span> <span class='ocrx_word' id='word_1_439' title='bbox 1828 1975 1878 2004; x_wconf 88' lang='lat' dir='ltr'>Sic</span> <span class='ocrx_word' id='word_1_440' title='bbox 1901 1976 1958 2005; x_wconf 91' lang='lat' dir='ltr'>Gu.</span> <span class='ocrx_word' id='word_1_441' title='bbox 1977 1978 2004 2007; x_wconf 86' lang='lat'>1.</span> <span class='ocrx_word' id='word_1_442' title='bbox 2024 1977 2054 2006; x_wconf 83' lang='lat'>2.</span> <span class='ocrx_word' id='word_1_443' title='bbox 2075 1992 2114 1997; x_wconf 91' lang='grc'>-</span> 
     </span>
     <span class='ocr_line' id='line_1_61' title="bbox 1168 2017 2113 2057; baseline -0.001 -9"><span class='ocrx_word' id='word_1_444' title='bbox 1168 2021 1314 2049; x_wconf 75' lang='lat' dir='ltr'>suscitari</span> <span class='ocrx_word' id='word_1_445' title='bbox 1337 2019 1382 2049; x_wconf 82' lang='lat' dir='ltr'>ed.</span> <span class='ocrx_word' id='word_1_446' title='bbox 1406 2018 1495 2049; x_wconf 82' lang='lat' dir='ltr'>Goth.</span> <span class='ocrx_word' id='word_1_447' title='bbox 1517 2035 1558 2040; x_wconf 91' lang='lat'>-—</span> <span class='ocrx_word' id='word_1_448' title='bbox 1583 2020 1737 2047; x_wconf 71' lang='lat' dir='ltr'>sciscitari</span> <span class='ocrx_word' id='word_1_449' title='bbox 1767 2019 1847 2057; x_wconf 83' lang='lat' dir='ltr'>vulg.</span> <span class='ocrx_word' id='word_1_450' title='bbox 1879 2035 1921 2041; x_wconf 97' lang='lat'>—</span> <span class='ocrx_word' id='word_1_451' title='bbox 1949 2017 1996 2056; x_wconf 70' lang='lat'>22)</span> <span class='ocrx_word' id='word_1_452' title='bbox 2012 2018 2060 2046; x_wconf 82' lang='lat' dir='ltr'>Sic</span> <span class='ocrx_word' id='word_1_453' title='bbox 2083 2019 2113 2047; x_wconf 89' lang='lat' dir='ltr'>Z.</span> 
     </span>
     <span class='ocr_line' id='line_1_62' title="bbox 1169 2060 2113 2100; baseline -0.003 -8"><span class='ocrx_word' id='word_1_454' title='bbox 1169 2064 1225 2092; x_wconf 90' lang='lat' dir='ltr'>Gu.</span> <span class='ocrx_word' id='word_1_455' title='bbox 1260 2069 1286 2095; x_wconf 90' lang='lat'>1.</span> <span class='ocrx_word' id='word_1_456' title='bbox 1311 2065 1340 2093; x_wconf 78' lang='grc'>2.</span> <span class='ocrx_word' id='word_1_457' title='bbox 1365 2061 1443 2090; x_wconf 71' lang='lat' dir='ltr'>ooth.</span> <span class='ocrx_word' id='word_1_458' title='bbox 1467 2077 1507 2082; x_wconf 91' lang='lat'><strong>—</strong></span> <span class='ocrx_word' id='word_1_459' title='bbox 1538 2060 1654 2090; x_wconf 69' lang='lat' dir='ltr'>dicitur</span> <span class='ocrx_word' id='word_1_460' title='bbox 1675 2062 1774 2099; x_wconf 83' lang='lat' dir='ltr'>vulg.,</span> <span class='ocrx_word' id='word_1_461' title='bbox 1805 2060 1883 2099; x_wconf 88' lang='lat' dir='ltr'>quod</span> <span class='ocrx_word' id='word_1_462' title='bbox 1908 2070 1966 2089; x_wconf 88' lang='lat' dir='ltr'>om.</span> <span class='ocrx_word' id='word_1_463' title='bbox 1990 2060 2041 2088; x_wconf 82' lang='lat' dir='ltr'>Ar.</span> <span class='ocrx_word' id='word_1_464' title='bbox 2067 2071 2113 2100; x_wconf 77' lang='lat' dir='ltr'>pr.</span> 
     </span>
     <span class='ocr_line' id='line_1_63' title="bbox 1171 2103 2115 2145; baseline -0.002 -11"><span class='ocrx_word' id='word_1_465' title='bbox 1171 2123 1212 2128; x_wconf 91' lang='lat'>——</span> <span class='ocrx_word' id='word_1_466' title='bbox 1235 2103 1281 2145; x_wconf 71' lang='lat'>23)</span> <span class='ocrx_word' id='word_1_467' title='bbox 1304 2105 1352 2133; x_wconf 90' lang='lat' dir='ltr'>Sic</span> <span class='ocrx_word' id='word_1_468' title='bbox 1369 2104 1506 2133; x_wconf 81' lang='lat' dir='ltr'>distinxit</span> <span class='ocrx_word' id='word_1_469' title='bbox 1528 2104 1627 2133; x_wconf 85' lang='lat' dir='ltr'>locum</span> <span class='ocrx_word' id='word_1_470' title='bbox 1651 2104 1736 2134; x_wconf 84' lang='lat' dir='ltr'>Arev.</span> <span class='ocrx_word' id='word_1_471' title='bbox 1760 2113 1797 2132; x_wconf 83' lang='lat' dir='ltr'>ex</span> <span class='ocrx_word' id='word_1_472' title='bbox 1820 2103 1977 2140; x_wconf 79' lang='lat' dir='ltr'>Augustin.</span> <span class='ocrx_word' id='word_1_473' title='bbox 1996 2103 2060 2132; x_wconf 92' lang='lat' dir='ltr'>VlI.</span> <span class='ocrx_word' id='word_1_474' title='bbox 2077 2103 2115 2132; x_wconf 79' lang='lat' dir='ltr'>de</span> 
     </span>
     <span class='ocr_line' id='line_1_64' title="bbox 1171 2145 2114 2187; baseline -0.003 -10"><span class='ocrx_word' id='word_1_475' title='bbox 1171 2149 1234 2177; x_wconf 85' lang='lat' dir='ltr'>civ.</span> <span class='ocrx_word' id='word_1_476' title='bbox 1253 2158 1319 2187; x_wconf 88' lang='lat' dir='ltr'>cap.</span> <span class='ocrx_word' id='word_1_477' title='bbox 1333 2147 1386 2176; x_wconf 89' lang='lat' dir='ltr'>ult.</span> <span class='ocrx_word' id='word_1_478' title='bbox 1432 2147 1515 2176; x_wconf 84' lang='lat' dir='ltr'>Unde</span> <span class='ocrx_word' id='word_1_479' title='bbox 1537 2147 1614 2175; x_wconf 85' lang='lat' dir='ltr'>idem</span> <span class='ocrx_word' id='word_1_480' title='bbox 1630 2157 1684 2186; x_wconf 85' lang='lat' dir='ltr'>per</span> <span class='ocrx_word' id='word_1_481' title='bbox 1706 2145 1898 2186; x_wconf 77' lang='lat' dir='ltr'>parenthesin</span> <span class='ocrx_word' id='word_1_482' title='bbox 1921 2146 2029 2174; x_wconf 83' lang='lat' dir='ltr'>adiecit</span> <span class='ocrx_word' id='word_1_483' title='bbox 2039 2156 2114 2174; x_wconf 88' lang='lat' dir='ltr'>con-</span> 
     </span>
    </p>
   </div>
   <div class='ocr_carea' id='block_1_41' title="bbox 1169 2189 2115 2314">
    <p class='ocr_par' dir='ltr' id='par_1_41' title="bbox 1169 2189 2115 2314">
     <span class='ocr_line' id='line_1_65' title="bbox 1170 2189 2113 2228; baseline 0 -10"><span class='ocrx_word' id='word_1_484' title='bbox 1170 2196 1241 2218; x_wconf 74' lang='lat' dir='ltr'>stat.</span> <span class='ocrx_word' id='word_1_485' title='bbox 1258 2206 1299 2212; x_wconf 92' lang='lat'>-—</span> <span class='ocrx_word' id='word_1_486' title='bbox 1322 2189 1408 2227; x_wconf 82' lang='lat' dir='ltr'>Vulg.</span> <span class='ocrx_word' id='word_1_487' title='bbox 1431 2190 1529 2218; x_wconf 72' lang='lat' dir='ltr'>Varro</span> <span class='ocrx_word' id='word_1_488' title='bbox 1544 2189 1636 2226; x_wconf 78' lang='lat' dir='ltr'>dicit,</span> <span class='ocrx_word' id='word_1_489' title='bbox 1661 2195 1793 2228; x_wconf 78' lang='lat' dir='ltr'>quatuor</span> <span class='ocrx_word' id='word_1_490' title='bbox 1810 2194 1863 2218; x_wconf 78' lang='lat' dir='ltr'>ele.</span> <span class='ocrx_word' id='word_1_491' title='bbox 1891 2205 1925 2209; x_wconf 93' lang='lat'>—</span> <span class='ocrx_word' id='word_1_492' title='bbox 1952 2189 1999 2226; x_wconf 76' lang='lat'>24)</span> <span class='ocrx_word' id='word_1_493' title='bbox 2014 2195 2041 2217; x_wconf 76' lang='lat' dir='ltr'>et</span> <span class='ocrx_word' id='word_1_494' title='bbox 2056 2199 2113 2218; x_wconf 84' lang='lat' dir='ltr'>om.</span> 
     </span>
     <span class='ocr_line' id='line_1_66' title="bbox 1169 2230 2110 2271; baseline -0.002 -9"><span class='ocrx_word' id='word_1_495' title='bbox 1169 2234 1221 2262; x_wconf 84' lang='lat' dir='ltr'>Ar.</span> <span class='ocrx_word' id='word_1_496' title='bbox 1243 2249 1284 2254; x_wconf 94' lang='lat'><em>-</em></span> <span class='ocrx_word' id='word_1_497' title='bbox 1307 2231 1455 2271; x_wconf 69' lang='lat' dir='ltr'>⁶25)V11lg.</span> <span class='ocrx_word' id='word_1_498' title='bbox 1479 2232 1548 2262; x_wconf 86' lang='lat' dir='ltr'>add.</span> <span class='ocrx_word' id='word_1_499' title='bbox 1572 2238 1709 2269; x_wconf 78' lang='lat' dir='ltr'>constat,</span> <span class='ocrx_word' id='word_1_500' title='bbox 1733 2230 1812 2270; x_wconf 88' lang='lat' dir='ltr'>quod</span> <span class='ocrx_word' id='word_1_501' title='bbox 1836 2241 1893 2261; x_wconf 87' lang='lat' dir='ltr'>om.</span> <span class='ocrx_word' id='word_1_502' title='bbox 1918 2232 2110 2263; x_wconf 76' lang='lat' dir='ltr'>Gu.1.2.—</span> 
     </span>
     <span class='ocr_line' id='line_1_67' title="bbox 1169 2274 2115 2314; baseline -0.002 -10"><span class='ocrx_word' id='word_1_503' title='bbox 1169 2275 1284 2304; x_wconf 73' lang='lat' dir='ltr'>dictam</span> <span class='ocrx_word' id='word_1_504' title='bbox 1306 2281 1423 2303; x_wconf 76' lang='lat' dir='ltr'>constat</span> <span class='ocrx_word' id='word_1_505' title='bbox 1450 2286 1507 2305; x_wconf 89' lang='lat' dir='ltr'>om.</span> <span class='ocrx_word' id='word_1_506' title='bbox 1539 2275 1590 2304; x_wconf 74' lang='lat' dir='ltr'>Ar.</span> <span class='ocrx_word' id='word_1_507' title='bbox 1613 2291 1655 2297; x_wconf 93' lang='lat'>—-</span> <span class='ocrx_word' id='word_1_508' title='bbox 1688 2274 1733 2314; x_wconf 74' lang='lat'>26)</span> <span class='ocrx_word' id='word_1_509' title='bbox 1754 2274 1903 2302; x_wconf 74' lang='lat' dir='ltr'>simulant</span> <span class='ocrx_word' id='word_1_510' title='bbox 1927 2274 1964 2304; x_wconf 87' lang='lat' dir='ltr'>al.</span> <span class='ocrx_word' id='word_1_511' title='bbox 1993 2279 2021 2303; x_wconf 86' lang='lat' dir='ltr'>et</span> <span class='ocrx_word' id='word_1_512' title='bbox 2049 2284 2115 2305; x_wconf 61' lang='lat' dir='ltr'>var.</span> 
     </span>
    </p>
   </div>
   <div class='ocr_carea' id='block_1_42' title="bbox 1168 2317 2114 2442">
    <p class='ocr_par' dir='ltr' id='par_1_42' title="bbox 1168 2317 2114 2442">
     <span class='ocr_line' id='line_1_68' title="bbox 1168 2317 2113 2357; baseline -0.001 -10"><span class='ocrx_word' id='word_1_513' title='bbox 1168 2319 1238 2348; x_wconf 87' lang='lat' dir='ltr'>lect.</span> <span class='ocrx_word' id='word_1_514' title='bbox 1261 2328 1309 2357; x_wconf 83' lang='lat' dir='ltr'>ap.</span> <span class='ocrx_word' id='word_1_515' title='bbox 1334 2317 1424 2347; x_wconf 75' lang='lat' dir='ltr'>Goth.</span> <span class='ocrx_word' id='word_1_516' title='bbox 1443 2335 1486 2341; x_wconf 92' lang='lat'>—</span> <span class='ocrx_word' id='word_1_517' title='bbox 1510 2318 1640 2346; x_wconf 70' lang='lat' dir='ltr'>assimil.</span> <span class='ocrx_word' id='word_1_518' title='bbox 1657 2318 1687 2346; x_wconf 93' lang='lat' dir='ltr'>Z.</span> <span class='ocrx_word' id='word_1_519' title='bbox 1710 2318 1766 2346; x_wconf 83' lang='lat' dir='ltr'>Gn.</span> <span class='ocrx_word' id='word_1_520' title='bbox 1783 2319 1814 2348; x_wconf 81' lang='grc'>2.</span> <span class='ocrx_word' id='word_1_521' title='bbox 1836 2332 1879 2339; x_wconf 85' lang='grc'>--</span> <span class='ocrx_word' id='word_1_522' title='bbox 1901 2319 1946 2351; x_wconf 72' lang='grc' dir='ltr'>ΞΊ)</span> <span class='ocrx_word' id='word_1_523' title='bbox 1966 2322 2038 2345; x_wconf 76' lang='lat' dir='ltr'>sunt</span> <span class='ocrx_word' id='word_1_524' title='bbox 2057 2328 2113 2346; x_wconf 85' lang='lat' dir='ltr'>om.</span> 
     </span>
     <span class='ocr_line' id='line_1_69' title="bbox 1169 2360 2114 2399; baseline -0.001 -10"><span class='ocrx_word' id='word_1_525' title='bbox 1169 2362 1216 2395; x_wconf 89' lang='lat' dir='ltr'>Z.,</span> <span class='ocrx_word' id='word_1_526' title='bbox 1251 2365 1300 2397; x_wconf 81' lang='lat' dir='ltr'>ut,</span> <span class='ocrx_word' id='word_1_527' title='bbox 1344 2361 1425 2399; x_wconf 88' lang='lat' dir='ltr'>quod</span> <span class='ocrx_word' id='word_1_528' title='bbox 1461 2361 1594 2399; x_wconf 79' lang='lat' dir='ltr'>sequitur</span> <span class='ocrx_word' id='word_1_529' title='bbox 1624 2360 1704 2397; x_wconf 87' lang='lat' dir='ltr'>vulg.</span> <span class='ocrx_word' id='word_1_530' title='bbox 1742 2365 1845 2387; x_wconf 83' lang='lat' dir='ltr'>aulem</span> <span class='ocrx_word' id='word_1_531' title='bbox 1880 2360 1936 2388; x_wconf 87' lang='lat' dir='ltr'>Gu.</span> <span class='ocrx_word' id='word_1_532' title='bbox 1971 2362 1995 2391; x_wconf 86' lang='lat'>1.</span> <span class='ocrx_word' id='word_1_533' title='bbox 2020 2362 2049 2391; x_wconf 77' lang='grc'>2.</span> <span class='ocrx_word' id='word_1_534' title='bbox 2072 2375 2114 2382; x_wconf 80' lang='lat'>—</span> 
     </span>
     <span class='ocr_line' id='line_1_70' title="bbox 1169 2401 2113 2442; baseline -0.001 -10"><span class='ocrx_word' id='word_1_535' title='bbox 1169 2406 1216 2439; x_wconf 73' lang='lat'>28)</span> <span class='ocrx_word' id='word_1_536' title='bbox 1234 2403 1320 2442; x_wconf 85' lang='lat' dir='ltr'>Vulg.</span> <span class='ocrx_word' id='word_1_537' title='bbox 1343 2404 1410 2433; x_wconf 84' lang='lat' dir='ltr'>add.</span> <span class='ocrx_word' id='word_1_538' title='bbox 1429 2409 1519 2440; x_wconf 78' lang='lat' dir='ltr'>sunt,</span> <span class='ocrx_word' id='word_1_539' title='bbox 1541 2402 1622 2442; x_wconf 85' lang='lat' dir='ltr'>quod</span> <span class='ocrx_word' id='word_1_540' title='bbox 1646 2413 1704 2432; x_wconf 88' lang='lat' dir='ltr'>om.</span> <span class='ocrx_word' id='word_1_541' title='bbox 1727 2402 1782 2430; x_wconf 90' lang='lat' dir='ltr'>Gu.</span> <span class='ocrx_word' id='word_1_542' title='bbox 1804 2405 1832 2433; x_wconf 83' lang='lat'>1.</span> <span class='ocrx_word' id='word_1_543' title='bbox 1855 2418 1898 2424; x_wconf 89' lang='lat'>—</span> <span class='ocrx_word' id='word_1_544' title='bbox 1919 2402 1966 2438; x_wconf 74' lang='lat'>29)</span> <span class='ocrx_word' id='word_1_545' title='bbox 1984 2401 2032 2430; x_wconf 84' lang='lat' dir='ltr'>sic</span> <span class='ocrx_word' id='word_1_546' title='bbox 2055 2401 2113 2432; x_wconf 80' lang='lat' dir='ltr'>Gn.</span> 
     </span>
    </p>
   </div>
  </div>
 </body>
</html>
