2203 2829
177 115 253 149 200
860 107 1041 144 ISIDORI
1076 106 1256 143 HISPAL.
1294 109 1438 147 EPISC.

174 211 330 255 Augusto
356 206 542 251 imperante
568 208 706 250 peracta
740 207 797 237 est.
850 203 889 236 In
926 214 992 247 qua
1018 203 1163 237 Arianae
1193 204 1357 249 perfidiae
1391 201 1654 239 condemnatur¹
1687 204 1918 250 blasphemia,
1953 219 2053 252 quam
2086 209 2129 243 de

174 260 410 305 inaequalitate
444 262 576 291 sanctae
609 256 780 290 Trinitatis
813 252 926 288 idem²
951 255 1052 288 Arius
1079 257 1261 300 asserebat,
1306 257 1619 291 consubstantialem
1650 257 1724 290 Deo
1753 259 1841 302 patri
1878 259 1987 292 Deum
2022 260 2129 294 filium

178 313 298 347 eadem
326 306 460 344 sancta³
480 309 625 353 synodus
652 320 715 354 per
742 307 932 352 symbolum
959 307 1118 340 definivit.

341 371 377 405 7,
429 368 585 402 Secunda
618 368 765 412 synodus
796 373 929 401 centum
962 368 1204 413 quinquaginta
1235 372 1368 413 patrum
1403 369 1466 402 sub
1504 367 1705 402 Theodosio
1739 367 1967 413 imperatore⁴
2002 371 2130 404 seniore

178 416 526 466 Constantinopolim⁵
552 425 760 466 congregata
795 424 858 461 est,
894 431 981 464 quae
1007 419 1268 464 Macedonium,
1305 417 1426 453 etiam⁶
1453 420 1613 464 Spiritum
1641 418 1813 454 sanctum⁷
1839 421 1949 455 Deum
1973 434 2043 455 esse.
2070 434 2129 455 ne-

178 482 334 523 gantem,
365 472 607 513 condemnans,
635 471 946 506 consubstantialem
974 473 1060 516 patri
1088 478 1120 506 et
1145 472 1215 505 filio
1238 473 1389 516 spiritum
1418 477 1567 505 sanctum
1595 472 1850 515 demonstravit,
1878 473 1960 506 dans
1985 474 2130 518 symboli

176 530 338 568 formam,
363 535 464 569 quam
490 528 561 557 tota
588 524 797 558 Graecorum
825 528 858 556 et
882 523 1080 557 Latinorum
1107 524 1271 557 confessio
1299 524 1332 556 in
1362 524 1509 558 ecclesiis
1535 525 1719 568 praedicat.

340 584 375 619 8.
427 584 544 618 Tertia
566 584 711 629 synodus
737 583 910 628 Ephesina
937 584 1045 628 prima
1073 583 1133 618 CC
1161 581 1364 628 Episcopisss
1387 584 1447 617 sub
1474 584 1602 616 iuniore
1629 584 1830 617 Theodosio
1857 585 2012 630 Augusto
2043 584 2131 617 edita

178 635 260 681 est⁹,
286 649 373 682 quae
398 637 589 670 Nestorium
616 636 699 670 duas
722 647 879 681 personas
905 636 939 668 in
966 635 1100 668 Christo
1127 641 1324 669 asserentem
1351 636 1436 669 iusto
1457 635 1669 670 anathemate
1696 636 1864 670 damnavit
1877 633 1921 678 ¹⁰,
1955 636 2131 669 ostendens

177 702 314 726 manere
338 689 371 722 in
398 689 530 722 duabus
556 688 678 722 naturis
688 684 711 705 ¹¹
737 699 837 721 unam
863 688 999 721 Domini
1026 688 1126 720 nostri
1152 688 1227 721 lesu
1253 687 1377 721 Christi
1403 699 1590 733 personam.

343 749 379 782 9.
432 749 561 790 Quarta
587 748 733 793 synodus
755 747 1042 781 Chalcedonensis
1056 744 1080 764 ¹²
1105 754 1336 781 sexcentorum
1363 748 1499 793 triginta
1526 747 1739 781 sacerdotum
1766 749 1827 782 sub
1848 747 2018 781 Martiano
2039 748 2131 792 prin-

178 804 254 848 cipe
280 801 397 834 habita
420 806 486 842 est,
530 801 563 834 in
598 812 664 845 qua
689 799 882 843 Eutychem
916 799 1319 844 Constantinopolitanum
1346 800 1502 833 abbatem
1529 800 1634 833 Verbi
1664 800 1727 832 Dei
1755 806 1787 832 et
1813 800 1920 833 carnis
1950 811 2048 832 unam
2075 811 2132 831 na-

177 861 287 888 turam
319 853 615 898 pronunciantem,
650 857 683 885 et
718 853 787 884 eius
825 851 1037 884 defensorem
1076 852 1278 886 Dioscorum
1313 851 1483 895 quendam
1498 848 1521 868 ¹³
1547 848 1806 884 Alexandriae¹⁴
1833 853 2061 895 Episcopum,
2101 856 2133 884 et

177 907 288 951 ipsum
320 901 464 938 rursus¹⁵
490 904 679 937 Nestorium
707 915 783 936 cum
811 903 943 946 reliquis
979 903 1156 937 haereticis
1192 915 1255 936 una
1282 904 1417 936 Patrum
1445 904 1605 936 sententia
1631 904 1901 948 praedamnavit,
1937 903 2133 947 praedicans

179 959 301 992 eadem
335 956 479 1000 synodus
514 956 683 989 Christum
719 951 935 988 Βοιῃίηυιη16
963 955 1009 989 sic
1035 960 1147 988 natum
1176 955 1220 988 de
1254 956 1384 1000 virgine
1395 952 1435 997 ¹⁷,
1474 960 1510 988 ut
1539 955 1570 988 in
1599 967 1639 988 eo
1667 956 1881 989 substantiam
1909 960 1941 987 et
1969 951 2133 987 divinaelg

180 1015 213 1044 et
232 1010 402 1043 humanae
428 1004 681 1041 confiteantur¹⁹
704 1012 849 1041 naturae.

346 1059 403 1093 10.
456 1060 533 1092 Hae
566 1064 640 1092 sunt
673 1055 848 1102 quatu0r²⁰
874 1058 993 1102 synodi
1025 1058 1248 1103 principaleS,
1290 1058 1372 1090 fidei
1407 1057 1593 1091 doctrinam
1634 1053 1860 1102 plenissime²¹
1894 1057 2133 1102 praedicantes,

178 1112 238 1146 sed
266 1116 299 1145 et
324 1111 350 1143 si
376 1122 441 1154 qua
468 1115 540 1143 sunt
575 1110 735 1151 concilia,
769 1121 855 1152 quae
889 1110 991 1143 sancti
1026 1111 1140 1142 Patres
1174 1110 1290 1154 spiritu
1322 1109 1385 1142 Dei
1420 1110 1512 1154 pleni
1546 1115 1740 1148 sanxerunt,
1777 1113 1853 1153 post
1886 1109 2023 1142 istorum
2050 1120 2134 1152 qua-

178 1170 254 1197 tuor
292 1163 522 1196 auctoritatem
568 1159 693 1195 omni²²
726 1158 892 1194 manent²³
932 1158 1112 1193 stabilita2*
1154 1163 1291 1207 vigore,
1332 1172 1475 1205 quorum
1518 1167 1614 1207 gesta
1655 1162 1688 1194 in
1729 1161 1797 1194 hoc
1838 1157 1974 1205 opere²⁵
2001 1160 2135 1194 condita

179 1215 396 1250 continentur.

347 1273 405 1307 ll.
458 1271 634 1315 Synodum
662 1276 773 1304 autem
802 1282 841 1304 ex
869 1270 1004 1304 Graeco
1028 1271 1238 1316 interpretari
1250 1267 1275 1287 ²¹³
1302 1271 1496 1304 comitatum
1523 1273 1577 1305 vel
1603 1273 1736 1306 coitum.

346 1333 405 1366 12.
459 1330 603 1365 Concilii
629 1328 743 1365 vero²⁷
770 1342 892 1364 nomen
916 1335 1056 1365 tractum
1068 1328 1092 1347 ²³
1120 1343 1159 1364 ex
1187 1343 1280 1364 more
1308 1332 1465 1364 Romano
1478 1328 1512 1367 ²⁹.
1567 1333 1741 1377 Tempore
1774 1333 1879 1373 enim,
1921 1343 1990 1376 quo
2015 1342 2135 1365 causae

181 1381 415 1431 agebantur³⁰,
442 1384 684 1417 conveniebant
711 1395 824 1417 omnes
852 1383 884 1416 in
911 1394 1023 1425 unum,
1052 1384 1288 1427 communique
1314 1384 1493 1416 intentione
1520 1385 1713 1418 tractabant.
1768 1384 1869 1418 Unde
1897 1390 1929 1417 et
1956 1384 2135 1417 concilium

182 1450 202 1470 a
230 1436 398 1471 communi
425 1435 605 1468 intentione
629 1436 756 1469 dictum
788 1435 881 1478 quasi
915 1435 1198 1468 communicilium
1213 1432 1248 1468 ³¹.

183 1489 304 1521 sidium
331 1487 505 1521 consilium
518 1484 558 1528 ³²,
587 1486 610 1520 d
637 1487 669 1519 in
696 1483 746 1520 1³³
773 1487 903 1519 literam
927 1492 1125 1519 transeunte.

350 1546 408 1579 13.
464 1546 588 1580 Coetus
615 1558 695 1579 vero
722 1550 902 1580 conventus
931 1550 996 1587 est,
1028 1546 1081 1578 vel
1116 1545 1336 1590 congregatio
1365 1557 1384 1577 a
1411 1546 1586 1585 coeundo,
1625 1546 1660 1579 id
1694 1552 1742 1580 est
1769 1545 1822 1579 a³⁴
1850 1547 2079 1581 conveniendo
2104 1547 2137 1580 in

184 1610 297 1634 unum.
350 1598 452 1632 Unde
486 1603 519 1630 et
550 1603 750 1632 conventum
789 1603 1017 1642 nuncupatum
1031 1594 1073 1639 ³⁵,
1117 1598 1199 1631 sicut
1234 1602 1415 1631 conventus
1442 1594 1591 1633 coetus³³⁶
1626 1599 1678 1631 vel
1715 1599 1893 1633 concilium
1928 1612 1947 1632 a
1980 1599 2137 1633 societate

186 1651 366 1684 multorum
391 1650 423 1682 in
450 1661 561 1683 unum.

1301 1435 1386 1468 Nam
1422 1436 1499 1470 cilia
1526 1437 1702 1471 oculorum
1730 1442 1812 1469 sunt.
1867 1436 1969 1470 Unde
1996 1440 2028 1468 et
2054 1446 2136 1469 con-

274 1765 298 1794 1)
322 1761 370 1788 Sic
391 1759 446 1788 Gu.
462 1762 488 1790 1.
512 1775 552 1781 —
580 1757 780 1787 condemnata
802 1759 883 1796 vulg.
912 1775 953 1780 —
992 1758 1020 1798 2)
1045 1757 1139 1786 isdem
1186 1775 1223 1779 —-
1253 1757 1297 1797 16)
1321 1759 1422 1787 Deum
1451 1759 1507 1788 Gu.
1528 1762 1554 1791 1.
1575 1758 1611 1786 al.
1650 1758 1698 1786 Sic
1723 1759 1859 1787 Gratian.
1884 1759 1945 1788 lvo.
1970 1758 2081 1787 Raban.
2096 1774 2137 1779 —

187 1804 244 1831 Gu.
270 1806 296 1832 1.
323 1818 365 1825 —
393 1805 420 1839 3)
445 1808 555 1830 sancta
581 1812 637 1830 oni.
661 1811 707 1830 va.
730 1818 771 1823 —
794 1812 849 1840 pro
873 1800 975 1829 eadem
998 1801 1141 1830 exhibent
1186 1803 1232 1836 17)
1255 1802 1303 1829 Sic
1324 1802 1380 1830 Gu.
1403 1805 1429 1833 1.
1450 1818 1492 1823 -—
1517 1801 1605 1837 Vulg.
1630 1800 1665 1828 de
1694 1803 1763 1839 virg
1796 1804 1840 1829 sic
1862 1807 1927 1830 nat.
1949 1818 1991 1823 —
2022 1804 2065 1838 is)
2089 1800 2137 1829 Sic

188 1846 307 1880 akesse,
317 1850 343 1873 et
354 1856 408 1884 pro
426 1845 637 1882 Deumsllium
647 1844 718 1873 dant
729 1844 951 1883 tleijilium.—
967 1844 1140 1882 4)1'mpera-
1185 1844 1242 1872 Gu.
1260 1846 1286 1874 1.
1308 1847 1336 1876 2.
1354 1845 1403 1873 Ar.
1418 1859 1459 1865 —
1476 1849 1502 1872 et
1526 1854 1582 1871 oni.
1606 1844 1685 1881 vulg.
1712 1860 1749 1864 -—
1785 1847 1828 1876 19)
1845 1844 1893 1872 Sic
1917 1844 1972 1872 Gu.
1997 1847 2021 1874 1.
2046 1847 2074 1875 2.
2097 1862 2135 1866 —

188 1894 249 1916 tore
271 1887 373 1916 addidi
397 1898 411 1915 e
435 1888 491 1916 Gu.
518 1891 544 1918 1.
568 1888 603 1915 al.
632 1904 675 1908 —
714 1891 741 1923 5)
767 1888 816 1916 Sic
839 1888 896 1917 Gu.
920 1889 945 1916 1.
970 1889 998 1917 2.
1031 1898 1077 1925 pr.
1092 1897 1139 1916 va.
1183 1887 1379 1924 confiteamur
1401 1887 1481 1925 vulg.
1498 1902 1537 1908 —-—
1560 1885 1607 1926 20)
1623 1886 1670 1914 Sic
1687 1887 1743 1915 Gu.
1764 1889 1790 1917 1.
1808 1889 1837 1917 2.
1854 1898 1900 1925 pr.
1914 1897 1961 1915 va.
1986 1903 2028 1908 —
2051 1886 2136 1923 Vulg.

188 1931 254 1961 cod.
280 1931 385 1960 Alban.
409 1931 481 1958 etl.
514 1930 609 1959 Vatic.
639 1929 730 1960 Arch.
761 1948 799 1953 -
833 1932 861 1967 6)
888 1931 980 1957 etiam
1003 1929 1104 1957 addidi
1128 1940 1143 1959 e
1186 1931 1255 1957 Jlae
1290 1935 1425 1967 quatuor
1453 1934 1533 1958 sunt.
1562 1929 1613 1958 Ar.
1663 1930 1802 1966 Qualzcor
1834 1930 1891 1957 Ιιαε
1922 1935 2003 1957 sunt.
2062 1928 2135 1956 Cod.

188 1975 248 2003 Gu.
266 1976 292 2004 1.
308 1989 347 1994 -
365 1976 392 2005 7)
410 1978 552 2000 sanctum
576 1974 654 2010 Spir.
672 1974 728 2001 Gu.
745 1976 773 2004 2.
795 1972 844 2001 Ar.
860 1989 902 1995 —
918 1972 949 2009 8)
965 1972 1014 1999 Sic
1031 1974 1088 2000 (ἆυ.
1108 1976 1143 2009 1.,
1185 1982 1245 2010 reg.
1264 1972 1356 2002 Vatic.
1382 1971 1471 2003 1824.
1494 1982 1551 2001 om.
1573 1981 1622 2000 vv.
1670 1973 1832 2009 sztuor.
1851 1995 1858 2000 .
1877 1994 1882 1999 .
1902 1995 1909 2003 .
1941 1973 2135 2000 continentur.

189 2021 219 2045 at
255 2015 446 2044 scribendum
485 2020 548 2043 erat
580 2025 634 2054 per
665 2026 805 2044 numeros
837 2016 892 2045 CC.
943 2015 1011 2042 Esse
1043 2019 1142 2042 autem
1185 2031 1227 2036 —
1254 2018 1300 2052 21)
1324 2014 1495 2042 docti-ssime
1517 2015 1554 2042 al.
1582 2030 1615 2034 —
1660 2018 1703 2048 ΞΕ)
1736 2016 1839 2043 omnia
1872 2016 1927 2043 Gu.
1953 2018 1981 2046 2.
2015 2030 2050 2035 —-
2091 2015 2136 2050 93)

187 2059 267 2088 hane
284 2064 416 2087 veterem
440 2058 597 2086 lectionem
621 2058 735 2086 indicat
766 2059 892 2087 aliorum
915 2057 1061 2085 librorum
1085 2058 1143 2085 ad-
1186 2063 1322 2085 manmte
1346 2058 1400 2086 Gu.
1419 2060 1446 2087 1.
1472 2073 1509 2078 —
1534 2055 1580 2096 24)
1601 2057 1738 2085 stabilito
1764 2058 1820 2087 Gu.
1846 2060 1871 2088 1.
1895 2073 1929 2078 -—
1958 2057 2002 2094 25)
2023 2056 2078 2085 Vv.
2105 2057 2137 2083 in

190 2102 387 2130 ditamentum
417 2100 517 2129 eodem
549 2100 769 2138 conveniendo,
801 2100 882 2139 quod
913 2099 1031 2128 nonnisi
1066 2100 1143 2128 lecto
1186 2101 1243 2128 hoc
1265 2111 1348 2139 opere
1371 2110 1427 2128 om.
1451 2100 1506 2127 Gu.
1529 2102 1557 2131 2.
1583 2116 1623 2121 —
1650 2099 1694 2138 26)
1719 2100 1767 2128 Sic
1789 2100 1844 2128 Gu.
1860 2102 1887 2130 1.
1909 2102 1936 2130 2.
1953 2099 2044 2127 aL—
2059 2100 2136 2137 Sin-

190 2145 323 2174 ablativo
345 2143 416 2182 poni
439 2143 546 2182 potuit.
600 2143 650 2172 Est
680 2143 757 2171 enim
787 2143 995 2182 interpretatio
1025 2142 1145 2171 ablatixi

193 2187 353 2224 qualitatis.
400 2186 486 2223 Vulg.
510 2185 707 2213 ducentorum
736 2187 962 2224 episcoporum,
1002 2184 1038 2213 ad
1065 2186 1145 2223 quod

193 2238 244 2256 vv·
268 2229 366 2257 eodem
395 2227 593 2257 conveniendo
617 2238 677 2257 non
702 2228 860 2267 quadrant.
886 2245 928 2250 —
964 2226 995 2267 9)
1018 2233 1059 2255 eal
1091 2239 1146 2257 om.

195 2271 253 2299 Gu.
275 2272 302 2300 2.
326 2272 372 2302 Ar.
395 2288 430 2294 —
453 2271 497 2309 10)
521 2271 571 2299 Sic
587 2271 642 2300 Gu.
665 2274 691 2302 1.
708 2287 747 2293 —-
765 2271 977 2299 condemnavit
1001 2270 1082 2308 vulg.
1104 2288 1146 2293 —

195 2313 243 2351 11)
268 2314 300 2340 in
318 2311 396 2342 duas
418 2319 549 2342 naturas
572 2314 628 2342 Gu.
651 2316 679 2344 2.
704 2329 746 2335 —
782 2317 826 2346 12)
846 2312 964 2342 Calvisi.
993 2313 1047 2340 Gu.
1064 2317 1090 2344 1.
1105 2331 1146 2335 —

197 2358 241 2388 13)
264 2355 313 2383 Sic
337 2355 394 2383 Gu.
412 2360 438 2385 1.
453 2373 494 2378 --
517 2355 673 2395 quondam
694 2356 773 2393 vulg.
798 2372 836 2377 —
862 2355 905 2395 14)
921 2356 969 2383 Sic
992 2357 1047 2383 Gu.
1068 2359 1091 2386 1.
1105 2373 1146 2377 —

196 2397 441 2426 Alexandrinum
463 2399 541 2437 vulg.
557 2415 596 2421 —
623 2398 666 2438 15)
681 2399 728 2427 Sic
744 2400 799 2426 Gu.
816 2402 840 2429 1.
860 2416 897 2419 —
922 2408 1044 2426 rursum
1065 2399 1143 2437 vulg.

1189 2142 1267 2171 odas
1290 2163 1297 2171 .
1314 2165 1320 2171 .
1344 2165 1350 2172 .
1378 2144 1594 2180 inteapretatur
1620 2142 1701 2179 vulg.
1732 2148 1760 2171 et
1783 2152 1853 2171 mox
1884 2143 2064 2169 comitatum
2092 2140 2138 2168 vel

1189 2187 1304 2213 coitum
1330 2185 1387 2222 (sic
1410 2185 1487 2213 enim
1513 2187 1567 2213 Gn.
1584 2189 1609 2216 1.
1633 2195 1689 2223 pro
1706 2191 1836 2221 coetum,
1860 2189 1888 2212 et
1908 2184 1997 2213 habet
2020 2184 2050 2212 id
2064 2182 2134 2212 edit.

1191 2226 1298 2266 Goth.)
1329 2244 1369 2249 -—
1402 2228 1450 2265 27)
1474 2228 1520 2255 Sic
1549 2228 1604 2256 Gu.
1634 2230 1659 2257 1.
1679 2231 1707 2260 2.
1726 2230 1774 2257 Ar.
1799 2243 1840 2249 —
1864 2233 1966 2255 autem
1993 2227 2073 2264 vulg.
2095 2240 2135 2246 -—

1188 2270 1234 2307 95)
1260 2270 1344 2308 Vulg.
1366 2276 1497 2298 tractam
1521 2277 1581 2307 eal,
1611 2270 1663 2298 sed
1686 2275 1729 2298 est
1759 2280 1818 2299 om.
1844 2270 1899 2298 Gu.
1920 2274 1944 2301 1.
1968 2272 1995 2300 2.
2018 2284 2058 2291 —-
2085 2265 2134 2306 29)

1189 2313 1237 2340 Sic
1255 2313 1311 2341 Gu.
1330 2317 1354 2344 1.
1371 2316 1398 2344 2.
1417 2323 1462 2343 va.
1478 2314 1527 2341 Ar.
1545 2329 1585 2334 —
1604 2314 1694 2343 Rom.
1719 2324 1798 2340 more
1820 2312 1899 2349 vulg.
1924 2330 1961 2334 —
1984 2310 2030 2350 30)
2049 2320 2135 2348 gere·-

1188 2356 1301 2383 bantur
1322 2355 1357 2383 al.
1388 2372 1430 2377 —-
1458 2357 1506 2394 31)
1530 2356 1579 2384 Sic
1601 2355 1765 2385 rectissime
1787 2354 2019 2393 additamentum
2047 2351 2133 2380 codd.

1189 2398 1355 2427 emendavit
1386 2399 1489 2431 Arev..
1525 2408 1617 2437 quum
1641 2399 1670 2426 in
1696 2398 1751 2428 Gu.
1778 2400 1803 2429 1.
1827 2407 1872 2425 va.
1898 2398 1935 2425 sit
1963 2395 2132 2429 concilium,
