2203 2829
189 98 264 133 128

872 91 1052 126 ISIDORI
1087 89 1266 124 HISPAL.
1304 90 1447 126 EPISC.

355 188 389 222 2.
442 187 509 221 Alii
536 183 670 220 contra¹
700 185 806 228 aiunt5
832 186 946 218 lunam
973 198 1039 219 non
1067 197 1162 218 suum
1183 186 1295 218 lumen
1318 185 1464 225 habere,
1493 186 1551 219 sed
1582 187 1659 219 solis
1686 185 1786 218 radiis
1813 186 2000 219 illuminari.
2039 186 2140 221 Unde

192 248 226 276 et
252 241 402 286 eclipsim
425 239 565 284 patitur,
592 239 618 270 si
644 238 728 270 inter
754 238 861 281 ipsam
893 244 925 271 et
951 239 1056 270 solem
1084 238 1202 270 umbra
1230 234 1362 270 terrae²
1385 238 1577 270 interveniat
1587 234 1608 272 ³.

446 291 534 323 Hinc
564 286 712 329 evenits',
746 294 780 321 ut
816 287 974 333 quando⁰
1011 290 1071 322 sub
1104 286 1191 321 i110⁷

191 294 304 340 perior
331 297 387 327 est.

192 357 292 390 quam
323 344 426 377 habet
457 342 499 374 ad
527 346 628 374 terras
642 338 684 380 ¹⁰,
720 341 862 375 obscura
889 342 938 374 sit.

710 452 738 485 C
766 454 797 486 A
825 454 861 486 P.
916 452 1007 485 Llll.
1086 451 1123 484 D
1140 463 1158 484 e

361 538 391 569 l.

192 589 348 625 Secunda
375 589 494 621 sectilis
508 585 546 627 ¹²,
574 588 635 620 ita:
688 589 716 628 D

192 642 307 676 Tertia
334 640 471 672 dimidia
498 639 601 672 habet
626 640 672 672 ita
684 636 721 673 ¹³:
783 635 819 680 D

192 695 321 735 Quarta
345 692 447 736 plena
458 687 497 732 ¹⁴,
524 691 586 724 itaz
645 686 695 734 Ξ

191 751 315 792 Quinta
339 749 459 780 iterum
488 745 627 778 dimidia
655 757 695 779 ex
720 743 862 785 maiore,
889 744 933 775 ita
947 738 986 775 ¹⁵:

191 803 292 835 Sexta
326 800 444 832 iteruin
470 798 606 839 sectilis,
640 792 734 830 itam:
795 793 829 835 (ξ

191 854 344 897 Septima
371 850 531 891 bicornis,
559 849 602 881 ita
614 845 656 882 ¹⁷:
718 844 750 889 ξ

356 909 389 943 2.
442 910 593 954 Septima
620 909 737 941 iterum
750 905 772 924 ¹³
799 907 894 939 semis
922 911 955 938 et
983 903 1173 939 vicesimam

193 964 333 997 Ceterae
361 966 471 994 autem
500 960 734 1005 proportiones
748 955 772 975 ²⁰
796 963 876 990 sunt.

1053 739 1081 780 (Ι
1154 740 1182 782 ἓ

657 1063 685 1096 C
714 1063 743 1095 A
768 1063 805 1095 P.
858 1060 945 1093 LlV.
1024 1059 1097 1093 Dc

360 1140 591 1173 Interlzmium
620 1140 718 1171 lunae
746 1142 794 1170 est
805 1134 829 1154 ²¹
857 1143 989 1180 tenipus
1015 1136 1098 1168 illud
1127 1137 1210 1168 inter
1238 1136 1448 1168 deficientem
1477 1140 1508 1167 et
1537 1139 1723 1167 nascentem
1755 1134 1876 1166 lunam.

1019 1188 1115 1228 Quae
1143 1188 1221 1219 ideo
1249 1193 1328 1220 tunc
1340 1183 1365 1203 ²⁴
1393 1186 1497 1218 videri
1525 1197 1590 1218 non
1616 1191 1743 1230 potest,
1773 1186 1849 1228 quia
1878 1186 1939 1218 soli
1968 1189 2143 1222 coniuncta

191 1189 397 1237 trigesima²²
424 1191 510 1231 dies,
540 1202 605 1233 qua
616 1188 641 1207 ²³
669 1191 745 1222 luna
773 1200 838 1221 non
866 1189 965 1221 lucet.

446 537 560 570 Lunae
585 537 693 580 prima
721 537 829 583 figura
856 538 998 572 bicornis
1025 543 1090 579 est,
1122 533 1187 569 ita¹

1150 1059 1459 1092 interlunio

1669 238 1729 270 Sol
1758 238 1844 270 enim
1871 237 1919 269 illi
1952 234 2057 271 Ιοεο4
2084 250 2140 271 su—

1218 294 1282 329 est,
1319 294 1414 333 parte
1441 287 1634 333 superiore*
1669 290 1797 332 luceat,
1840 289 1996 322 inferiore
2028 287 2140 331 ver0⁹‚

1193 451 1398 497 formis
1443 451 1615 484 lunae.

1276 541 1306 583 2}

1200 905 1345 939 secunda
1367 904 1463 936 semis
1487 904 1518 935 in
1546 914 1604 935 suo
1632 903 1748 936 ordine
1775 903 1905 936 mediae
1932 910 2022 937 sunt:

2084 900 2135 948 ἐξ)

1514 1058 1683 1089 lunae.

1938 1135 1999 1168 Est
2032 1143 2142 1171 autem

195 1245 390 1278 obscuratur
401 1240 441 1283 ²⁵,
480 1241 538 1274 sed
550 1238 575 1258 ²⁶
603 1241 723 1274 eodem
752 1245 921 1273 momento
949 1251 1121 1272 renascens
1150 1239 1311 1282 paulatini
1339 1238 1381 1270 ab
1409 1249 1449 1270 eo
1477 1237 1668 1271 recedendo
1696 1237 1834 1269 videtur.

740 1351 769 1384 C
795 1352 825 1383 A
850 1351 886 1383 P.
942 1351 1012 1383 Lv.
1094 1349 1126 1381 Ι)
1144 1361 1161 1382 e

364 1436 396 1468 l.

196 1490 334 1531 obliquo
363 1484 429 1520 et²⁰
455 1499 521 1520 non
544 1494 636 1521 recto
664 1487 787 1521 incedit
815 1498 928 1525 cursu,
957 1492 992 1518 ut
1018 1486 1085 1525 sol5
1114 1497 1154 1517 ne

195 1547 247 1574 tur
277 1535 471 1584 eclipsimffl.

449 1437 544 1470 Luna
578 1436 686 1468 amissi
718 1447 757 1469 ac
789 1436 916 1479 recepti
944 1435 1075 1468 luminis
1109 1435 1234 1466 vicibus
1269 1439 1435 1466 menstrua
1465 1431 1614 1477 spacia‘f·
1648 1433 1841 1466 moderatur
1853 1429 1887 1467 ²⁸.

1167 1483 1191 1501 :10
1218 1486 1224 1492 ⁸

1215 1360 1371 1381 cursu
1427 1349 1597 1382 lunae.

1942 1433 2038 1474 Quae
2064 1434 2142 1467 ideo

1218 1485 1342 1518 incidat
1369 1486 1400 1517 in
1429 1490 1579 1517 centrum
1614 1490 1720 1518 terrae
1748 1491 1781 1517 et
1809 1485 2000 1527 frequenter
2034 1487 2143 1530 patia—

362 1598 395 1631 2.
449 1598 581 1632 Vicinus
609 1603 657 1630 est
684 1598 771 1629 enim
782 1594 806 1614 Ὠ
834 1597 901 1630 eius
928 1596 1071 1630 circulus
1083 1592 1108 1612 ³³
1135 1601 1250 1630 terrae.
1290 1595 1449 1628 Crescens
1477 1599 1588 1628 autem
1616 1594 1775 1627 orientem
1791 1595 1946 1628 cornibus
1971 1602 2099 1640 spectat
2110 1594 2144 1639 ³⁴,

198 1653 392 1685 decrescens
424 1650 649 1683 occidentem:
690 1650 827 1690 merito,
854 1649 930 1692 quia
953 1659 1110 1681 occasura
1124 1644 1148 1664 ³³⁵

589 1751 617 1785 C
644 1752 674 1785 A
699 1752 735 1785 P.
788 1751 876 1785 LVI.

365 1829 460 1861 Luna
486 1829 624 1863 w'cinior
652 1834 699 1862 est
721 1830 814 1861 terris
828 1825 868 1869 ³⁸,
896 1840 995 1871 quam
1021 1828 1081 1859 sol.

200 1942 228 1970 2.
252 1954 293 1961 —
318 1938 346 1975 l)
370 1950 383 1965 e
403 1944 507 1965 cwzlra
531 1937 654 1967 Vulcan.
681 1943 707 1966 et
732 1948 776 1976 pr.
794 1948 842 1968 va.
865 1954 906 1959 —
928 1940 956 1968 2)
980 1943 1075 1964 terrae
1090 1947 1153 1963 um-

201 1982 256 2010 bra
274 1991 320 2009 va.
344 1997 385 2001 -
407 1982 438 2015 3)
462 1991 492 2007 se
509 1982 680 2019 interponat
701 1981 789 2009 Arev.
814 1981 898 2016 Quae
915 1984 1082 2018 sequuntur
1097 1978 1152 2006 ho(-

202 2024 299 2062 capite
318 2023 416 2051 omnia
432 2023 510 2051 idem
528 2023 643 2051 omittit.
668 2023 724 2051 Sed
741 2022 814 2051 nihil
829 2024 954 2058 monuit,
972 2032 1028 2060 qua
1044 2027 1153 2049 aueto-

201 2067 289 2095 ritate
305 2065 335 2093 id
352 2066 465 2093 fecerit.
488 2082 529 2086 —
552 2064 582 2104 4)
606 2067 653 2093 Sic
671 2066 727 2093 Gu.
742 2068 767 2095 1.
782 2075 827 2103 pr.
845 2082 883 2087 —-
902 2066 954 2093 illo
974 2067 1038 2092 loco
1059 2065 1090 2092 Z.
1112 2080 1153 2085 —

202 2110 249 2137 sol
263 2109 339 2136 enim
359 2108 406 2136 illi
419 2118 484 2146 sup.
505 2108 560 2138 Gu.
577 2111 605 2139 2.
628 2124 669 2129 —
692 2108 740 2135 sol
761 2109 839 2135 enim
862 2108 909 2135 illl
937 2108 1001 2135 loco
1019 2118 1085 2144 sup.
1111 2113 1152 2133 ‹ur-*t

203 2162 251 2180 va.
272 2167 313 2173 —-
336 2151 383 2177 sol
395 2151 471 2178 enim
488 2150 574 2188 longe
588 2151 656 2188 ipsa
672 2161 739 2188 sap.
757 2150 839 2188 vulg.
858 2166 894 2171 —
918 2154 946 2183 5)
963 2151 1038 2177 venit
1055 2150 1110 2178 Gn.
1121 2152 1150 2180 2.

203 2211 244 2216 —
267 2192 298 2234 6)
322 2193 369 2221 Sic
395 2194 450 2220 Gu.
471 2196 496 2223 1.
512 2195 540 2223 2.
557 2203 602 2231 pr.
621 2203 665 2222 va.
692 2209 728 2214 —-
755 2194 898 2230 quoniam
916 2193 994 2230 vulg.
1017 2208 1058 2213 —
1082 2202 1150 2218 cum

204 2238 236 2266 Z.
258 2252 299 2258 -—-
320 2234 349 2274 7)
372 2236 429 2263 illa
450 2235 505 2265 Gu.
522 2238 553 2266 2-
579 2251 618 2255 --
642 2234 669 2273 ὃ)
693 2236 841 2272 superiori
864 2235 920 2263 GU.
937 2237 966 2265 2.
985 2251 1025 2255 —-
1047 2233 1076 2272 9)
1101 2236 1150 2261 in-

198 2280 297 2318 ferior
316 2289 382 2306 vero
398 2289 476 2316 ers
499 2277 555 2305 Gu.
571 2280 599 2309 2.
622 2294 655 2298 -—
688 2279 730 2314 10)
750 2283 838 2315 parte
862 2277 927 2305 add.
949 2277 1046 2314 vulg,
1070 2276 1151 2314 quod

206 2332 262 2350 om.
280 2321 311 2351 Z.
330 2321 389 2350 Gu.
405 2323 432 2352 1.
446 2323 473 2352 2.
490 2330 534 2359 pr.
557 2329 604 2348 va.
626 2336 668 2341 -—
699 2319 742 2358 11)
767 2320 814 2347 Sic
837 2320 891 2349 Gu.
912 2322 937 2350 1.
957 2322 984 2350 2.
1008 2318 1065 2357 (ila
1081 2318 1151 2357 east.)

209 2382 244 2385 -—
269 2363 355 2401 Vulg.
377 2361 482 2391 Prima
496 2363 607 2401 figura
625 2363 717 2390 lunae
734 2362 861 2390 bicornis
877 2368 926 2389 est.
950 2362 1073 2399 Figurus
1092 2373 1150 2390 non

1176 1652 1208 1679 et
1231 1649 1388 1680 amissura
1417 1652 1466 1680 est
1494 1647 1616 1679 lumen.

952 1751 1014 1784 Dc
1048 1750 1292 1783 vicinitate
1327 1751 1462 1783 lunae
1498 1750 1556 1782 ad
1590 1753 1753 1781 terras.

1138 1827 1218 1860 lnde
1229 1824 1253 1844 3⁷
1283 1827 1416 1860 brevior
1448 1827 1531 1859 orbe
1558 1826 1695 1859 celerius
1723 1825 1855 1869 peragit
1881 1836 2012 1858 cursum
2039 1838 2143 1861 suum.

1198 1937 1319 1966 exhibet
1333 1937 1437 1972 Arev.,
1461 1940 1530 1963 sunt
1546 1940 1641 1963 tamen
1659 1934 1688 1961 in
1710 1933 1794 1961 libris
1809 1935 1928 1974 scriptis
1947 1939 1976 1962 et
1991 1934 2086 1963 editis.
2107 1952 2141 1956 -

1199 1978 1246 2019 12)
1269 1981 1381 2008 sextilis
1398 1979 1453 2008 Gu.
1474 1981 1499 2010 1.
1525 1996 1562 2000 —
1590 1976 1632 2015 13)
1656 1977 1703 2005 Sic
1723 1977 1779 2005 Gu.
1800 1979 1827 2008 1.
1852 1994 1890 1999 -
1913 1978 1958 2004 ita
1973 1977 2036 2005 sine
2057 1977 2144 2005 habet

1198 2024 1253 2050 Gu,
1271 2026 1297 2054 2.
1321 2023 1483 2059 Utrumque
1504 2031 1560 2049 om.
1584 2020 1666 2057 vulg.
1697 2037 1733 2041 —
1760 2017 1804 2058 14)
1821 2020 1965 2058 plenaria
1979 2020 2011 2047 Z.
2034 2035 2076 2041 —
2099 2022 2145 2048 ita

1198 2076 1255 2093 om.
1275 2075 1319 2103 pr.
1342 2081 1384 2086 -—
1406 2063 1495 2091 lmbet
1515 2064 1559 2091 ila
1576 2072 1622 2090 va.
1645 2078 1684 2083 —
1709 2061 1752 2100 15)
1777 2062 1821 2089 ita
1841 2073 1899 2091 om.
1917 2062 1974 2090 Gu.
1989 2064 2017 2092 2.
2033 2078 2074 2083 -
2099 2062 2144 2102 16)

1195 2109 1239 2135 ita
1265 2118 1322 2136 om.
1349 2107 1406 2135 Gu.
1424 2109 1452 2137 2.
1477 2123 1514 2126 -
1546 2102 1592 2144 17)
1615 2105 1659 2132 ita
1685 2115 1742 2132 om.
1765 2105 1821 2132 Gu.
1841 2109 1868 2137 2,
1895 2120 1935 2126 —·
1967 2106 2011 2139 18)
2035 2105 2145 2133 iterum

1195 2161 1250 2189 pro
1272 2155 1372 2177 autem
1394 2149 1498 2187 scripsi
1519 2157 1534 2176 e
1552 2148 1608 2175 Gn.
1630 2151 1656 2178 1,
1683 2147 1731 2176 Ar.
1758 2165 1794 2168 —
1835 2148 1877 2184 19)
1900 2148 2030 2185 triginta
2045 2148 2078 2176 Z.
2102 2164 2144 2169 —

1194 2194 1241 2227 20)
1265 2193 1313 2220 Sic
1338 2192 1393 2220 Gu.
1415 2194 1440 2222 1.
1477 2207 1511 2211 —
1541 2202 1597 2228 pro
1616 2191 1753 2228 portione
1775 2190 1830 2218 Gu.
1846 2192 1875 2220 2.
1894 2205 1937 2211 --
1956 2191 2144 2227 portionalem

1195 2235 1230 2262 al.
1250 2252 1288 2256 -
1307 2234 1552 2272 proportionales
1569 2233 1647 2271 vulg.
1672 2248 1712 2254 —
1736 2231 1782 2271 21)
1804 2237 1830 2259 et
1846 2243 1900 2262 om.
1918 2232 1974 2260 Gn.
1991 2235 2020 2263 2.
2035 2250 2072 2254 -
2098 2235 2144 2267 22)

1195 2278 1241 2305 Sic
1259 2277 1396 2308 Gu.1.2.
1420 2277 1468 2306 Ar,
1493 2293 1532 2297 -—
1556 2276 1729 2315 [rige-simus
1746 2275 1827 2312 vulg.
1852 2292 1891 2297 —
1915 2275 2042 2313 triginta
2056 2275 2087 2302 Z.
2102 2291 2144 2296 —

1192 2318 1237 2357 23)
1266 2319 1313 2347 Sic
1332 2320 1386 2348 Gu.
1412 2323 1435 2349 1.
1461 2318 1509 2346 Ar.
1533 2335 1573 2339 -—
1596 2330 1654 2356 quo
1673 2318 1753 2355 vulg.
1778 2334 1811 2337 —-
1843 2316 1889 2355 24)
1913 2324 1985 2345 tune
2006 2316 2107 2345 addidi
2128 2327 2144 2346 e

1194 2363 1223 2392 Z.
1243 2362 1299 2390 Gu.
1318 2364 1345 2394 1.
1361 2365 1389 2393 2.
1405 2371 1450 2389 va.
1468 2362 1519 2390 Ar.
1541 2377 1582 2382 —
1611 2359 1658 2400 25)
1682 2359 1879 2388 obumbratur
1898 2361 1927 2389 Z.
1952 2376 1992 2382 —
2021 2358 2066 2397 26)
2090 2358 2143 2387 de-
