2264 2830
815 69 1061 105 ORlGlNUM
1099 71 1243 104 Limen
1272 71 1345 106 vll.

1989 72 2062 104 215

104 172 265 206 delictum
294 171 439 202 nostrum
470 165 614 198 Domino
643 165 857 207 confitemur,
887 177 951 198 non
980 165 1116 208 quidem
1146 170 1180 198 ut
1207 166 1343 210 ignaro,
1373 166 1463 199 cuim
1486 166 1668 211 cognitioni
1693 165 1774 198 nihil
1801 166 1969 198 oecultum
1998 172 2057 208 e³t‚

105 224 164 257 sed
193 221 359 257 consessio
387 224 433 251 est
463 218 508 250 rei
536 217 662 250 scilicet
691 217 777 257 eius,
805 228 892 260 (luite
921 218 1093 262 ignoratur
1122 218 1272 262 profe-sa
1301 219 1461 261 cognitio.

270 273 329 306 Π.

106 321 264 365 surari³⁰,
305 322 363 356 sed
392 322 448 354 ubi
481 320 566 352 haec
599 320 804 353 damnationi
836 326 990 354 aeternae

106 389 226 411 [oren]-

1002 318 1028 337 10

385 270 477 303 Utile
500 269 586 301 enim
615 266 711 300 sibim
740 280 778 302 ac
807 269 987 302 iucundum
1023 266 1233 313 (ΙιιίςτμιιιιιιῑΠ
1261 267 1367 302 essem*
1396 270 1656 308 existimaverat,
1692 279 1830 312 rapere,
1867 267 2058 306 adulterari,

1063 322 1207 354 obnoxia
1235 333 1304 354 esse
1341 322 1518 366 cognovit,
1555 320 1697 366 cognitis
1727 321 1764 353 iis
1801 320 1977 354 confltetur
2005 331 2058 352 er-

271 426 328 460 78.
383 423 556 457 Confessio
584 427 694 455 autem
724 424 843 456 erroris
870 424 1034 468 professio
1064 430 1111 457 est
1135 424 1324 456 desinendi:
1353 423 1572 456 desinendum
1598 435 1681 468 ergo
1693 419 1716 440 ⁴¹
1744 434 1763 455 a
1790 423 1949 467 peccatis,
1977 422 2058 455 dum

105 480 267 514 confessio
294 483 352 510 est.

104 538 213 566 catum
241 528 430 573 cognoscit,
459 537 521 560 nec
549 527 720 571 cognitum
748 528 933 562 confitetur.

104 638 204 677 atque
231 632 337 672 victu,
365 641 462 664 sacco
493 636 525 662 et
553 631 653 663 cineri
666 627 690 646 ‘¹³'

102 685 178 726 illa,
205 695 290 727 quae
318 678 514 727 peccavit'f',
546 683 627 714 tristi
655 683 850 715 tractatione
879 689 1014 717 mutare.

406 475 576 508 Confessio
605 481 715 507 autem
744 477 926 516 antecedit,
956 477 1102 509 remissio
1126 476 1281 520 sequitur.

1336 475 1514 509 Caeterum
1543 482 1634 508 extra
1662 475 1790 508 veniam
1811 480 1875 514 est,
1903 475 1958 517 qui
1974 486 2057 519 pec-

381 579 498 621 Itaque
526 579 774 623 exomologesis
810 579 1040 624 prosternendi
1076 584 1109 611 et
1141 574 1420 611 humilificandi⁴²
1453 577 1598 609 hominis
1626 577 1802 621 disciplina
1830 582 1896 617 est,
1939 576 2057 610 habitu

717 632 891 671 incubare,
920 642 1043 675 corpus
1071 631 1224 663 sordibus
1253 631 1450 669 obscurare,
1477 629 1622 662 animum
1639 629 1846 661 moeroribus
1862 629 2010 661 deiicere
2024 625 2056 668 ⁸⁸,

267 734 326 767 80.
380 731 566 766 ΙᾹῐειιιὶειεω
593 739 704 766 autem
717 731 741 750 ⁴⁷
777 735 912 768 Graeco
940 735 1075 767 nomine
1109 733 1344 778 appellantur,
1392 744 1479 775 quae
1519 732 1636 765 Latine
1667 731 1821 765 dicuntur
1855 731 2055 776 rogationes.

104 787 190 820 lnter
218 787 345 819 litanias
358 783 369 802 ⁴

370 784 382 802 Η
403 781 518 817 vero‘ffl
542 790 574 817 et
601 786 854 831 exomologesin
883 786 951 819 lioc
972 786 1107 825 dissert,
1134 785 1227 828 quod
1239 782 1263 802 ⁵⁰
1290 785 1538 829 exomologesis
1561 795 1623 828 pro
1640 784 1711 816 sola
1736 782 1944 817 consessione
1973 794 2056 826 pec-

102 844 252 873 catorum
282 839 410 883 agitur,
440 837 572 869 litaniae
599 849 698 877 vero,
726 850 813 881 quae
840 839 1031 872 indicuntur
1042 833 1065 854 ⁵¹
1093 842 1235 882 propter
1263 837 1452 882 rogandum
1471 831 1686 868 Βοιιιίιιιιιῐι52
1714 841 1747 868 et
1773 834 2019 879 impetrandam
2031 831 2055 850 ὤ

606 885 631 905 55

100 890 131 923 ἰη
159 890 272 934 aliquo
285 887 310 907 ⁵⁴
337 889 596 922 misericordiam
659 890 739 924 eius.

266 940 326 976 81.

101 992 204 1037 vulgo
233 998 340 1025 utrum
369 992 517 1031 litaniae,
552 1004 593 1024 an
626 993 872 1038 exomologesis
900 992 1088 1026 indicantur
1100 989 1134 1025 ⁵³.

100 1055 187 1078 nunc
197 1041 221 1062 ⁵⁹
248 1055 288 1077 ex
314 1045 499 1089 gentilitate
525 1044 690 1076 retinetur.

264 1096 324 1129 52.

99 1251 197 1284 rebus
225 1251 487 1285 execrandorum
515 1251 649 1284 fiebant.

677 1450 715 1492 L
823 1449 846 1490 Ι
949 1450 988 1491 Β

778 1559 930 1595 CAP.
984 1560 1008 1593 1.

379 1096 464 1128 Nam
493 1095 596 1128 feriae
623 1102 678 1128 aut
707 1095 878 1141 legitimae
907 1101 1000 1128 erant
1026 1095 1119 1140 apud
1143 1106 1218 1137 eos,
1246 1099 1302 1127 aut
1329 1094 1484 1128 indictae.

99 1151 210 1191 pertas
246 1147 381 1190 antiqua
408 1148 640 1180 Romanorum
669 1159 709 1180 ex
736 1148 917 1181 collatione
944 1147 1172 1187 sacrificabat,
1212 1152 1268 1179 aut
1295 1151 1385 1180 certe
1413 1146 1456 1178 de
1484 1145 1580 1178 bonis
1614 1144 1856 1177 damnatorum.

100 1199 265 1243 supplicia
293 1199 448 1232 dicuntur
475 1199 756 1243 supplicationes,
784 1211 870 1243 quae
897 1200 1023 1232 fiebant
1049 1199 1093 1232 de
1120 1199 1216 1231 bonis
1243 1209 1418 1242 passorum
1446 1197 1621 1242 supplicia.

379 941 447 974 Sed
477 941 541 972 iam
572 937 695 973 nunc⁵⁰
721 946 900 983 utrumque
929 940 1132 975 vocabulum
1160 941 1221 974 sub
1256 951 1320 972 una
1352 934 1618 983 designatione-⁵⁷
1655 937 1815 976 habetur,
1868 947 1931 970 nec
1958 936 2055 969 distat

1202 991 1468 1036 Supplicationis
1500 996 1611 1024 autem
1639 1000 1762 1022 nomen
1799 987 2054 1032 quodammodo

1538 1092 1688 1127 lndictae
1715 1097 1843 1132 autem,
1870 1091 1948 1134 quia
1966 1101 2053 1134 pau-

1915 1141 2017 1175 Unde
2027 1137 2052 1157 ‘⁴⁰

1676 1196 1799 1229 Sacrae
1827 1194 1913 1228 enim
1934 1205 1985 1226 res
2009 1192 2052 1224 de

1089 1449 1130 1491 Ε
1229 1449 1273 1491 R
1364 1448 1469 1490 VH.

1089 1559 1173 1593 De
1227 1558 1365 1593 Deo.

265 1637 296 1670 l.
351 1636 564 1670 Beatissimus
578 1633 602 1654 ‘⁵¹
630 1637 856 1681 Hieronymus
889 1637 938 1670 vir
973 1637 1210 1669 eruditissimus
1223 1632 1248 1652 ‘¹²
1283 1640 1315 1668 et
1350 1635 1527 1668 multarum
1561 1635 1751 1681 linguarum
1787 1629 1947 1679 Ρει-ῑῑιιςὕει
1975 1633 2048 1666 lle-

97 1690 276 1723 braeorum
304 1689 474 1722 nominum
501 1689 806 1733 interpretationem
834 1689 961 1733 primus
993 1689 1024 1721 in
1049 1689 1202 1721 Latinam
1231 1687 1379 1732 linguam
1416 1687 1587 1721 convertit.

1642 1688 1694 1720 Ex
1729 1686 1847 1730 quibus
1874 1697 1937 1730 pro
1970 1685 2049 1718 bre-

96 1742 196 1775 vitate
221 1741 459 1786 praetermissis
486 1742 598 1775 multis
623 1741 791 1785 quaedam
818 1740 899 1774 huic
930 1741 1026 1785 operi
1053 1740 1190 1775 adiectis
1221 1739 1548 1784 interpretationibus
1575 1739 1819 1784 interponenda
1843 1733 1996 1772 studuiffl.

95 1847 145 1890 35)
162 1861 220 1889 quo
245 1850 300 1879 Gu.
316 1851 344 1881 2.
360 1859 407 1879 Va.
430 1866 469 1871 —
492 1849 539 1890 36)
556 1851 617 1879 sibi
639 1850 742 1879 addidi
759 1860 774 1879 e
791 1850 849 1880 Gn.
865 1853 892 1881 1.
907 1852 935 1881 2.
946 1859 1047 1889 pr.va.

97 1893 199 1921 Ar.—
221 1895 265 1926 37)
289 1894 419 1930 quisque
441 1893 497 1923 Gu.
515 1896 542 1924 1.
564 1910 606 1915 —
634 1894 682 1932 33)
700 1904 760 1921 esse
782 1904 839 1922 om.
864 1893 921 1924 Gu.
946 1895 976 1924 2.
1002 1903 1047 1921 va.

96 1951 138 1956 —
159 1935 209 1974 39)
231 1934 421 1972 adulterare,
450 1937 565 1974 furare
599 1936 658 1965 Gu.
682 1939 711 1968 2.
732 1953 774 1957 -
803 1935 978 1964 adulterare
1000 1946 1048 1965 va.

95 1993 136 1999 --
158 1978 204 2015 40)
227 1978 275 2006 Sic
300 1978 356 2007 Gu.
379 1980 406 2009 1.
433 1994 474 1999 —
499 1978 585 2017 Vulg.
609 1984 746 2007 aeternae
767 1977 906 2008 damnat.
928 1995 968 2000 —
1000 1977 1048 2018 41)

96 2023 138 2048 est
160 2019 229 2048 add.
253 2021 309 2048 Gu.
329 2022 358 2050 2.
376 2035 417 2041 —
439 2019 498 2049 des·
521 2032 580 2059 erg.
596 2033 615 2050 α
634 2031 713 2059 pecc.
734 2027 777 2050 est
799 2032 845 2061 pr.
867 2031 914 2050 va.
937 2037 980 2042 —-
1001 2023 1050 2058 42)

95 2062 145 2091 Sic
167 2063 223 2092 Gu.
252 2066 279 2093 1.
304 2064 335 2093 2.
363 2062 415 2091 Ar.
432 2079 476 2085 —
496 2062 687 2093 humiliandi
709 2065 789 2103 vulg.
820 2081 859 2086 —
882 2062 929 2103 43)
954 2065 1049 2091 cinere

97 2115 142 2133 va.
164 2122 207 2127 —
227 2106 275 2144 44)
292 2104 403 2133 det'cere
425 2105 482 2133 Gu.
503 2109 529 2137 1.
545 2108 575 2138 2.
601 2124 635 2128 —
661 2105 708 2147 45)
725 2109 757 2136 in
780 2107 892 2146 quibas
908 2108 1049 2145 peccavit

98 2148 154 2176 Gu.
171 2149 200 2178 2.
221 2164 263 2169 ——-
287 2146 334 2187 46)
353 2147 401 2176 Sic
425 2147 481 2175 Gu.
497 2151 524 2179 1.
540 2151 567 2181 2.
588 2159 632 2188 pr.
658 2150 708 2178 Ar.
730 2167 769 2172 —
793 2151 943 2178 Lemniae
966 2150 1047 2187 vulg.

97 2207 137 2211 —
159 2188 205 2228 47)
221 2195 325 2218 autem
347 2201 406 2219 om.
429 2190 484 2220 Gu.
503 2193 531 2222 2.
560 2208 599 2212 -
630 2194 677 2231 48)
702 2192 846 2221 litaniam
867 2193 918 2221 Ar.
938 2209 980 2214 —
1002 2195 1047 2225 49)

96 2237 196 2261 autem
219 2233 276 2262 Gu.
302 2235 332 2264 2.
357 2247 397 2254 -
421 2235 465 2265 50)
489 2232 546 2260 hoc
573 2232 607 2261 dl
633 2234 690 2271 brt,
729 2235 812 2273 quod
833 2235 1049 2273 exomologeses

96 2286 154 2304 om.
180 2275 236 2305 Gu.
255 2278 281 2307 1.
301 2291 341 2296 —
362 2275 577 2313 exomologesis
596 2277 633 2304 al.
650 2286 699 2305 va.
722 2282 749 2305 et
770 2277 829 2306 hoc
852 2288 974 2311 verum,
998 2287 1047 2306 se-

96 2317 198 2355 quitur
226 2319 302 2346 enim
333 2318 363 2346 in
395 2318 451 2348 Gu.
470 2320 497 2349 1.
521 2318 558 2347 al.
579 2328 623 2347 va.
647 2321 762 2357 agitur.
791 2339 829 2343 —-
860 2319 908 2360 51)
924 2320 972 2348 sic
990 2321 1047 2348 Gu.

99 2364 124 2391 1.
140 2360 176 2389 al.
192 2361 238 2389 Ar.
264 2370 325 2390 var.
342 2360 408 2390 lect.
431 2371 477 2400 ap.
496 2360 585 2391 Goth.
608 2370 654 2391 va.
678 2377 718 2384 —
741 2360 889 2392 dicuntur
910 2364 987 2403 vulg.
1006 2379 1046 2385 —

1091 1848 1162 1878 inde
1178 1848 1326 1877 dicuntur
1349 1849 1385 1877 al.
1407 1864 1449 1871 —
1472 1859 1550 1887 quae
1572 1848 1675 1877 addidi
1701 1859 1716 1877 e
1740 1849 1797 1877 Gu.
1822 1851 1850 1880 1.
1872 1848 1908 1876 al.
1935 1862 1970 1868 -
2001 1848 2045 1879 52)

1091 1893 1192 1922 Deum
1215 1893 1251 1922 al.
1278 1901 1327 1922 va.
1356 1908 1393 1913 —
1426 1890 1471 1931 53)
1493 1892 1542 1920 Sic
1568 1892 1626 1921 Gu.
1652 1894 1679 1922 1.
1701 1893 1732 1922 2.
1755 1907 1796 1913 —-
1823 1887 2047 1929 impetrandum

1091 1936 1172 1974 vulg.
1196 1951 1238 1957 —
1267 1937 1316 1971 54)
1338 1936 1370 1962 in
1392 1935 1498 1973 aliquo
1524 1945 1581 1964 om.
1613 1935 1668 1963 Gu.
1684 1936 1714 1965 2.
1742 1949 1784 1956 ——-
1819 1934 1868 1970 55)
1892 1934 2046 1961 maxses-mm

1093 1979 1149 2007 Gu.
1168 1981 1194 2010 1.
1210 1994 1251 1999 —
1277 1976 1324 2017 56)
1341 1977 1427 2015 Vulg.
1450 1987 1532 2005 nunc
1553 1978 1634 2015 iam,
1671 1987 1728 2016 pro
1751 1986 1814 2015 quo
1842 1977 1901 2005 Gu.
1927 1979 1953 2007 1.
1981 1976 2044 2002 mm

1091 2031 1174 2049 nunc
1198 2020 1276 2048 malo
1308 2020 1413 2049 ordine
1436 2020 1618 2057 verborum3
1649 2020 1689 2050 al.
1712 2030 1771 2048 om.
1799 2021 1862 2046 iam
1887 2019 1924 2047 al.
1955 2027 2043 2045 nunc.

1092 2065 1184 2093 IVunc
1206 2063 1326 2092 videtur
1347 2063 1514 2091 delendum.
1560 2062 1605 2092 Al.
1629 2073 1712 2091 nunc
1733 2064 1800 2090 iam
1828 2061 1925 2090 distat
1952 2060 2044 2098 vulgo

1091 2113 1261 2145 utrumque.
1285 2106 1320 2134 al.
1348 2106 1437 2134 etiam
1460 2106 1517 2143 ita,
1540 2116 1598 2135 om.
1624 2107 1695 2135 iam.
1718 2121 1762 2127 —-
1792 2104 1841 2144 57)
1863 2105 1914 2132 Sic
1936 2103 1994 2132 Gu.
2015 2105 2040 2132 1.

1090 2151 1119 2181 2.
1137 2150 1189 2178 Ar.
1213 2165 1254 2170 —
1277 2149 1505 2187 significatione
1524 2148 1606 2186 vulg.
1624 2165 1666 2170 —
1697 2147 1742 2186 58)
1763 2147 1813 2175 Sic
1837 2148 1892 2175 Gu.
1911 2151 1935 2178 1.
1957 2148 1985 2176 2.
2004 2145 2039 2172 al.

1089 2193 1230 2223 vanlect.
1249 2202 1296 2231 ap.
1313 2191 1403 2220 Goth.
1427 2191 1515 2230 Vulg.
1533 2191 1687 2220 dieantur.
1710 2190 1941 2229 Exomologeses
1956 2189 2038 2216 Arev-

1091 2235 1150 2265 Gu.
1168 2238 1196 2267 2.
1219 2251 1261 2256 ——
1283 2236 1328 2269 59)
1354 2245 1434 2263 nunc
1456 2244 1512 2263 om.
1536 2243 1582 2274 pr.
1603 2249 1645 2256 -—-
1668 2231 1717 2274 60)
1739 2239 1767 2261 et
1788 2233 1856 2262 add.
1881 2234 1936 2261 Gu.
1951 2233 1979 2261 2.
1998 2243 2039 2249 --

1090 2279 1139 2316 61)
1163 2281 1281 2306 Beatus
1303 2278 1334 2306 Z.
1360 2292 1399 2299 —-
1422 2278 1469 2313 62)
1485 2276 1749 2316 prudentissimae
1771 2276 1802 2304 Z.
1824 2291 1865 2298 --
1887 2274 1936 2313 63)
1951 2275 2036 2312 peri-

1089 2322 1227 2350 tissimus
1249 2321 1280 2350 Z.
1304 2337 1342 2342 —-
1366 2322 1414 2359 64)
1438 2322 1624 2360 interponere
1645 2318 1764 2348 studuit
1786 2318 1819 2347 Z.
