2255 2819
245 104 319 140 614
939 95 1115 130 lSlDORl
1141 95 1320 130 HISPAL.
1347 96 1492 132 EPISC.

410 192 444 227 5.
497 189 745 225 Redimiculum
773 192 838 228 est,
874 188 967 230 quod
994 188 1265 229 succinctorium,
1305 189 1372 222 sive
1405 190 1531 224 bracile
1557 187 1802 231 nominamus¹,
1839 189 1932 233 quod
1959 187 2182 224 descendens²

247 261 308 295 per
338 247 501 282 cervicem
529 248 561 275 et
587 253 605 273 a
634 238 794 271 lateribus
819 239 895 271 colli
924 239 1082 279 divisum,
1110 237 1346 282 utrarumque³
1374 241 1500 274 alarum
1527 240 1638 275 sinus*
1665 243 1768 275 ambit
1789 247 1890 285 atque
1909 241 1986 275 hinc
2009 241 2086 274 inde
2106 244 2181 276 suc-

247 301 368 345 cingit,
409 303 444 329 ut
478 291 703 335 constringens
735 290 942 323 latitudinem
976 288 1136 324 vestium5
1170 302 1290 334 corpus
1326 291 1540 334 contrahaff,
1589 298 1686 337 atque
1720 293 1955 337 coniungendo
1988 298 2180 337 componat.

247 346 370 385 Hunc‘l
405 347 507 390 vulgo
535 341 732 382 brachilem,
760 342 852 385 quasi
880 341 1098 383 brachialem,
1127 339 1274 383 dicum,
1302 344 1450 386 quamvis
1483 356 1568 379 nunc
1594 357 1659 378 non
1687 345 1922 384 brachiorum,
1957 344 2014 377 sed
2041 340 2179 377 renum⁹

247 405 287 436 sit
315 399 492 444 cingulum.

247 455 350 487 sinum
378 447 481 482 ambit
506 451 604 489 atque
630 445 710 478 hinc
736 445 814 478 inde
841 446 1015 490 succingit.

545 393 807 427 Succinctorium
830 399 940 426 autem
967 400 1140 435 vocatum,
1172 394 1282 438 quod,
1310 400 1345 427 ut
1379 395 1503 428 dictum
1531 401 1594 437 est,
1621 398 1680 430 sub
1706 396 1852 430 brachiis
1882 395 2020 429 ductum
2054 396 2182 429 alarum

410 507 443 540 6.
498 501 659 545 Fasciam,
686 517 753 547 qua
779 506 902 549 tegitur
930 510 1062 548 pectuS,
1094 510 1125 537 et
1149 500 1330 548 papillae¹¹
1362 506 1642 549 comprimuntur,
1689 513 1786 551 atque
1821 506 1975 550 crispanti
1989 502 2013 523 ¹²
2044 506 2181 550 cingulo

248 560 414 606 angustius
441 563 556 603 pectus
583 560 735 590 arctatur.

247 613 403 647 fasciolae
418 607 458 650 ¹³,
486 609 604 652 quibus
630 608 766 640 vulnera
793 608 1000 652 colligantur.

802 557 846 589 Et
873 556 961 589 dicta
989 556 1109 597 fascia,
1157 555 1248 599 quod
1276 557 1309 588 in
1342 557 1480 590 modum
1508 558 1655 592 fasciculi
1690 570 1811 604 corpus
1840 559 1964 602 alligat.

2035 558 2123 591 Hinc
2150 562 2182 589 et

409 660 444 694 Ἰ.
499 661 589 693 Vitta
616 659 722 701 (licta,
749 659 842 702 quod
872 671 909 691 ea
937 664 1052 702 pectus
1078 658 1216 691 vincitur
1244 659 1343 691 instar
1369 659 1439 691 vitis
1466 659 1596 704 ligantis

550 716 561 743 t
579 708 601 727 1⁴
753 707 775 727 15

347 712 487 746 Limbus
514 723 547 744 es
603 735 612 752 ,
639 722 737 753 quem

801 721 860 743 nos
887 715 1073 743 ornaturam
1105 709 1253 742 dicimus.

408 763 441 796 8.
499 762 651 796 Fasciola
680 767 744 801 est,
772 773 857 804 quae
881 762 984 794 ambit
1012 757 1272 794 extremitate111¹

247 820 419 858 assutaque
434 810 458 830 ¹⁶
485 813 681 846 extrinsecus
707 813 739 845 in
767 818 912 846 extrema
938 819 1034 857 parte
1061 813 1261 853 vestimenti,
1289 812 1341 844 vel
1370 812 1567 857 chlamydis.

1276 756 1287 776 Β
1313 761 1468 801 vestium,
1497 767 1551 793 aut
1579 773 1617 794 ex
1629 758 1652 777 ¹⁷
1680 760 1753 799 filis,
1780 767 1835 793 aut
1857 772 1897 793 ex
1924 770 2003 792 auro
2032 764 2181 793 contexta

1621 812 1672 845 De
1699 823 1764 856 qua
1791 812 1948 857 Virgilius
1961 807 2000 842 ¹⁹:

475 872 657 907 Sidoniam
680 874 778 918 picto
805 873 1027 917 chlamydem
1056 873 1278 906 circumdata
1305 872 1418 906 limbo.

728 975 757 1008 c
779 976 810 1009 A
837 962 874 1010 ΡΖ
926 975 1080 1009 xxxiv.

1158 975 1236 1008 De
1288 975 1700 1008 calciamentis.

414 1050 445 1084 l.
498 1051 634 1084 Sutores
660 1056 865 1096 nuncupatos
877 1048 912 1093 ²⁰,
939 1052 1032 1096 quod
1060 1052 1186 1085 insertis
1214 1051 1272 1084 filo
1302 1062 1482 1096 porcorum
1510 1051 1585 1084 setis
1612 1055 1720 1091 suant,
1755 1050 1788 1082 id
1817 1058 1862 1084 est
1889 1059 2064 1095 consuant,
2091 1055 2185 1098 quasi

248 1107 376 1133 setores.

415 1159 447 1191 2.
502 1158 722 1205 Caligarios²¹
750 1173 828 1194 vero
856 1173 923 1195 non
950 1174 969 1194 a
996 1162 1083 1195 callo
1111 1161 1256 1205 pedum,
1296 1161 1354 1194 sed
1384 1173 1402 1193 a
1432 1162 1526 1201 calo,
1553 1161 1587 1193 id
1616 1167 1663 1194 est
1700 1161 1793 1204 ligno
1825 1167 1979 1204 vocatoS,
2022 1165 2090 1197 sine
2117 1176 2184 1207 quo

249 1211 359 1244 consui
387 1211 603 1244 calciamenta
630 1224 695 1245 non
723 1219 876 1257 possunt,
918 1225 999 1257 quas
1012 1211 1037 1231 ²²
1065 1213 1188 1245 Graeci
1216 1210 1414 1250 καλοπόδας
1429 1209 1453 1228 ²³

1487 1212 1600 1245 ‹licuut
1611 1210 1645 1246 ²⁴.
1720 1212 1859 1244 Fiebant
1886 1219 1994 1246 autem
2029 1216 2119 1259 prius
2146 1226 2185 1247 ex

249 1263 349 1296 salice
372 1268 508 1303 tantum,
536 1263 614 1297 hinc
642 1269 672 1297 et
700 1265 917 1298 calciamenta
945 1265 1054 1305 (licta,
1078 1265 1170 1307 quod
1199 1264 1230 1296 in
1254 1264 1344 1304 calo,
1371 1263 1405 1296 id
1434 1269 1481 1295 est
1508 1259 1634 1308 ligno²³
1661 1264 1750 1303 fiant,
1779 1264 1829 1295 vel
1856 1262 1984 1306 quod²⁶
2007 1267 2185 1299 calcentur.

411 1322 443 1358 3.
498 1322 660 1367 crepidas
689 1324 812 1359 Graeci
836 1330 910 1358 ante
938 1330 1084 1368 repertas
1110 1325 1157 1357 usi
1185 1331 1267 1358 sunt.

248 1375 376 1417 utrique
404 1380 518 1418 aptum
545 1375 642 1418 pedi,
674 1377 726 1408 vel
742 1374 766 1392 ²³
793 1377 928 1416 dextro,
957 1377 1009 1409 vel
1036 1376 1172 1410 sinistro.

249 1432 385 1469 gantur,
414 1426 480 1459 sive
507 1437 525 1458 a
552 1426 677 1470 pedum
702 1428 830 1472 crepitu
856 1429 889 1460 in
917 1427 1130 1460 ambulando.

412 1476 446 1510 ⁴.
498 1476 638 1510 Calceos
651 1475 675 1494 ²⁹
702 1491 798 1523 reges
824 1480 1000 1512 utebantur
1027 1485 1058 1512 et
1087 1479 1253 1512 Caesares

351 1527 510 1560 Patricius
538 1529 668 1562 calceos
696 1531 860 1563 Romulus
886 1531 1010 1574 reperit
1037 1530 1083 1562 lv
1111 1530 1345 1574 corrigiarum,
1380 1534 1552 1572 assutaque
1584 1529 1669 1560 luna.

250 1579 381 1610 bantur.

248 1629 338 1661 initio
364 1630 492 1673 patricii
520 1636 684 1664 senatores
711 1638 842 1665 centum
870 1633 990 1665 fuerint
1000 1629 1035 1667 ³³.

1335 1325 1394 1357 Est
1422 1330 1531 1356 autern
1558 1334 1663 1367 genus
1698 1323 1854 1366 singulari
1881 1325 2007 1364 forma.
2039 1331 2071 1358 et
2097 1326 2185 1358 idem

1240 1375 1402 1420 Crepidas
1429 1380 1539 1407 autem
1567 1375 1670 1408 dictas
1682 1371 1725 1416 ²⁸,
1758 1375 1849 1417 quod
1877 1386 1952 1408 cum
1982 1387 2063 1408 sono
2092 1377 2186 1410 strin-

1307 1478 1431 1510 Forma
1460 1488 1574 1509 eorum
1592 1473 1653 1510 *³⁰.

1732 1528 1802 1560 Hos
1818 1525 1840 1544 ³¹
1871 1528 1930 1559 soli
1958 1529 2086 1571 patricii
2114 1535 2186 1561 ute—

436 1579 531 1611 Luna
553 1585 662 1612 autem
691 1582 722 1613 in
750 1582 794 1613 eis
821 1593 887 1614 non
912 1582 1025 1614 sideris
1040 1578 1065 1598 ³²
1087 1582 1248 1621 sormam,
1275 1580 1333 1613 sed
1362 1586 1472 1613 notam
1500 1579 1675 1613 centenarii
1703 1579 1830 1612 numeri
1853 1579 2071 1623 significabat,
2094 1580 2186 1622 quod

414 1679 447 1712 5.
505 1681 637 1715 Ocreae
663 1683 791 1716 tibialia
821 1684 1039 1718 calciamenta
1065 1688 1157 1723 sunt,
1185 1683 1276 1716 dicta
1302 1682 1395 1726 quod
1423 1693 1517 1716 crura
1540 1686 1664 1726 tegant.

341 1791 362 1823 1)
388 1789 436 1816 Sic
456 1789 511 1817 Gu.
534 1792 560 1820 1.
580 1806 622 1812 —
644 1802 859 1830 nuncupamus
881 1792 961 1830 vulg.
985 1808 1021 1813 —
1053 1793 1082 1829 Ξ)
1106 1791 1152 1819 Sic
1169 1792 1199 1819 Z.

253 1829 307 1857 Gu-
334 1832 361 1859 1.
379 1833 405 1860 2.
427 1841 471 1869 pr.
494 1841 541 1862 va.
565 1833 615 1862 Ar.
637 1850 678 1855 —
701 1833 838 1862 dividens
861 1835 941 1872 vulg.
963 1850 1005 1856 —
1033 1834 1063 1873 3)
1085 1841 1200 1862 utrum-

254 1881 311 1908 que
333 1870 388 1898 Gu.
408 1874 434 1900 1.
457 1889 497 1894 —
520 1873 548 1911 4)
574 1875 621 1903 Sic
639 1877 669 1904 Z.
694 1877 753 1906 Gu.
774 1880 800 1907 1.
817 1879 846 1907 2.
869 1877 920 1905 Ar.
943 1894 975 1897 —
997 1879 1099 1904 sinum
1120 1877 1200 1914 vulg.

254 1930 293 1934 —
316 1911 344 1950 5)
376 1916 500 1942 vestium
533 1916 587 1945 Gu.
608 1922 633 1948 1.
657 1921 686 1948 2.
710 1919 746 1948 al.
779 1936 818 1940 —
852 1921 959 1947 vestiat
990 1919 1072 1956 vulg.
1101 1936 1140 1941 —
1173 1923 1199 1953 (³)

253 1955 413 1982 contrahat
438 1957 540 1985 addidi
563 1969 578 1987 e
601 1961 632 1988 Z.
656 1961 710 1989 Gu.
735 1966 758 1993 1.
784 1964 813 1992 2.
838 1961 874 1990 al.
898 1972 944 1989 va.
970 1978 1010 1983 —·-
1040 1968 1131 1990 tus-les
1160 1961 1204 1988 ml

254 2007 363 2034 corpas
385 1999 543 2026 contrahat
567 2001 653 2030 Arev.
676 2019 715 2024 ·—
739 2002 768 2042 7)
784 2004 833 2032 Sic
857 2005 886 2032 Z.
905 2004 961 2032 Gu.
983 2006 1007 2033 1.
1027 2006 1056 2034 2.
1076 2021 1117 2025 --
1132 2005 1200 2031 ΙΙωε

255 2038 347 2077 vulgo
370 2038 482 2067 bracile
505 2045 592 2078 quasi
615 2044 769 2073 brachiale
793 2046 871 2084 vulg.
904 2062 944 2068 —-
974 2046 1005 2082 S)
1027 2047 1075 2074 Sic
1095 2048 1125 2075 Z·
1145 2048 1200 2074 Gu-

257 2084 283 2112 1.
305 2083 335 2111 2.
359 2081 406 2109 Ar.
430 2098 471 2102 —
496 2090 601 2111 vocant
631 2087 710 2124 vulg,
743 2103 778 2108 —
821 2087 852 2128 9)
876 2090 993 2115 renium
1024 2089 1079 2118 Gn.
1108 2091 1135 2119 2.
1160 2106 1200 2110 ——

258 2126 303 2157 10)
328 2129 367 2167 est
391 2123 462 2153 add.
487 2125 618 2162 vulg.—-
643 2128 707 2156 Oui.
732 2130 787 2158 Gu.
804 2133 828 2160 1.
852 2147 893 2152 —-
918 2135 960 2165 11)
987 2131 1141 2158 ιιιιιιηίῖἴιιε
1169 2133 1200 2159 Ζ.

256 2180 296 2187 --
321 2168 366 2201 12)
387 2166 436 2194 Sic
460 2166 490 2194 Z.
507 2167 560 2195 Gn.
580 2171 606 2199 1.
619 2185 660 2191 κ-
676 2173 826 2209 crisspanle
846 2173 926 2210 vulg.
941 2189 980 2193 —
1006 2172 1051 2211 13)
1061 2174 1201 2210 fasciola

258 2207 287 2235 Z.
320 2207 376 2236 Gu.
396 2210 425 2238 2.
461 2226 498 2230 —
538 2208 584 2246 14)
612 2216 653 2237 est
684 2222 740 2242 om.
769 2214 824 2241 Gu.
855 2218 880 2244 1.
914 2231 954 2235 —
991 2214 1033 2253 15)
1055 2226 1147 2253 quam
1171 2216 1202 2245 Z.

259 2249 315 2276 Gu.
340 2252 367 2280 2.
390 2265 431 2270 ——
455 2252 504 2287 16)
527 2251 575 2278 Sic
598 2252 630 2279 Z.
650 2253 705 2282 Gu.
726 2257 751 2284 1.
766 2257 794 2284 2.
811 2266 857 2285 va.
874 2256 925 2286 Ar.
944 2273 984 2277 -—
1006 2260 1204 2285 extremitate-s·

258 2291 339 2328 vulg.
364 2306 405 2312 ——
435 2290 479 2332 17)
501 2303 533 2319 ex
556 2304 612 2322 om.
637 2304 682 2324 va.
716 2311 757 2316 --
788 2296 832 2335 18)
856 2305 1070 2338 assutrzptaque
1092 2301 1122 2328 Z.
1147 2301 1202 2328 Gu.

262 2336 288 2363 1·
305 2335 332 2363 2.
359 2349 393 2353 —
421 2335 464 2369 19)
488 2334 562 2362 dicit
584 2335 652 2364 add.
678 2347 723 2375 pr.
746 2347 793 2364 va.
814 2355 855 2361 —
881 2341 976 2368 Locus
1000 2347 1043 2369 est
1067 2342 1137 2371 Aen.
1154 2342 1202 2377 IV,

1246 1794 1313 1822 137.
1335 1807 1376 1812 -—-
1413 1792 1457 1828 ΞΟ)
1481 1790 1529 1818 Sic
1551 1790 1583 1819 Z.
1608 1790 1662 1817 Gu.
1689 1792 1714 1819 1.
1737 1790 1765 1819 2.
1788 1788 1825 1815 al.
1851 1805 1886 1808 —
1916 1789 2087 1827 nuncupati
2116 1794 2187 1815 sunt

1243 1835 1324 1871 vulg.
1350 1850 1388 1855 —
1418 1833 1600 1871 nuncupati,
1629 1832 1738 1859 omisso
1768 1835 1839 1858 sunt
1864 1840 1909 1858 va.
1940 1848 1977 1852 -—
2016 1834 2060 1865 21)
2085 1830 2133 1858 Sic
2156 1831 2186 1859 Z.

1245 1877 1301 1904 Gu.
1322 1879 1346 1906 1.
1365 1878 1395 1906 2.
1419 1876 1455 1904 al.
1477 1891 1518 1896 -
1548 1873 1726 1912 Culigtzrius
1752 1895 1757 1900 .
1785 1898 1790 1903 .
1817 1878 1942 1901 vocatus
1964 1873 2045 1911 vulg.
2071 1888 2108 1893 -ο
2141 1875 2186 1907 22)

1244 1920 1292 1946 Sic
1316 1919 1346 1947 Z.
1371 1920 1420 1947 Ar.
1443 1933 1482 1940 -
1506 1928 1584 1955 quae
1607 1918 1663 1944 Gu.
1687 1919 1712 1948 1.
1737 1932 1777 1936 —
1802 1926 1890 1954 quem
1915 1916 1969 1944 Gu.
1993 1919 2021 1947 2.
2045 1931 2084 1937 -
2108 1913 2191 1953 quod

1244 1962 1326 1998 vulg.
1355 1977 1388 1981 —-
1414 1959 1459 1999 23)
1484 1960 1532 1987 Sic
1555 1960 1586 1987 Z.
1610 1960 1666 1987 Gu.
1696 1963 1720 1989 1.
1745 1960 1772 1988 2.
1798 1960 1847 1986 Ar.
1872 1968 1919 1987 va.
1945 1975 1982 1979 —
2006 1955 2188 1987 καλοπόδιον

1244 2004 1323 2041 vulg.
1347 2020 1386 2024 —
1417 2004 1464 2038 24)
1488 2001 1600 2029 dicitur
1625 2012 1668 2029 va.
1693 2017 1734 2022 —
1763 2006 1867 2028 vocant
1890 2001 1921 2028 Z.
1954 2019 1990 2022 —
2022 2001 2067 2036 25)
2098 1999 2185 2035 Vulg.

1243 2048 1273 2074 ιἰι
1297 2046 1397 2084 ligne),
1428 2044 1479 2072 sed
1508 2046 1539 2071 in
1563 2055 1618 2072 om.
1640 2045 1671 2072 Z.
1696 2043 1753 2073 Gu.
1780 2046 1805 2072 1.
1829 2045 1859 2073 2.
1888 2058 1930 2064 —
1957 2044 2002 2080 26)
2026 2040 2110 2081 quod
2129 2051 2186 2070 om.

1243 2099 1290 2117 va.
1319 2104 1361 2109 —
1398 2088 1445 2122 27)
1469 2087 1513 2114 rel
1534 2097 1589 2114 om.
1613 2097 1658 2115 va.
1687 2101 1729 2106 —-
1767 2083 1813 2125 23)
1836 2085 1884 2112 Sic
1906 2085 1938 2114 Z.
1967 2085 2022 2114 Gu.
2048 2088 2073 2115 1.
2095 2087 2123 2116 2.
2147 2099 2188 2106 —

1247 2129 1392 2168 Crepidae
1421 2150 1427 2156 .
1460 2150 1466 2156 .
1497 2128 1596 2156 dictae
1618 2128 1699 2165 vulg.
1732 2143 1770 2148 --
1811 2130 1859 2165 29)
1893 2127 1941 2155 Sic
1968 2127 2023 2157 Gu.
2050 2129 2078 2157 1.
2096 2128 2127 2156 2.
2148 2142 2186 2147 —-

1247 2173 1362 2201 Cala-eis
1385 2171 1463 2207 vulg.
1480 2189 1521 2192 ——
1548 2172 1595 2208 30)
1620 2172 1705 2200 Deest
1728 2169 1899 2208 explicatio.
1925 2185 1961 2190 —
1993 2168 2039 2207 31)
2065 2168 2114 2196 Sic
2131 2167 2187 2195 Gu.

1248 2218 1273 2245 1.
1298 2217 1328 2244 2.
1354 2231 1389 2235 -
1421 2214 1463 2241 lis
1486 2214 1566 2251 vulg.
1597 2231 1634 2235 —-
1675 2215 1720 2249 32)
1744 2223 1803 2240 non
1826 2218 1858 2239 ιιι
1881 2210 1939 2240 sid.
1959 2212 2056 2249 surm.
2080 2210 2135 2237 Gu.
2157 2212 2186 2239 2.

1245 2273 1285 2278 --
1306 2256 1353 2294 33)
1372 2257 1499 2293 fuerunt
1522 2257 1553 2284 Z.
1576 2272 1617 2277 —
1644 2254 1694 2294 34)
1718 2260 1802 2282 erant
1825 2253 1892 2282 add.
1912 2255 1942 2281 Z.
1957 2269 1996 2274 —-
2015 2251 2062 2287 35)
2085 2250 2186 2279 dextro

1245 2305 1269 2327 el
1292 2299 1376 2326 laem)
1401 2310 1481 2328 conv.
1500 2297 1574 2336 pedi
1597 2298 1685 2327 Arev.
1711 2313 1748 2319 -—·
1772 2300 1805 2324 in
1828 2297 1952 2324 alterum
1975 2293 2076 2322 addidi
2099 2303 2113 2321 e
2131 2294 2187 2321 Gu.

1250 2345 1272 2372 1.
1287 2343 1314 2371 2.
1329 2351 1374 2370 va.
1402 2358 1435 2362 —
1461 2341 1510 2380 36)
1533 2342 1701 2368 conueniret
1724 2350 1768 2368 va.
1785 2355 1824 2359 —
1843 2339 1887 2374 37)
1904 2337 1950 2365 Sic
1968 2336 2014 2364 Ar.
2032 2352 2063 2355 —
2082 2337 2186 2364 Baxcze
