2264 2830
785 104 1031 140 ORIGINUM
1069 105 1215 139 LIBER
1242 106 1318 142 vll.
1947 108 2023 142 219

238 201 296 235 232.
351 200 420 235 Sed
448 198 517 233 hoc
545 199 746 233 vocabulum
774 199 817 233 de
845 212 903 233 usu
930 205 1042 233 nostro
1071 212 1110 233 ex
1138 200 1285 234 hinnana
1314 202 1427 247 inopia
1454 202 1593 247 sumpsit
1605 198 1645 243 ⁴²,
1674 201 1767 235 sicuti
1784 199 1807 220 ²³
1837 207 1869 235 et
1895 204 2023 247 reliqua

72 255 189 295 verba,
217 258 377 297 quatenus
400 252 451 292 id,
485 251 577 295 quod
605 250 776 284 ineffabile
805 257 871 293 est,
901 258 1067 296 utcunque
1095 253 1160 286 dici
1190 250 1342 297 possit¹¹‚
1370 255 1527 297 quoniam
1552 255 1595 287 de
1617 254 1690 287 Deo
1720 254 1804 287 nihil
1831 255 1934 300 digne
1957 255 2023 289 hu-

72 317 189 341 manus
214 316 323 338 sermo
351 304 448 343 dicit,
474 304 558 336 sicut
585 308 659 335 sunt
686 308 718 335 et
747 304 819 336 alia.

239 356 298 389 33.
353 355 492 388 Creator
518 354 625 387 dictus
652 366 714 399 pro
742 357 841 388 totius
868 355 982 387 mundi
1016 355 1113 388 rebus
1148 355 1191 387 ab
1225 356 1297 400 ipso
1333 357 1460 388 creatis.
1539 356 1631 390 Nihil
1667 355 1748 390 est⁴⁵
1783 358 1892 398 enim,
1927 358 2022 401 quod

74 420 141 442 non
169 409 332 454 originem
361 419 379 439 a
407 403 511 439 De0⁴⁰
538 407 681 438 traxerit.
737 403 844 451 lpse-'⁴¹
873 412 905 439 et
923 418 1014 448 unus,
1042 408 1119 450 quia
1147 407 1250 439 dividi
1278 418 1344 440 non
1371 412 1493 452 potest,
1521 409 1574 442 vel
1599 409 1675 453 quia
1702 409 1783 442 nihil
1809 409 1898 443 aliud
1914 415 2026 454 potest

75 473 144 494 esse
156 458 193 501 ⁴⁸,
224 459 316 503 quod
343 458 535 491 tantundem
564 458 735 501 potestatis
763 459 873 503 capiat
887 455 920 491 ⁴⁹.

240 511 298 545 34.
352 511 447 543 Haec
480 509 597 553 igitur,
639 521 726 552 quae
761 510 804 542 (le
834 511 905 542 neo
939 510 1027 543 (licta
1063 514 1154 550 sunt,
1199 509 1242 542 ad
1275 514 1378 542 totum
1415 510 1612 543 Trinitatem
1646 509 1849 555 pertinent⁵⁰
1883 518 2024 557 propter

76 574 175 596 unam
203 568 235 595 et
262 566 470 596 coaeternam
499 561 712 594 substantiam
740 563 771 594 in
799 558 948 603 l'ntre⁵¹,
988 561 1055 594 sive
1086 561 1117 593 in
1146 561 1233 593 Filio
1261 563 1331 594 eius
1366 562 1537 606 unigenito
1571 563 1603 595 in
1634 563 1742 596 forma
1777 564 1857 605 Dei,
1891 565 1960 598 sive
1993 565 2025 597 in

76 615 204 659 Spiritu
231 619 362 655 sancto,
393 613 448 656 qui
476 624 557 646 unus
585 614 718 658 spiritus
745 619 792 647 est
804 610 829 630 ⁵²
856 613 918 646 Dei
947 613 1052 646 Patris
1079 618 1112 645 et
1143 613 1218 645 Filii
1246 614 1314 646 eius
1340 613 1508 658 unigeniti.

242 672 301 706 35.
354 670 474 706 Sunt⁵³
505 678 536 705 et
563 674 729 717 quaedum
757 674 923 706 vocabula
958 685 996 706 ex
1029 685 1089 706 usu
1121 678 1233 705 nostro
1262 674 1304 706 ad
1334 674 1443 706 Deum
1471 677 1602 718 sumpta
1633 673 1677 707 de
1711 673 1868 707 membris
1895 674 2026 717 nostris,

77 727 146 759 slve
173 725 216 759 de
239 725 465 763 inferioribus3
493 721 559 757 et⁵⁴
587 726 664 769 quia
690 726 722 758 in
750 725 888 770 propria
910 731 1025 758 natura
1053 725 1222 758 invisibilis
1248 730 1280 757 et
1306 726 1525 770 incorporeus
1553 730 1616 766 est,
1644 737 1707 770 pro
1725 726 1911 759 efficientiis
1923 723 1947 744 ⁵⁵
1975 733 2027 759 ta-

77 789 153 811 men
181 788 352 811 causarum
381 778 412 809 in
439 777 512 821 ipso
533 788 643 809 rerum
670 778 798 821 species
825 777 1072 817 adscribuntur,
1101 783 1135 810 ut
1162 788 1257 810 more
1284 777 1461 811 locutionis
1487 782 1618 809 nostrae
1645 777 1774 811 facilius
1801 778 1945 821 seipsum
1975 778 2027 810 in-

77 830 200 871 sinuet,
228 835 262 861 ut
289 829 365 872 quia
389 829 500 862 omnia
531 829 638 869 videt,
673 830 802 863 dicatur
829 829 963 867 oculum
999 825 1064 861 et⁵⁶
1091 834 1231 873 propter
1258 829 1351 872 quod
1381 829 1474 862 audit
1498 829 1626 870 omnia,
1669 829 1800 862 dicatur
1826 830 1928 868 auris3
1963 840 2028 874 pro

77 892 119 914 eo
130 878 154 899 ⁵²
181 881 274 924 quod
302 882 478 920 avertitur,
507 881 672 914 turibulat:
700 892 763 925 pro
792 892 832 914 eo
860 881 953 924 quod
981 877 1162 924 spectatffl,
1190 885 1262 914 stat.

245 940 303 973 36.
357 940 415 974 Sic
442 946 473 972 et
496 940 528 972 in
555 941 693 974 caeteris
721 941 843 974 horum
871 941 1030 973 similibus
1057 941 1100 973 ab
1127 940 1280 973 humanis
1308 941 1472 974 mentibus
1495 939 1636 973 trahitur
1649 940 1826 973 similitudo
1851 941 1893 974 ad
1910 940 2030 981 Deum,

78 992 163 1026 sicut
187 997 233 1025 est
260 992 456 1025 obliviscens
494 998 525 1024 et
551 1004 749 1025 memorans.

803 993 893 1026 Hinc
925 998 971 1026 est
997 993 1090 1036 quod
1119 998 1152 1025 et
1178 993 1351 1038 Propheta
1388 988 1520 1027 dici2⁵⁹2
1558 991 1696 1025 Iuravit
1728 989 1935 1026 Domina-3¹⁵⁰
1964 1004 2032 1039 per

80 1045 239 1077 animam
263 1055 383 1077 suam:
410 1055 476 1076 non
498 1044 591 1087 quod
619 1044 710 1077 Deus
737 1044 880 1077 animam
891 1042 914 1062 ⁰¹
944 1044 1085 1085 habeat,
1113 1044 1173 1077 sed
1200 1045 1293 1088 quod
1305 1041 1330 1060 “²
1359 1044 1428 1078 hoc
1455 1049 1568 1077 nostro
1595 1050 1704 1076 narrat
1731 1045 1866 1078 affectu.

245 1104 304 1137 37.
356 1105 442 1137 Nam
473 1109 505 1137 et
532 1104 632 1137 facies
660 1105 722 1138 Dei
753 1105 786 1138 in
813 1106 981 1150 scripturis
1008 1105 1126 1138 sanctis
1153 1117 1219 1137 non
1246 1117 1344 1146 caro,
1384 1104 1442 1137 sed
1471 1104 1581 1137 divina
1615 1105 1764 1150 cognitio
1792 1100 2022 1150 intelligitur5³

80 1155 200 1188 eadem
227 1157 371 1196 ratione,
395 1167 461 1199 qua
488 1167 551 1201 per
577 1156 698 1190 faciem
711 1154 735 1175 ‘⁵⁴
762 1157 900 1202 quisque
927 1157 1152 1202 cognoscitur.

2022 1129 2032 1146 ἱ

245 1217 324 1250 Hoc
351 1216 438 1249 enim
464 1216 497 1249 in
525 1217 674 1250 oratione
686 1213 711 1233 ⁶⁵
742 1217 882 1251 dicitur:
924 1217 1075 1251 Domine
1087 1213 1131 1258 ⁰⁶,
1158 1215 1301 1250 ostende
1336 1213 1434 1248 nobis
1455 1214 1596 1261 sac-iem
1624 1219 1742 1249 tuam.-
1768 1226 1808 1250 ac
1834 1216 1859 1249 si
1887 1216 2032 1250 dicatur:

78 1268 133 1301 Da
155 1268 248 1301 nobis
276 1268 502 1312 cognitionem
534 1272 635 1301 tuam.

249 1327 308 1360 38.
362 1328 419 1360 Sic
443 1332 475 1360 et
487 1324 511 1343 ⁶⁷
538 1327 676 1372 vestigia
695 1327 758 1361 Dei
786 1327 959 1367 (licuntur,
982 1328 1062 1370 quia
1089 1337 1176 1360 nunc
1203 1325 1294 1358 Deus
1321 1336 1382 1368 per
1411 1324 1584 1369 speculum
1613 1325 1822 1370 agnoscitur,
1850 1326 1893 1359 ad
1921 1325 2034 1370 perfe-

82 1383 170 1412 ctum
199 1390 279 1411 vero
308 1380 520 1423 omnipotens
547 1376 763 1423 reperiturffl,
792 1379 872 1412 ‹lum
901 1380 932 1412 in
959 1380 1105 1412 futurum
1120 1374 1144 1395 ω

1178 1378 1265 1410 facie
1292 1377 1335 1409 ad
1372 1376 1490 1409 faciem
1519 1377 1706 1420 quibusque
1731 1378 1846 1411 electis
1875 1389 2035 1422 praesen-

82 1430 221 1472 tabitur,
250 1436 285 1464 ut
305 1431 410 1475 ipsam
438 1430 585 1474 speciem
614 1430 899 1474 contemplentur,
934 1431 1026 1464 cuius
1053 1440 1140 1464 nunc
1167 1429 1308 1473 vestigia
1343 1427 1634 1472 comprehendere
1668 1435 1846 1470 conantur,
1882 1429 1950 1462 hoc
1977 1434 2035 1470 est,

81 1494 183 1525 quem
210 1482 325 1515 videre
351 1493 413 1525 per
433 1482 607 1526 speculum
631 1478 831 1516 dicunturw.

251 1541 310 1576 39.
365 1542 451 1574 Nam
480 1546 512 1574 et
539 1542 616 1574 situs
643 1546 675 1574 et
701 1541 835 1574 habitus
863 1537 928 1574 et⁷¹
960 1540 1055 1574 locus
1077 1545 1109 1572 et
1129 1544 1264 1583 tempus
1296 1540 1329 1571 in
1357 1539 1468 1571 Deum

1477 1533 1502 1554 ‘12

1538 1549 1605 1571 non
1632 1538 1786 1583 proprie,
1812 1539 1871 1572 sed
1898 1551 1960 1584 per
1989 1540 2033 1572 si-

84 1592 305 1626 militudinem
339 1589 534 1626 translate²³
561 1593 732 1635 dicuntur,
766 1593 895 1637 quippe
921 1592 1047 1625 sedere
1071 1602 1179 1636 super
1210 1590 1387 1624 Cherubin
1415 1589 1554 1633 dicitur⁷
1589 1590 1682 1634 quod
1708 1597 1756 1624 est
1787 1591 1829 1624 ad
1857 1592 1974 1625 situm:
2004 1595 2036 1624 et

82 1644 229 1689 abyssus
239 1642 263 1662 ²⁴
285 1648 455 1690 tanquam
481 1645 724 1678 vestimentum
750 1645 903 1678 amictus
928 1640 1045 1686 eius⁷⁵‚

83 1753 170 1782 nullo
194 1752 391 1781 concluditur
412 1753 513 1782 addidi
535 1764 550 1782 e
568 1754 599 1782 Z.
617 1754 674 1783 Gu.
691 1756 718 1784 1.
745 1764 789 1793 pr.
809 1763 857 1782 va.
880 1753 969 1782 Arev.
995 1769 1036 1774 -—

83 1795 196 1835 39)1Sie
219 1796 275 1824 Gu.
292 1799 318 1826 1.
331 1812 373 1818 —
390 1796 477 1835 vulg.
491 1798 576 1835 quia.
597 1813 639 1819 -·-
661 1796 709 1834 40)
724 1796 809 1824 adici
826 1797 880 1824 Gu.
898 1799 926 1827 1.
946 1799 974 1827 2.
991 1806 1037 1834 pr.

84 1854 126 1861 —-
149 1838 198 1876 41)
222 1839 308 1876 Vulg.
331 1844 431 1867 autem
455 1840 542 1876 add„
575 1839 656 1877 quod
680 1849 736 1867 om.
767 1840 824 1868 Gu.
854 1842 880 1869 1.
910 1855 953 1862 —
987 1840 1036 1874 42)

85 1881 136 1910 Sic
149 1882 205 1909 Gu.
217 1884 290 1911 1.-
304 1881 391 1919 Vulg.
408 1883 539 1920 sumpsit
561 1882 696 1910 humana
719 1883 835 1920 inopia.
855 1897 891 1902 —
914 1880 959 1918 43)
974 1882 1037 1908 sic-

86 1926 132 1953 uti
153 1934 208 1962 pro
231 1926 309 1951 sicut
334 1925 392 1953 Gu.
416 1928 444 1956 1.
467 1941 504 1946 —
535 1924 586 1963 44)
604 1930 703 1963 potest
727 1926 784 1953 Gu.
804 1928 832 1956 2.
857 1940 899 1944 —
921 1922 967 1962 45)
990 1924 1039 1952 Sic

86 1967 144 1996 Gu.
161 1969 187 1998 1.
206 1985 243 1989 -
268 1967 355 2004 Vulg.
381 1968 472 1995 Nihil
499 1968 577 1995 enim
603 1973 655 1996 est.
680 1986 718 1990 —
751 1965 798 2006 46)
819 1966 856 1994 ab
880 1977 910 1993 eo
932 1966 970 1994 al.
997 1982 1038 1988 -—

85 2007 133 2049 47)
152 2015 178 2037 et
202 2011 265 2047 ipse
289 2010 346 2039 Gu.
366 2012 392 2040 1.
415 2029 453 2033 —
477 2011 525 2045 48)
543 2010 590 2038 Sic
609 2010 664 2038 Gu.
684 2013 711 2041 1.
727 2026 768 2032 —
781 2010 866 2047 Vulg.
882 2009 963 2036 nilnl
979 2019 1040 2036 esse

88 2051 180 2080 aliud
201 2058 265 2091 pot.
294 2068 332 2072 —
356 2052 386 2080 Z.
412 2054 468 2080 Gu.
487 2056 515 2084 2.
537 2053 618 2080 nihil
645 2051 737 2080 aliud
757 2064 826 2080 esse.
850 2068 891 2073 —
926 2053 971 2087 49)
990 2051 1039 2079 Sic

88 2094 146 2124 Gu.
162 2098 187 2125 1.
207 2112 241 2117 -
263 2096 366 2132 capiat
385 2100 492 2132 potest.
510 2095 590 2132 vulg.
603 2111 645 2118 -
659 2094 703 2133 50)
723 2095 772 2123 Sic
785 2096 842 2123 Gu.
858 2098 883 2125 1.
900 2111 934 2117 —-
951 2094 1038 2131 vulg.

85 2139 233 2175 pertinent
256 2139 325 2164 trin.
347 2154 379 2158 —-
409 2141 454 2172 51)
472 2137 559 2174 Vulg.
574 2139 636 2164 Sive
649 2139 680 2165 in
699 2143 804 2175 patre,
828 2136 881 2165 sed
898 2138 961 2164 siue
981 2147 1038 2166 om.

89 2180 146 2208 Gu.
166 2183 191 2211 1.
214 2196 255 2202 —-
278 2182 323 2217 5⁸2)
340 2180 388 2208 Sic
409 2180 464 2209 GU.
486 2183 512 2209 1.
525 2196 567 2201 -
581 2191 659 2208 unus
677 2186 719 2207 est
734 2183 805 2219 spir.
823 2180 905 2217 vulg.
927 2195 969 2201 —
991 2180 1039 2216 53)

88 2221 175 2260 Vulg.
194 2224 271 2251 Sunt
294 2228 413 2257 autem,
434 2223 487 2251 sed
511 2228 612 2249 autem
635 2233 692 2252 om.
708 2223 738 2251 Z.
766 2224 822 2252 Gu.
841 2226 867 2254 1.
884 2225 912 2254 2.
927 2238 968 2244 --
993 2221 1039 2261 54)

89 2269 115 2292 et
141 2276 199 2294 om.
230 2266 285 2293 Gu.
308 2267 336 2295 2.
363 2282 398 2286 —
424 2266 470 2301 55)
491 2276 548 2303 pro
571 2265 738 2302 efficiendi-s*
755 2287 760 2292 .
777 2288 784 2295 .
814 2267 918 2293 causis
941 2265 977 2293 al.
998 2280 1040 2286 -—

88 2312 131 2335 est
155 2312 225 2347 post
248 2319 408 2346 corporeus
430 2318 487 2335 orn.
512 2317 559 2335 va·
585 2323 625 2330 -
647 2306 696 2346 56)
713 2313 739 2334 et
762 2308 863 2336 addidi
887 2318 902 2336 e
926 2308 958 2337 Z.
984 2308 1039 2335 Gu.

92 2353 120 2381 1.
143 2366 186 2373 -
217 2354 340 2388 57)p1·0
364 2361 396 2378 eo
420 2356 520 2378 autem
544 2350 575 2379 Z.
600 2351 656 2378 Gu.
680 2353 707 2381 2.
732 2360 777 2388 pr.
802 2351 892 2379 AreV.
923 2366 962 2371 --
993 2349 1039 2387 58)

90 2398 238 2430 exspectat
261 2393 317 2422 Gu.
335 2397 358 2425 1.
375 2396 403 2425 2.
421 2394 459 2423 al.
476 2403 522 2421 va.
545 2408 587 2414 —-
608 2392 658 2430 59)
671 2391 787 2421 dicitur
806 2393 862 2421 Gu.
880 2396 905 2424 1.
929 2408 968 2414 -
992 2390 1040 2431 60)

1081 1643 1175 1687 quod
1203 1648 1251 1676 e2t
1285 1642 1329 1675 ad
1356 1642 1528 1676 habitum:
1564 1647 1611 1675 et:
1646 1642 1740 1675 Anni
1770 1643 1820 1676 tui
1851 1654 1918 1676 non
1945 1642 2036 1690 defi-

1081 1752 1166 1790 Vulg.
1190 1752 1258 1781 add.
1290 1753 1491 1787 exercituum,
1527 1751 1607 1789 quod
1640 1762 1697 1780 om.
1723 1751 1778 1780 Gu.
1804 1755 1829 1783 1.
1873 1752 1968 1780 Locus
1994 1757 2038 1780 est

1080 1796 1162 1834 apud
1183 1795 1286 1824 lerem.
1310 1796 1360 1832 51,
1378 1795 1424 1826 14.
1447 1810 1489 1817 -—
1511 1794 1556 1832 61)
1571 1795 1619 1822 Sic
1635 1795 1666 1823 Z.
1685 1795 1817 1825 Gu.1.2.
1836 1794 1885 1823 Ar.
1903 1811 1943 1817 —
1966 1796 2037 1822 am*-

1081 1848 1164 1865 mam
1187 1837 1261 1866 deus
1283 1837 1364 1876 vulg.
1387 1853 1429 1860 --
1455 1835 1500 1874 62)
1521 1836 1604 1875 quod
1629 1837 1732 1866 addidi
1755 1847 1769 1865 e
1793 1837 1851 1865 Gu.
1874 1839 1900 1869 1.
1923 1853 1965 1860 —
1989 1836 2037 1877 63)

1081 1881 1277 1919 intelligatur
1297 1882 1353 1908 Gu.
1374 1884 1400 1910 1.
1417 1896 1460 1902 —-
1482 1881 1527 1916 6})
1547 1879 1632 1917 Vulg.
1650 1880 1718 1909 add.
1733 1886 1931 1918 conspectam,
1955 1879 2038 1918 quod

1083 1934 1140 1952 om.
1163 1924 1220 1952 Gu.
1246 1927 1272 1955 1.
1297 1939 1338 1946 ·-
1367 1921 1412 1960 65)
1437 1921 1483 1950 Sic
1512 1923 1568 1950 Gu.
1597 1926 1623 1953 1.
1648 1926 1676 1954 2.
1699 1933 1743 1962 pr.
1759 1933 1806 1953 va.
1828 1923 1879 1952 Ar.
1900 1938 1942 1944 —
1968 1923 2038 1950 Iloc

1081 1968 1173 1994 etiam
1196 1968 1229 1994 in
1251 1967 1388 1994 oratione
1407 1965 1438 1993 Z.
1459 1981 1495 1986 —-
1520 1964 1606 2002 Vulg.
1628 1966 1698 1994 Hoc
1721 1967 1799 1993 enim
1822 1967 1853 1993 in
1877 1966 2037 1995 creatione.

1082 2027 1121 2032 -—
1145 2013 1190 2043 66)
1213 2008 1263 2036 Sic
1286 2009 1341 2036 Gu.
1361 2011 1388 2040 1.
1407 2025 1445 2031 —
1461 2008 1527 2035 Deo
1551 2007 1631 2045 vulg.
1676 2009 1750 2036 Cum
1776 2008 1833 2039 Gu.
1852 2011 1877 2040 1.
1904 2018 2037 2036 consen-

1081 2053 1118 2080 tit
1139 2061 1243 2080 versus
1268 2052 1373 2080 psalm.
1397 2052 1446 2084 80,
1471 2050 1500 2080 4.
1524 2067 1566 2072 ——
1600 2053 1645 2086 67)
1672 2057 1698 2078 et
1722 2061 1779 2081 om.
1803 2051 1873 2079 edit.
1898 2049 2036 2079 Gothosr.

1082 2105 1128 2133 pr.
1145 2111 1187 2116 —
1201 2096 1281 2121 stent
1299 2099 1324 2121 et
1340 2094 1395 2121 Gu.
1411 2095 1439 2123 2.
1463 2109 1505 2115 -—
1528 2094 1574 2130 68)
1592 2093 1640 2122 Sic
1653 2094 1684 2122 Z.
1697 2094 1752 2122 Gu.
1765 2096 1791 2125 1.
1803 2096 1831 2126 2.
1847 2093 1882 2123 al.
1894 2111 1931 2117 —-
1951 2093 2034 2131 Vulg.

1081 2139 1252 2175 reperietur.
1278 2154 1315 2160 —
1341 2137 1388 2171 69)
1405 2136 1453 2164 Sic
1469 2135 1524 2165 Gu.
1544 2138 1569 2166 1.
1588 2137 1638 2165 Ar.
1658 2152 1698 2158 —
1715 2138 1746 2164 in
1764 2138 1877 2173 futuro
1902 2135 1980 2173 vulg.
1999 2152 2032 2157 -

1082 2178 1130 2218 70)
1153 2190 1240 2218 quem
1256 2190 1313 2218 per
1335 2180 1461 2217 speciem
1485 2177 1582 2206 villere
1605 2178 1663 2207 dic.
1685 2180 1716 2207 Z.
1735 2195 1772 2201 —-
1792 2178 1908 2207 dieitur
1929 2179 1985 2206 Gu.
2006 2179 2033 2207 2.

1083 2238 1125 2244 --
1146 2225 1197 2259 71)
1217 2228 1244 2250 et
1267 2232 1323 2250 om.
1353 2221 1424 2250 edit.
1447 2220 1585 2252 Gothosr.
1611 2239 1650 2244 -
1673 2224 1718 2259 72)
1740 2224 1772 2250 in
1783 2223 1848 2250 Deo
1863 2221 1934 2250 edit.
1945 2217 2031 2247 Goth-

1084 2274 1128 2303 pr.
1155 2282 1188 2286 -
1221 2266 1270 2301 73)
1287 2265 1335 2292 Sic
1359 2265 1416 2293 Gu.
1442 2267 1468 2295 1.
1494 2264 1543 2291 Ar.
1574 2282 1609 2286 —
1636 2265 1790 2294 translata
1813 2266 1869 2292 Gu.
1886 2266 1915 2295 2.
1938 2262 1974 2290 al.
1999 2276 2032 2282 —·

1083 2307 1263 2335 translative
1287 2307 1366 2344 vulg.
1391 2325 1430 2331 --
1454 2308 1498 2340 74)
1524 2306 1661 2335 abissum
1695 2308 1751 2335 Gu.
1778 2310 1806 2339 2.
1835 2322 1875 2328 —-
1904 2306 1949 2341 75)
1968 2304 2032 2330 eliu*

1083 2349 1188 2378 addidi
1211 2360 1227 2380 e
1248 2350 1279 2378 Z.
1304 2350 1360 2378 Gu.
1384 2352 1411 2382 1.
1433 2349 1483 2378 Ar.
1530 2350 1626 2378 Locus
1650 2355 1694 2379 est
1719 2349 1823 2378 Psalm.
1846 2346 1921 2382 104,
1939 2348 1966 2378 6·
1988 2359 2031 2367 ’-

1509 2434 1540 2468 Ε
1561 2445 1579 2467 e
1600 2436 1620 2457 *
