2264 2830
452 610 876 671 SUMMA
981 620 1554 680 CAPITUM

885 724 1114 765 QUAE

209 795 552 843 SINGULIS
617 801 903 848 ISIDORI
952 808 1206 855 LIBRIS
1268 813 1804 860 CONTINENTUR.

146 1037 281 1066 CAI‘ITA
306 1040 406 1069 LIBRI
430 1044 543 1073 PRIMI.

60 1098 70 1125 1
99 1095 139 1124 lle
162 1097 317 1136 disciplina
342 1105 369 1128 et
393 1108 464 1132 arte.

57 1140 76 1168 2
100 1138 140 1166 De
158 1144 266 1178 septem
284 1142 455 1173 liberalibus
476 1146 648 1187 disciplinis.

55 1182 74 1210 8
100 1180 140 1209 De
161 1182 266 1211 litteris
289 1188 500 1219 communibus.

55 1221 75 1252 4
100 1223 140 1251 De
162 1225 268 1254 litteris
292 1227 410 1260 Latinis.

55 1264 74 1293 5
99 1265 138 1293 De
161 1270 358 1305 grammatica.

55 1308 74 1336 6
91 1307 133 1336 Ι)ε
142 1310 275 1347 partibus
285 1313 427 1343 orationis
437 1320 465 1344 et
475 1316 511 1344 de
522 1319 648 1347 nomine.

54 1350 73 1378 7
94 1350 136 1378 De
158 1354 341 1389 pronomine.

55 1391 74 1419 8
96 1392 137 1420 De
160 1394 261 1422 verbo.

55 1433 74 1462 9
98 1434 138 1461 De
160 1436 310 1467 adverbio,

38 1481 75 1509 10
99 1476 138 1504 De
160 1479 328 1516 participio.

37 1524 70 1551 11
96 1519 136 1546 De
160 1520 375 1550 coniunctione.

35 1565 72 1593 12
96 1561 136 1588 De
158 1563 385 1600 praepositione.

32 1606 71 1635 13
96 1603 135 1631 De
157 1604 368 1636 interiectione.

33 1647 73 1678 14
95 1645 135 1674 De
157 1656 240 1675 voce.

33 1689 71 1720 15
92 1688 132 1716 De
155 1690 277 1726 syllaba.

33 1733 71 1762 16
94 1730 135 1758 De
156 1732 291 1770 pedibus.

34 1775 71 1804 17
96 1773 134 1800 De
157 1775 333 1803 accentibus.

33 1817 71 1846 18
94 1815 134 1843 De
157 1816 257 1853 figuris
279 1823 460 1849 accentuum.

34 1859 72 1889 19
96 1857 135 1885 De
158 1859 302 1896 positura.

32 1900 72 1930 20
96 1899 136 1927 De
158 1902 234 1929 notis
257 1904 474 1933 sententiarum.

32 1943 68 1972 21
97 1941 137 1969 De
155 1944 231 1971 notis
253 1945 430 1982 vulgaribus.

33 1986 73 2015 22
96 1983 136 2011 De
160 1986 236 2013 notis
257 1987 398 2016 iuridicis.

33 2027 72 2057 25
95 2026 135 2054 De
159 2029 235 2055 notis
258 2030 438 2060 militaribus.

33 2069 73 2098 24
96 2068 136 2096 De
157 2070 233 2098 notis
257 2071 429 2103 litterarum.

33 2111 73 2142 25
97 2110 136 2138 l)e
158 2113 236 2140 notis
256 2113 423 2150 digitorum.

33 2155 73 2184 26
97 2153 136 2181 l)e
160 2154 379 2194 orthographia.

33 2197 73 2227 27
98 2195 137 2223 De
159 2197 303 2234 analogia.

34 2239 73 2267 28
98 2237 135 2265 De
159 2240 341 2278 etymologia.

35 2281 74 2310 29
99 2280 137 2308 l)e
163 2282 275 2318 glossis.

35 2321 75 2351 30
98 2322 138 2350 De
161 2323 342 2356 differentiis.

35 2363 72 2393 31
98 2364 137 2393 De
160 2365 347 2398 barbarismo.

78 2413 239 2446 Gnnffls‘r.
264 2429 329 2448 LAT.
345 2420 393 2449 III.

693 1024 734 1054 32
758 1024 798 1052 De
817 1025 1003 1055 soloecismo.

692 1066 733 1096 33
757 1066 798 1094 De
820 1068 925 1096 ceteris
947 1070 1037 1101 vitiis.

693 1108 733 1138 34
759 1109 799 1137 De
821 1111 1031 1149 mataplasmis.

691 1150 733 1181 35
756 1152 798 1179 De
820 1152 1026 1185 schematibus.

692 1194 732 1224 36
757 1194 798 1222 De
820 1196 926 1234 tropis.

691 1237 732 1266 37
756 1236 797 1265 De
819 1248 918 1276 prosa.

693 1280 733 1308 38
758 1278 799 1306 De
824 1280 935 1308 metris.

692 1320 733 1350 39
755 1320 795 1347 De
818 1321 927 1349 sabula.

692 1359 733 1391 40
755 1361 797 1388 De
820 1362 969 1390 vocabulo
996 1362 1144 1391 historiae.

692 1402 728 1432 41
756 1402 797 1430 De
819 1404 923 1441 primis
954 1404 1126 1432 auctoribus
1155 1404 1307 1435 historiae.

692 1444 734 1474 42
759 1445 800 1472 De
823 1445 948 1473 utilitate
970 1444 1123 1474 historiae.

691 1486 730 1516 43
753 1486 794 1514 De
816 1487 970 1524 generibus
992 1487 1143 1518 historiae.

769 1579 906 1609 CAPITA
930 1581 1033 1609 LIBRI
1055 1581 1225 1610 SECUNDI.

715 1660 727 1686 1
756 1657 795 1684 De
817 1656 967 1686 rhetorica
990 1663 1019 1686 et
1042 1658 1104 1686 eius
1126 1659 1254 1687 nomine.

712 1701 731 1730 2
755 1699 795 1727 De
815 1700 1020 1729 inventoribus
1038 1700 1204 1730 rhetoricae
1227 1701 1307 1730 artis.

712 1743 730 1771 3
754 1742 794 1769 De
817 1743 934 1770 nomine
962 1744 1088 1772 oratoris
1111 1748 1139 1772 et
1168 1744 1307 1783 partibus

773 1783 949 1813 rhetoricae.

710 1827 729 1856 4
754 1826 794 1854 De
817 1827 911 1855 tribus
934 1827 1090 1865 generibus
1114 1838 1279 1858 causarum.

710 1870 728 1899 5
754 1869 793 1896 De
816 1870 930 1906 gemino
955 1875 1031 1898 statu
1057 1880 1221 1900 causarum.

710 1912 729 1940 6
752 1911 793 1939 De
817 1912 966 1950 tripartita
989 1914 1204 1943 controversia.

710 1955 728 1982 7
754 1954 794 1981 De
817 1959 946 1992 quatuor
969 1956 1103 1994 partibus
1127 1957 1276 1987 orationis.

710 1997 729 2025 8
753 1996 792 2024 De
816 1996 945 2035 quinque
968 1997 1064 2027 modis
1087 2008 1252 2029 causarum.

710 2040 729 2068 9
754 2039 794 2066 De
817 2039 1005 2077 syllogismis.

692 2082 729 2110 10
755 2081 793 2109 De
816 2082 887 2118 lege.

691 2125 726 2152 11
755 2124 793 2151 De
816 2124 971 2152 sententia.

691 2167 730 2195 12
754 2166 794 2194 l)e
817 2171 971 2195 catasceua
994 2172 1023 2196 et
1041 2178 1192 2198 anasceua.

692 2210 729 2238 13
755 2208 795 2236 De
819 2210 1043 2248 prosopopoeia.

692 2250 729 2279 14
753 2250 793 2278 De
816 2250 982 2290 ethopoeia.

691 2293 727 2321 15
754 2292 793 2320 De
816 2293 971 2330 generibus
996 2295 1209 2332 quaestionum.

690 2336 729 2365 16
754 2335 793 2362 De
816 2336 994 2367 elocutione.

691 2378 727 2406 17
753 2377 793 2406 De
819 2378 947 2407 trimodo
971 2388 1076 2417 genere
1100 2380 1226 2409 dicendi.

1357 1033 1395 1063 18
1418 1032 1458 1059 De
1480 1031 1555 1065 colo,
1577 1038 1720 1062 commate
1741 1039 1769 1063 et
1789 1037 1928 1075 periodis.

1356 1076 1393 1106 19
1416 1075 1458 1102 De
1481 1074 1562 1101 vitiis
1584 1074 1736 1104 literarum
1760 1083 1787 1106 et
1812 1080 1969 1110 verborum

1438 1121 1467 1145 et
1489 1117 1699 1146 sententiarum
1724 1122 1870 1151 cavendis.

1353 1161 1394 1190 20
1418 1159 1459 1188 De
1482 1158 1630 1188 iuncturis
1652 1161 1821 1193 verborum.

1353 1203 1390 1232 21
1418 1201 1457 1230 De
1487 1201 1589 1239 figuris
1610 1203 1771 1233 verborum
1794 1211 1823 1235 et
1847 1212 1968 1236 senten-

1438 1249 1555 1271 harum.

1353 1286 1393 1315 22
1418 1285 1458 1312 De
1474 1285 1639 1312 dialectica.

1351 1328 1391 1357 23
1416 1327 1456 1354 De
1480 1325 1643 1353 differentia
1663 1326 1835 1358 dialecticae
1858 1336 1887 1360 et
1901 1332 1967 1362 rhe-

1436 1368 1545 1395 toricae
1569 1367 1650 1395 artis.

1350 1408 1390 1439 24
1415 1409 1455 1436 De
1479 1407 1648 1436 definitione
1670 1409 1887 1450 philosophiae.

1352 1451 1392 1481 25
1416 1449 1496 1485 Quid
1520 1450 1557 1478 sit
1579 1449 1783 1490 philosophia.

1351 1494 1392 1523 26
1416 1493 1458 1520 De
1480 1493 1605 1530 isagogis
1631 1493 1799 1533 Porphyrii.

1353 1536 1392 1564 27
1418 1535 1459 1563 De
1482 1535 1638 1571 categoriis
1661 1536 1836 1567 Aristotelis.

1351 1578 1393 1607 28
1418 1577 1457 1605 De
1479 1576 1701 1615 perihermeniis
1725 1580 1898 1611 Aristotelis.

1352 1621 1393 1650 29
1418 1620 1458 1647 De
1482 1620 1660 1658 syllogismis
1684 1621 1851 1651 dialecticis.

1350 1664 1391 1694 30
1414 1662 1456 1690 De
1473 1661 1618 1690 divisione
1632 1663 1837 1693 definitionum
1856 1676 1891 1695 ex
1909 1667 1968 1696 Ma—

1436 1704 1471 1733 rii
1495 1705 1639 1733 Victorini
1663 1706 1740 1735 libro
1765 1707 1944 1739 abbreviata.

1351 1748 1391 1778 31
1416 1747 1457 1775 De
1480 1747 1597 1786 topicis.

1350 1791 1391 1820 32
1414 1789 1454 1818 De
1476 1789 1631 1828 oppositis.

1450 1857 1587 1885 CAPITA
1609 1856 1711 1885 LIBRI
1733 1857 1870 1889 TERTII.

1374 1919 1389 1948 1
1415 1916 1455 1944 De
1478 1915 1627 1944 vocabulo
1651 1916 1854 1948 arithmeticae
1880 1919 1968 1949 disci-

1436 1958 1543 1996 plinae.

1372 2003 1391 2032 2
1416 2001 1456 2028 De
1480 2000 1649 2028 auctoribus
1673 2001 1743 2029 eius.

1372 2045 1392 2074 3
1416 2043 1495 2078 Quid
1505 2043 1542 2071 sit
1554 2053 1693 2072 numerus
1704 2048 1732 2072 et
1750 2044 1829 2073 unde
1844 2045 1967 2075 dicatur.

1374 2086 1393 2116 4
1417 2085 1497 2120 Quid
1520 2090 1673 2123 praestent
1698 2087 1822 2115 numeri.

1373 2128 1392 2158 5
1417 2128 1457 2156 De
1470 2129 1566 2166 prima
1584 2127 1729 2157 divisione
1746 2130 1861 2168 parium
1879 2135 1907 2160 et
1916 2131 1966 2159 im-

1435 2180 1559 2209 parium.

1371 2216 1390 2245 6
1414 2212 1455 2241 De
1478 2212 1606 2241 secunda
1628 2212 1776 2241 divisione
1798 2214 1888 2242 totius
1914 2224 1966 2242 nu-

1434 2255 1516 2283 meri.

1371 2301 1389 2328 7
1413 2298 1455 2326 De
1471 2297 1556 2326 tertia
1576 2297 1723 2325 divisione
1738 2298 1831 2326 totius
1846 2297 1966 2326 numeri.

1372 2341 1391 2370 8
1415 2341 1455 2368 De
1478 2339 1641 2368 differentia
1665 2339 1875 2376 arithmeticae,
1893 2349 1964 2377 geo-

1434 2383 1555 2410 metriae
1578 2387 1607 2411 et
1629 2382 1766 2411 musicae.

1528 2427 1556 2458 A
