2203 2829
188 131 238 165 76

871 126 1051 162 ISIDORI
1085 126 1265 161 HISPAL.
1302 127 1446 164 EPISC.

341 223 375 256 2.
402 223 489 256 Nam
503 221 587 254 inter
603 220 717 255 chrian
727 218 737 238 ¹
754 224 786 254 et
799 222 992 254 sententiam
1009 221 1078 256 hoc
1093 222 1236 266 interest,
1252 222 1344 266 quod
1355 223 1512 256 sententia
1527 223 1595 257 sine
1609 235 1751 268 persona
1768 224 1948 269 profertur,
1959 223 2052 258 chria
2067 225 2136 257 sine

188 287 330 322 persona
351 285 519 319 nunquam
536 273 664 306 dicitur.

717 272 818 306 Unde
845 273 870 306 si
896 274 1074 307 sententiae
1092 285 1234 319 persona
1259 274 1448 315 adficiatur,
1475 275 1513 308 fit
1528 275 1632 318 chria,
1649 277 1675 309 si
1691 276 1896 317 detrahatur,
1915 276 1951 308 fit
1967 276 2135 308 sententia.

615 366 702 400 CA
728 367 766 400 P.
818 367 894 402 ΧΠ.
948 367 1041 423 Ἰ,1)«9
1085 367 1334 402 Catasceue
1375 371 1417 401 et
1456 368 1699 404 Anasceue.

354 443 386 476 l.
441 439 647 476 Catasceua²
674 448 722 477 est
748 444 956 478 confirmatio
983 441 1200 489 propositae³
1227 445 1282 478 rei.

1522 441 1532 461 ⁴

1336 446 1511 478 Anasceua
1560 451 1670 479 autem
1701 446 1864 480 contraria
1888 445 2049 490 superiori
2077 450 2134 478 est.

194 495 348 529 Revincit
375 494 462 528 enim
491 505 558 526 non
585 494 703 537 fuisse,
731 501 787 529 aut
812 507 879 529 non
908 508 994 537 esse,
1022 496 1114 539 quod
1143 501 1273 536 natum,
1311 502 1367 528 aut
1394 496 1536 539 sactum,
1572 503 1628 530 aut
1655 498 1780 532 dictum
1807 510 1876 532 esse
1903 493 2135 542 proponitur⁵‚

189 553 226 581 ut
251 548 275 580 si
302 547 375 590 quis
404 545 617 579 Chimaeram
645 545 769 592 neget⁶
796 548 914 588 fuisse,
941 553 996 580 aut
1017 548 1115 580 fuisse
1143 544 1283 580 firmet'.
2070 570 2082 584 .

354 596 387 633 2,
442 597 531 630 Inter
558 596 666 633 hanc⁸
693 603 726 631 et
748 599 855 632 thesin
882 599 951 633 hoc
978 596 1141 639 interest⁹‚
1168 599 1259 642 quod
1279 598 1391 638 thesis,
1407 599 1557 641 quamvis
1585 604 1617 631 et
1642 600 1714 644 ipsa
1731 600 1856 633 habeat
1878 600 2137 645 disputationem

190 651 222 681 in
249 654 423 692 utramque
444 653 573 693 partem
591 646 615 666 ¹⁰

616 675 625 691 ,
659 654 770 684 tamen
797 651 942 684 incertae
968 651 1014 684 rei
1041 651 1133 694 quasi
1166 651 1331 694 quaedam
1359 650 1556 683 deliberatio
1583 651 1636 683 vel
1662 651 1852 684 cohortatio
1866 649 1886 669 ¹¹
1915 658 1972 684 est.

2034 651 2137 684 Cata-

191 711 291 733 sceua
315 706 426 733 autem
453 705 485 732 et
513 712 674 735 anasceua
701 703 735 735 in
762 702 813 735 his
840 703 959 744 rebus,
983 714 1070 746 quae
1097 703 1289 736 verisimiles
1313 713 1378 735 non
1407 707 1498 743 sunt,
1526 701 1584 735 sed
1604 714 1669 747 pro
1696 703 1782 736 veris
1806 709 1975 748 ponuntur
1990 699 2029 744 ¹²,
2057 702 2135 746 ple-

192 763 332 795 rumque
358 756 537 787 versantur.

357 803 390 836 3.
445 805 639 837 Anasceuae
663 803 772 848 prima
787 805 903 837 divisio
931 810 979 838 est
1005 801 1270 839 inconveniens¹³
1298 809 1329 837 et
1356 804 1576 839 mendacium.

192 854 284 898 quod
312 854 522 888 inhonestum
550 860 598 888 est
625 861 657 888 et
684 857 775 899 quod
804 857 927 889 inutile.

981 857 1064 890 Item
1092 857 1304 890 inhonestum
1331 862 1489 889 tractatur
1515 862 1571 889 aut
1597 857 1629 889 in
1658 858 1770 898 dictis,
1805 863 1861 890 aut
1887 857 1919 889 in
1941 857 2044 890 factis.

1632 805 1893 838 lnconvenientis
1909 804 2035 850 species
2051 808 2136 844 sunt,

2098 855 2137 887 ln

192 906 306 946 dictis,
334 911 370 939 ut
396 906 420 938 si
447 907 520 949 quis
543 906 700 940 indecora
727 913 760 941 et
786 919 851 940 non
878 909 1111 952 respondentia
1139 909 1323 942 auctoritati
1335 905 1357 925 ¹⁴
1385 908 1503 940 dixisse
1524 909 1672 949 dicatur,
1695 910 1784 941 velut
1808 909 1833 941 si
1860 909 1975 952 aliquis
2000 908 2138 940 infamet

193 957 355 991 Catonem
384 957 479 990 illum
492 955 515 975 ¹⁵
542 958 753 1001 Censorium,
780 960 982 993 iuventutem
996 957 1018 977 ¹⁶
1040 961 1082 993 ad
1107 961 1286 1004 nequitiam
1318 964 1351 993 et
1370 960 1532 992 luxuriam
1558 960 1771 994 cohortatum
1784 957 1817 993 ¹⁷.

356 1008 389 1041 4.
443 1010 481 1042 ln
508 1009 618 1050 factis,
656 1015 691 1043 ut
717 1011 742 1043 si
769 1012 840 1054 quis
868 1011 1052 1044 abhorrens
1085 1012 1210 1055 aliquid
1239 1024 1258 1044 a
1292 1012 1506 1044 sanctimonia
1540 1017 1572 1044 et
1605 1012 1738 1045 nomine
1765 1023 1824 1044 suo
1852 1011 1969 1044 secisse
1997 1010 2136 1050 dicatur,

192 1065 227 1093 ‘ut
255 1064 305 1092 est
331 1060 447 1093 fabula
470 1061 514 1093 de
533 1062 698 1095 adulterio
725 1063 842 1095 Martis
870 1068 902 1096 et
930 1064 1074 1096 Veneris.

192 1112 316 1145 factum
344 1123 410 1144 non
437 1124 507 1145 esse
522 1109 545 1129 ¹⁵¹

191 1174 240 1195 ses
262 1163 391 1195 videret
401 1159 437 1196 ²².

1128 1063 1345 1096 Mendacium
1358 1060 1380 1079 ¹⁸
1406 1068 1471 1095 tres
1498 1063 1603 1095 habet
1629 1064 1773 1108 species:
1806 1063 2019 1103 incredibile,
2043 1060 2136 1104 quod

573 1114 747 1155 credatur,
772 1119 806 1147 ut
833 1114 1099 1158 adolescentem,
1127 1116 1183 1159 qui
1194 1112 1219 1131 ²⁰
1247 1115 1290 1148 de
1316 1114 1432 1148 Siculo
1460 1115 1569 1148 littore
1596 1115 1820 1160 ingredientes
1832 1112 1856 1131 ²¹
1884 1115 2033 1147 Africam
2049 1113 2135 1146 clas—

355 1212 389 1245 5.
442 1215 651 1258 Impossibile
678 1219 743 1254 est,
777 1220 813 1248 ut
839 1216 979 1249 Clodius
1006 1217 1138 1248 insidias
1168 1217 1289 1249 Miloni
1319 1218 1452 1258 fecerit,
1495 1222 1527 1250 et
1560 1217 1649 1249 idem
1685 1218 1812 1251 occisus
1839 1213 1914 1249 ςῐῐἩ
1949 1229 1967 1248 a
1995 1216 2135 1248 Milone.

192 1263 403 1297 Contrarium
434 1270 497 1303 est3
524 1278 599 1298 nam
627 1267 652 1299 si
682 1266 814 1298 insidias
843 1267 939 1308 fecit,
973 1268 1105 1301 occidit.

192 1316 392 1348 contrarium
408 1313 433 1333 ²⁵
460 1316 641 1349 reformata
668 1323 842 1351 catasceue
870 1318 1020 1362 proderit
1033 1316 1068 1352 ²⁰.

1166 1267 1305 1301 Occisus

1123 1315 1339 1363 ΟροτίιὼὶῐἩ
1365 1325 1475 1352 tamen
1509 1320 1674 1363 principia
1700 1321 1746 1353 sic
1774 1320 1927 1352 ordinare
1939 1317 1982 1358 ²³,
2018 1325 2054 1351 ut
2082 1324 2137 1350 aut

1315 1265 1340 1285 Ἡ

1374 1280 1440 1300 non
1469 1269 1548 1301 fecit
1574 1269 1715 1301 insidias.
1770 1269 1866 1301 Haec
1893 1268 2077 1300 distributio
2104 1267 2137 1298 in

193 1367 400 1400 credendum
429 1379 500 1400 esse
523 1373 669 1401 veterum
698 1370 904 1411 auctoritati,
932 1375 988 1402 aut
1010 1370 1129 1402 fabulis
1157 1370 1259 1403 tidem
1287 1382 1351 1402 non
1376 1370 1569 1403 habendam
1597 1383 1667 1403 esse
1694 1371 1853 1404 dicamus.

357 1417 390 1450 6.
444 1419 489 1451 Et
511 1419 554 1451 ad
582 1419 616 1451 id
627 1416 652 1436 ²⁹
674 1425 879 1463 postremum
906 1421 938 1453 in
973 1433 1135 1454 anasceue
1162 1422 1355 1464 requirimus
1369 1419 1410 1462 ³⁰,
1444 1434 1485 1454 ne
1512 1422 1592 1465 quid
1625 1423 1714 1455 aliud
1741 1423 1928 1467 significare
1963 1421 2137 1461 voluerint,

192 1467 249 1510 qui
276 1468 335 1500 ista
363 1469 541 1502 linxerunt:
569 1476 604 1502 ut
616 1467 640 1486 ³¹
667 1471 803 1505 Scillam
831 1483 896 1504 non
925 1473 1103 1513 marinam,
1131 1473 1189 1505 sed
1218 1473 1417 1506 maritimam
1438 1474 1639 1514 foeminam,
1667 1485 1728 1508 nec
1754 1475 1955 1508 succinctam
1989 1473 2135 1512 canibus,

193 1519 252 1551 sed
263 1515 288 1536 ³²
309 1531 466 1564 rapacem
493 1520 638 1564 aliquam
663 1527 696 1555 et
718 1521 955 1567 inhospitalem
982 1523 1186 1556 venientibus
1214 1525 1365 1558 extitisse.

754 1615 783 1650 C
810 1617 841 1649 A
868 1617 905 1649 P.
959 1617 1051 1651 Xlll.

1132 1616 1204 1650 De

362 1688 392 1720 1.
445 1689 652 1734 Prosopoeia
679 1696 745 1734 est,
773 1703 848 1726 cum
877 1692 1103 1727 inanimalium
1114 1691 1138 1711 ³³
1172 1698 1204 1726 et
1230 1705 1374 1738 persona
1402 1698 1434 1726 et
1465 1705 1573 1726 sermo
1603 1690 1783 1738 fingitur³⁴.

1256 1617 1604 1662 Prosopocia.

1825 1692 1948 1726 Cicero
1981 1692 2013 1725 in
2041 1691 2135 1725 Cati-

194 1737 261 1770 lina
273 1734 314 1771 ³⁵:
342 1738 482 1773 Etenim
496 1742 527 1774 sc'
543 1753 678 1776 mecum
695 1745 822 1788 patria
836 1756 927 1786 mea,
944 1757 1034 1790 quac
1052 1746 1137 1779 mihi
1155 1746 1227 1778 vila
1240 1743 1352 1779 ηιεα36
1370 1746 1479 1779 multo
1495 1749 1544 1778 est
1561 1746 1689 1787 carior,
1705 1746 1914 1790 loqueretur,
1928 1744 2058 1787 dicem,
2072 1747 2133 1777 etc.

278 1848 305 1883 1)
331 1853 357 1875 et
380 1850 465 1878 crian
488 1850 546 1881 Gu.
565 1854 589 1882 1.
609 1854 636 1883 2.
660 1862 705 1891 pr.
729 1863 776 1882 va.
808 1870 844 1875 -
875 1853 904 1892 9)
927 1855 975 1883 Sic
996 1855 1052 1884 Gu.
1070 1858 1094 1886 1.
1112 1857 1141 1886 2.

193 1899 238 1927 pr.
262 1899 308 1918 va.
333 1890 370 1919 al.
396 1907 439 1913 —
474 1893 638 1922 Calasceue
660 1895 738 1933 vulg.
762 1895 821 1924 hoc
846 1896 914 1925 loco
938 1902 966 1926 et
988 1897 1076 1926 infra.
1101 1914 1140 1919 —

192 1929 224 1971 3)
244 1933 364 1970 positae
389 1934 424 1962 al.
447 1951 490 1956 —
511 1935 540 1974 4)
564 1936 612 1965 Sic
627 1937 682 1965 Gu.
699 1941 726 1969 1.
744 1942 772 1971 2,
790 1949 835 1978 pr.
859 1939 894 1967 al.
918 1957 960 1962 —
982 1940 1142 1968 Anas-cene

192 1973 271 2021 vulg.
295 1992 333 1996 —
357 1978 384 2013 5)
404 1980 606 2016 praeponitur
626 1989 672 2018 pr.
692 1997 734 2003 —
757 1979 787 2021 6)
811 1988 900 2019 negat
924 1982 979 2010 Gu.
1000 1985 1026 2014 1.
1049 1999 1088 2004 —
1110 1985 1140 2020 7)

193 2016 241 2044 Sic
265 2017 321 2045 Gu.
340 2021 384 2054 1.,
408 2035 450 2041 —
470 2022 622 2059 corfirmet
646 2023 727 2060 vulg.
749 2039 790 2045 —
814 2030 870 2051 aut
883 2026 990 2061 sui-sse
1013 2036 1068 2053 om.
1094 2036 1139 2055 va.

191 2074 234 2080 —
256 2057 287 2099 8)
310 2060 358 2088 Sic
380 2061 436 2089 Gu.
455 2065 481 2094 1.
503 2081 544 2085 —
572 2064 630 2092 has
652 2065 732 2102 vulg.
755 2082 798 2087 ——
819 2067 894 2094 haec
916 2068 952 2095 al.
975 2084 1016 2089 -—
1043 2066 1072 2106 9)
1096 2070 1142 2096 in-

193 2106 298 2129 teresse
321 2103 376 2131 Gu.
397 2107 425 2136 2.
459 2121 496 2126 —
530 2104 576 2147 10)
599 2108 679 2145 vulg.
712 2107 794 2137 addit
816 2110 929 2137 scilicet
953 2110 1087 2148 negandi
1116 2117 1141 2138 et

192 2144 403 2182 confirmandi,
420 2157 495 2185 quae
511 2159 569 2178 om.
582 2150 637 2180 Gu.
649 2153 674 2181 1.
685 2152 713 2181 2.
730 2150 780 2179 Ar.
793 2162 838 2190 pn
850 2162 894 2180 va.
911 2169 947 2173 —
967 2153 1011 2192 11)
1022 2153 1070 2180 Sic
1083 2154 1141 2182 Gu.

194 2188 221 2216 1.
245 2187 284 2217 al.
302 2197 349 2216 va.
377 2205 415 2210 —
439 2194 604 2220 coarctatio
628 2193 707 2229 vulg.
726 2209 763 2213 —
786 2196 937 2223 coartatio
960 2206 1005 2234 pr.
1029 2212 1067 2216 —-
1094 2194 1140 2235 1⁴2)

189 2236 406 2267 proponuntur
421 2231 471 2262 Ar.
495 2249 535 2255 —
561 2238 604 2268 13)
634 2237 665 2262 ιή
689 2236 807 2265 inconv.
825 2237 874 2265 Ar.
896 2254 937 2259 —
963 2236 1007 2275 14)
1032 2243 1139 2265 auclo-

192 2272 283 2299 rt’tate
306 2273 406 2305 Gu.1.
430 2284 478 2304 va.
501 2291 543 2298 —-
568 2275 610 2315 15)
634 2278 724 2305 illum
747 2289 804 2307 om.
830 2290 874 2308 va.
903 2296 940 2300 —
968 2281 1012 2316 16)
1036 2282 1137 2307 iuven-

192 2319 255 2342 tute
277 2315 335 2342 illa
357 2316 393 2344 al.
417 2327 478 2348 var.
503 2318 570 2348 lect.
592 2319 671 2358 apud
696 2320 784 2349 Goth.
815 2338 856 2343 —
885 2322 970 2349 illam
995 2333 1051 2352 om.
1076 2323 1137 2359 Aia,

194 2366 280 2394 quem
303 2368 422 2396 sequor.
444 2377 486 2382 —
518 2363 563 2397 17)
585 2362 633 2390 Sic
660 2363 715 2390 Gu.
736 2366 762 2394 1.
782 2364 820 2392 al.
845 2374 890 2394 va.
916 2365 965 2392 Ar.
993 2381 1026 2385 —
1052 2377 1137 2393 coar-

1184 1871 1226 1876 —
1250 1854 1296 1891 18)
1319 1860 1419 1882 autem
1439 1853 1519 1891 vulg.
1543 1853 1613 1884 add.
1643 1853 1725 1893 quod
1758 1865 1815 1882 om.
1848 1854 1904 1882 Gu.
1924 1857 1949 1886 1.
1967 1857 1998 1886 2.
2022 1864 2067 1892 pr.
2088 1863 2133 1882 va.

1188 1913 1223 1918 —
1250 1896 1295 1936 19)
1319 1896 1404 1936 quod
1431 1907 1491 1924 non
1515 1897 1639 1932 factum
1671 1908 1732 1924 esse
1759 1896 1836 1925 cred.
1866 1907 1911 1925 va.
1942 1912 1979 1918 —
2011 1894 2135 1936 20)qu1‘

1185 1951 1243 1968 om.
1273 1941 1321 1968 Ar.
1352 1945 1379 1968 et
1410 1944 1472 1967 tuni
1502 1938 1602 1966 vide-rs
1635 1939 1765 1968 exhibet.
1794 1956 1836 1961 —
1874 1940 1921 1975 21)
1952 1938 2133 1977 egredientes

1184 1983 1297 2020 Asi-ica
1320 1982 1405 2011 Arev.
1428 1986 1456 2009 et
1480 1981 1553 2011 Pliu.
1578 1981 1611 2010 H.
1629 1982 1661 2009 N.
1681 1982 1744 2017 Vll,
1765 1985 1831 2015 21.,
1855 1982 1905 2010 ubi
1929 1987 1991 2011 est:
2014 1987 2134 2009 excunte

1185 2027 1280 2053 classe
1309 2037 1322 2053 e
1353 2024 1552 2062 Carthaginis
1577 2030 1678 2062 portu.
1710 2024 1767 2052 Sed
1798 2025 1889 2061 inagis
1914 2034 2026 2053 errasse
2058 2029 2132 2063 puto

1185 2069 1281 2106 ipsum
1305 2068 1466 2103 Isidorum,
1491 2077 1579 2104 quam
1602 2072 1633 2095 ut
1656 2077 1759 2095 omnes
1781 2067 1869 2096 codd.
1892 2077 2015 2105 pravam
2038 2066 2134 2105 scrip-

1184 2116 1280 2139 turam
1303 2109 1443 2139 exhibere
1466 2114 1575 2148 putem.
1608 2126 1649 2131 —
1682 2109 1728 2146 22)
1752 2109 1858 2137 viderit
1881 2110 1918 2137 al.
1948 2125 1990 2131 —·
2019 2108 2066 2149 23)
2089 2114 2133 2136 est

1185 2155 1241 2184 Gu.
1260 2156 1284 2183 1.
1300 2169 1340 2175 —
1363 2152 1407 2191 24)
1432 2153 1480 2180 Sic
1499 2153 1557 2181 (ἆυ.
1578 2155 1603 2183 1.
1621 2167 1662 2173 -
1688 2154 1813 2180 Occisus
1836 2157 1877 2180 est
1895 2152 1952 2179 Gu.
1966 2155 1995 2183 2.
2018 2162 2065 2180 va.
2082 2151 2132 2181 Ar.

1183 2212 1224 2217 —-
1249 2196 1312 2232 Qut?
1336 2197 1453 2223 occisus
1476 2200 1517 2222 es!
1541 2194 1675 2231 vulg.—
1698 2198 1744 2233 25)
1769 2195 1847 2232 vulg.
1870 2194 1968 2222 addit:
1992 2200 2036 2230 ut,
2063 2194 2132 2222 Clo-

1184 2237 1254 2266 dius
1277 2237 1408 2265 insidias
1426 2239 1508 2275 fecit
1530 2238 1642 2265 Miloni
1665 2243 1689 2264 el
1713 2237 1833 2266 occidit.
1867 2236 2065 2274 Corfirmatio
2088 2242 2132 2264 est

1183 2290 1256 2318 quae
1279 2291 1335 2308 om.
1363 2281 1416 2310 Gu⁴
1437 2284 1461 2311 1.
1477 2283 1505 2311 2.
1530 2280 1578 2307 Ar.
1603 2290 1649 2308 va.
1680 2297 1716 2300 —
1749 2280 1797 2317 26)
1821 2285 1855 2307 ut
1881 2280 2004 2317 grauius
2031 2290 2132 2307 omnes

1181 2324 1418 2359 constituamus,
1447 2323 1619 2357 honestam,
1653 2324 1744 2358 utile,
1768 2323 1945 2357 verisimile,
1971 2322 2129 2361 possibile,

1180 2371 1426 2403 cmzsenlmzezlm,
1465 2366 1512 2393 vel
1546 2376 1578 2392 ex
1616 2364 1732 2393 diverso
1760 2365 1970 2402 inhonestam,
2008 2364 2128 2401 inutile,

195 2403 293 2427 tatum
314 2401 446 2440 vulg.—
471 2414 531 2432 esse
554 2404 744 2434 cohortatum
767 2406 805 2437 al.
829 2423 870 2427 —
894 2413 1067 2435 coartatam
1089 2419 1135 2447 pr.
1174 2419 1290 2446 parum
1314 2408 1492 2446 verisimile,
1524 2408 1725 2446 impossibile,
1754 2409 1943 2435 contrarium
1972 2406 2040 2437 add.
2068 2417 2127 2446 go-
