2203 2829
211 99 286 134 284

905 101 1083 137 ISIDORI
1109 103 1290 137 HISPAL.
1317 103 1458 138 EPISC.

208 194 302 239 quod
327 193 486 238 scriptum
510 196 573 226 est:
613 191 674 224 Vir
701 196 778 225 erat
805 194 839 226 in
867 198 966 228 terra
992 195 1071 229 Has
1097 198 1233 231 nomine
1260 194 1363 231 Iob¹:
1399 198 1560 232 secundus
1589 199 1655 240 Ul,
1690 211 1709 232 a
1736 211 1804 244 quo
1839 201 2003 236 Armenii:
2040 203 2153 238 tertius

208 246 359 289 Gether,
387 257 405 277 a
433 256 501 288 quo
529 243 705 277 Acarnanii
731 244 799 277 sive
826 243 983 280 Curiae²z
1012 253 1146 291 quartus
1174 246 1308 287 Mesa³,
1337 261 1355 281 a
1382 260 1449 291 quo
1476 255 1550 283 sunt
1577 251 1618 291 ii,
1653 252 1709 294 qui
1737 257 1897 285 vocantur
1924 253 2074 289 Meones.

371 296 406 331 5.
460 295 638 328 Posteritas
664 295 805 329 Arfaxat
832 298 889 330 filii
917 298 1016 341 Sem,
1049 300 1166 332 Heber
1193 298 1320 345 nepos⁴
1347 301 1501 342 arfaxat,
1544 313 1564 334 a
1590 314 1658 345 quo
1686 304 1835 337 Hebraei
1846 300 1868 338 ⁵.

206 349 339 389 Heber,
374 360 393 380 a
419 358 486 390 quo
514 346 674 379 Indorum
711 353 783 380 orta
819 355 866 382 est
892 346 1006 395 gens⁷.
1060 348 1161 385 SaleS

205 400 337 433 tharum
367 399 476 431 exules
503 398 716 442 suspicentur.

1921 302 2035 338 letan⁸
2064 307 2153 341 filius

1191 353 1277 385 filius
1304 353 1415 393 letan,
1443 365 1462 385 a
1489 364 1556 396 quo
1584 354 1771 397 Bactriani,
1800 356 1878 389 licet
1903 368 1960 390 eos
1984 357 2039 390 alii
2065 358 2152 402 Scy-

368 449 402 483 6.
456 449 576 481 ismael
604 450 690 482 filius
717 450 908 493 Abraham,
936 464 955 485 a
982 464 1050 496 quo
1079 453 1281 498 ismaelitae,
1318 454 1375 498 qui
1401 465 1488 488 nunc
1512 462 1670 500 corrupto
1698 457 1831 491 nomine
1857 458 2031 500 Saraceni,
2057 461 2150 503 quasi

204 515 223 535 a
250 502 350 541 Sara,
378 506 410 534 et
437 502 584 545 Agareni
611 502 653 534 ab
682 502 786 546 Agar.

366 552 398 584 7.
453 549 648 586 Nabaioth⁹
683 554 770 586 filius
805 554 943 595 Ismael,
992 567 1011 587 a
1045 567 1112 599 quo
1146 556 1332 597 Nabathei,
1380 557 1437 600 qui
1471 559 1512 591 ab
1547 558 1723 603 Euphrate
1736 556 1759 576 ¹⁰
1792 561 1823 593 in
1855 572 1947 594 mare
1980 559 2149 595 rubrum¹¹

201 603 387 637 inhabitant
399 600 430 636 ¹².

365 655 398 689 8.
451 656 558 689 Moab
587 661 619 689 et
646 657 792 690 Ammon
818 658 876 689 filii
904 657 1014 699 Loth,
1041 669 1058 689 a
1086 655 1188 701 (μιο13
1214 658 1387 692 Moabitae
1416 664 1448 692 et
1471 660 1695 697 Ammonitae.

364 707 398 739 9.
451 708 565 740 Edom
601 709 684 741 filius
715 709 821 748 Esau,
856 721 874 741 a
910 721 976 752 quo
1004 710 1166 743 Idumaei.

1219 711 1295 743 Hae
1323 716 1396 744 sunt
1419 717 1554 755 gentes,
1589 725 1676 756 quae
1703 714 1747 747 de
1772 714 1852 748 Sem
1879 715 1980 759 stirpe
2007 715 2147 750 descen-

199 757 281 791 dunt
293 754 332 802 ¹⁴,
360 759 566 802 possidentes
593 765 713 792 terram
741 760 956 793 meridianam
981 762 1022 793 ab
1052 767 1124 794 ortu
1146 762 1233 794 Solis
1260 774 1364 805 usque
1388 763 1429 794 ad
1457 763 1654 797 Phoenices.

366 810 422 842 10.
475 811 551 843 Filii
579 811 689 843 Cham
716 818 875 854 quatuor,
903 824 942 845 ex
969 810 1123 855 quibus¹⁵
1150 818 1243 846 ortae
1270 820 1343 846 sunt
1368 814 1432 846 hae
1459 820 1576 859 gentes
1588 812 1632 848 ¹⁶:

300 859 410 901 Chus,
438 873 457 893 a
480 873 547 905 quo
575 863 742 907 progeniti
769 870 842 896 sunt
854 860 876 879 ¹³
903 864 1100 908 Aethiopes.

299 911 499 953 Mesraimffl,
529 926 547 946 a
575 926 642 956 quo
670 916 829 959 Aegyptii
850 916 1067 959 perhibentur
1096 917 1209 949 exorti.

364 964 419 996 11.
474 965 583 1005 Phut,
605 978 624 998 a
646 977 714 1009 quo
738 967 845 1010 Libyi.

195 1025 377 1058 omnesque
405 1016 492 1049 circa
520 1028 595 1049 eum
623 1018 776 1062 regiones
802 1018 986 1051 Phutenses
1001 1015 1036 1053 ²¹.

359 1066 418 1150 ³1¹}

896 967 995 1000 Unde
1024 972 1055 1000 et
1082 967 1304 1001 Mauritaniae
1333 967 1449 1000 fluvius
1472 980 1575 1012 usque
1602 965 1669 1002 1η19
1695 981 1851 1014 praesens
1872 969 1991 1003 dicitur
2011 966 2144 1011 Phut²⁰‚

472 1067 651 1107 chanaan,
679 1081 698 1101 a
725 1081 793 1112 quo
821 1070 895 1102 Afri
923 1076 955 1102 et
981 1070 1169 1102 Phoenices
1197 1074 1229 1102 et
1258 1069 1536 1103 Chananaeorum
1561 1071 1681 1104 decem
1709 1079 1834 1117 gentes

471 1116 657 1163 Itemque²²
685 1132 724 1152 ex
751 1121 928 1165 nepotibus
956 1121 1065 1154 Cham
1094 1122 1152 1153 filii
1180 1120 1291 1163 Chus,
1328 1128 1466 1166 nepotes
1494 1122 1604 1156 Cham
1632 1134 1698 1158 sex.

294 1168 370 1201 Filii
399 1169 492 1202 Chus
525 1172 632 1211 Saba,
661 1169 806 1213 Evila²³‘‚
834 1172 975 1212 Sabata,
1003 1169 1188 1216 Regnia²'‚
1215 1170 1451 1208 sabathaca²³.

357 1219 414 1252 l-l.
468 1221 576 1262 Saba,
604 1234 622 1254 a
650 1233 717 1264 quo
746 1223 914 1266 progeniti
942 1228 973 1255 et
1000 1223 1162 1267 appellati
1189 1223 1331 1265 Sabaei,
1359 1224 1402 1256 de
1429 1224 1548 1268 quibus
1579 1219 1789 1269 virgiliusffi:

423 1271 516 1305 Solis
543 1276 592 1305 est
620 1273 747 1306 thurea
774 1274 884 1319 virga
912 1273 1073 1307 Sabaeis,

188 1319 235 1352 Hi
261 1325 333 1354 sunt
362 1326 394 1353 et
422 1321 592 1356 Arabes²⁷.

356 1371 413 1405 15.
467 1375 580 1415 Evila,
604 1387 623 1407 a
650 1387 718 1420 quo
747 1376 862 1410 Getuli
888 1378 919 1410 in
949 1382 1042 1422 parte
1070 1377 1255 1410 remotioris
1283 1377 1418 1411 Africae
1445 1375 1584 1409 heremo
1597 1373 1621 1393 ²⁵³
1649 1376 1879 1412 cohaerentes,

354 1422 413 1456 16.
468 1426 610 1468 Sabata,
638 1440 657 1460 a
684 1439 752 1471 quo
779 1427 990 1470 Sabateni²⁹‚
1025 1429 1081 1472 qui
1109 1440 1195 1462 nunc
1219 1427 1410 1462 Astabariw
1437 1426 1691 1462 nominantur³¹.

354 1474 412 1506 17.
465 1477 601 1522 Regma
634 1490 712 1511 vero
746 1485 779 1512 et
814 1480 1006 1514 Sabathaca
1039 1481 1199 1525 paulatim
1236 1481 1370 1523 antiqua
1403 1480 1570 1513 vocabula
1602 1479 1840 1525 perdiderunt,
1881 1483 1915 1513 et
1940 1490 2026 1523 quae
2052 1490 2138 1514 nunc

186 1517 284 1567 pro³2
310 1526 475 1559 veteribus
506 1528 666 1570 habeant,
694 1531 874 1575 ignoratur.

352 1576 410 1611 18.
464 1579 541 1612 Filii
563 1581 696 1626 Regma
719 1582 808 1615 Saba
835 1588 867 1615 et
889 1582 1018 1618 Dadan.
1065 1583 1133 1616 Hic
1143 1578 1168 1599 ³³
1191 1582 1280 1615 Saba
1301 1592 1363 1626 per
1387 1582 1436 1613 sin
1446 1577 1470 1598 ³¹
1498 1582 1628 1614 literam
1649 1582 1802 1615 scribitur
1828 1582 1860 1614 in
1880 1582 2051 1624 Hebraeo,
2078 1581 2136 1614 ille

186 1630 297 1658 autem
331 1629 480 1673 superior
511 1631 602 1665 Saba
635 1644 697 1678 per
740 1634 896 1675 samech,
945 1646 964 1666 a
999 1646 1067 1677 quo
1111 1634 1300 1679 appellatos
1334 1629 1534 1665 Sabaeos³⁵z
1583 1629 1855 1676 interpretatur³⁰
1894 1638 2005 1666 autem
2048 1644 2135 1667 nunc

186 1676 276 1710 Saba
302 1679 437 1714 Arabia.

352 1730 409 1765 19.
463 1732 602 1778 Dadan,
626 1746 645 1767 a
671 1746 739 1779 quo
766 1747 850 1781 gens
877 1733 959 1770 est³³
988 1735 1191 1781 Aethiopiae
1219 1736 1251 1768 in
1278 1734 1479 1769 occidentali
1506 1734 1620 1779 plaga„

271 1818 300 1859 1)
323 1824 439 1851 nomine
462 1824 512 1852 101>
537 1836 595 1856 om.
620 1827 676 1858 Gu.
696 1830 721 1859 1.
738 1830 765 1859 2.
790 1829 827 1856 al.
854 1829 950 1856 Locus
974 1833 1017 1856 est
1040 1827 1091 1856 Iob
1108 1830 1135 1866 1,

187 1863 213 1892 1.
236 1876 277 1882 —
304 1861 333 1903 Q)
357 1866 406 1893 Sic
431 1867 477 1895 Ar.
501 1878 538 1896 ex
562 1869 680 1898 Hieron.
704 1870 734 1898 in
758 1876 870 1909 quaest.
896 1871 983 1898 llebr.
1008 1875 1036 1899 et
1062 1872 1133 1899 Ste-

184 1902 303 1954 phano:
340 1903 518 1946 Ἀκαρνάνια
548 1909 629 1949 χώρα
657 1913 850 1952 κεχορισμένη
881 1915 940 1942 τῶν
964 1911 1132 1951 Κουρήτων

184 1957 257 1984 προς
278 1947 413 1989 Αχελόῳ,
437 1950 483 1980 Oto*
503 1955 663 1984 καλοῦνται
686 1955 717 1985 οἷ
737 1954 791 1994 μὲν
817 1953 987 1995 κειρόμενοι
1012 1957 1132 1994 Κουρή·

184 1999 239 2024 τες,
263 1988 294 2018 οἱ
315 1988 347 2019 δὲ
370 1989 545 2031 α’κούρευτοι
568 1998 756 2035 Ἀκαρνᾶνες.
781 1999 867 2036 Vulg.
895 1999 1048 2026 Curmenic'
1070 2000 1132 2025 sis-e

188 2030 282 2059 Car-ii.
298 2047 335 2053 —
358 2032 391 2071 3)
415 2035 478 2062 Mes
501 2035 552 2065 Ar.
576 2055 613 2059 —
637 2040 667 2077 4)
683 2040 778 2078 filius
801 2042 837 2070 al.
856 2058 895 2062 -—
910 2042 940 2078 5)
959 2040 1044 2078 Vulg.
1062 2040 1129 2069 add⁴

184 2079 273 2111 sunt,
302 2076 382 2111 quod
406 2087 462 2105 om.
489 2078 544 2107 Gu.
563 2082 588 2110 1.
608 2083 637 2111 2.
662 2082 712 2111 Ar.
746 2099 787 2104 --
820 2081 850 2123 6)
876 2084 983 2111 lactan
1007 2082 1035 2113 h.
1060 2084 1079 2112 ].
1103 2088 1131 2111 et

183 2121 285 2155 postea
312 2117 367 2147 Gu.
381 2122 411 2150 2.
436 2119 537 2148 lactan
563 2121 610 2151 Ar.
633 2133 679 2161 pr.
702 2134 748 2153 va.
777 2142 819 2147 —
849 2128 876 2161 7)
903 2126 952 2153 Sic
979 2126 1035 2153 Gu.
1055 2129 1078 2155 1.
1103 2128 1131 2156 ‘2-

183 2174 225 2180 —-
248 2158 333 2197 Vulg.
353 2172 428 2199 gens
451 2169 519 2190 orla
539 2169 590 2191 est.
622 2180 662 2186 —
694 2172 760 2195 orta
779 2178 855 2205 gena»
878 2173 920 2195 est
945 2177 991 2206 pr.
1020 2178 1064 2196 va.
1092 2185 1129 2189 -

184 2202 211 2234 8)
235 2201 346 2229 Faleelz
368 2203 425 2232 Gu.
447 2208 472 2235 1.
495 2221 537 2226 —
558 2205 586 2244 9)
611 2207 736 2235 Nabatlz
760 2210 816 2238 Gu.
837 2213 862 2241 1.
884 2226 926 2231 --
948 2214 990 2242 10)
1015 2210 1053 2237 ab
1076 2221 1128 2238 ezc-

177 2243 271 2280 frata
294 2244 387 2276 Gn.2.
412 2263 450 2267 —
476 2246 520 2285 11)
543 2248 576 2275 in
598 2251 679 2276 mari
700 2251 791 2279 rubro
815 2252 853 2280 al.
877 2262 922 2290 pr.
945 2261 990 2280 va.
1018 2270 1054 2273 —-
1081 2253 1127 2290 12)

184 2285 233 2312 Sic
250 2285 305 2314 Gu.
316 2289 342 2318 1.
352 2290 382 2318 2.
400 2288 436 2316 al.
453 2299 497 2327 pr.
514 2291 761 2320 xxa-habitant
781 2294 860 2331 vulg.
883 2310 923 2315 —-
948 2292 992 2333 13)
1007 2295 1054 2322 Sic
1070 2296 1126 2324 Gu-

185 2330 213 2359 1.
234 2327 355 2365 gothici.
378 2341 397 2358 α
419 2331 529 2369 quibu-r
551 2332 629 2371 vulg.
654 2350 693 2356 -
722 2333 766 2374 14)
790 2335 1000 2364 descenderunt
1024 2338 1060 2365 al.
1085 2356 1122 2360 —

185 2370 231 2407 15)
254 2381 287 2398 ex
307 2381 363 2410 pro
386 2384 406 2401 α
429 2374 485 2403 Gu.
504 2376 531 2405 1.
555 2377 585 2406 2.
607 2386 653 2415 pr.
676 2386 721 2406 va.
744 2394 785 2399 —
819 2379 867 2416 16)
891 2378 939 2406 Sic
962 2381 1015 2409 Gu.
1036 2383 1060 2411 1.
1086 2397 1119 2401 —-

1177 1828 1263 1866 Vulg.
1279 1833 1382 1866 gentes
1403 1827 1468 1856 Ιιαε.
1498 1842 1540 1848 --
1576 1828 1618 1862 17)
1643 1831 1715 1853 sunt
1737 1825 1841 1854 addidi
1866 1836 1881 1854 e
1906 1825 1963 1855 Gu.
1982 1829 2007 1856 1.
2038 1826 2128 1856 Aah..

1171 1882 1259 1910 prog.
1285 1871 1341 1899 Gu.
1360 1873 1387 1902 2.
1410 1880 1456 1909 pr.
1479 1879 1523 1898 va.
1547 1869 1595 1897 Ar.
1612 1884 1653 1890 —
1677 1867 1722 1907 13)
1746 1870 1891 1896 silim-aim
1913 1869 1958 1898 ed.
1986 1869 2131 1898 Goth.—

1178 1914 1224 1952 19)
1248 1913 1292 1941 ad
1312 1913 1380 1942 edit.
1404 1911 1493 1940 Goth.
1516 1927 1557 1932 —
1580 1912 1627 1946 20)
1652 1911 1736 1938 I’lzut
1760 1910 1876 1939 dicitur
1899 1912 1956 1941 Gu.
1974 1913 2002 1942 2.
2020 1923 2064 1951 pr.
2080 1922 2128 1941 va.

1175 1972 1217 1977 -—
1239 1957 1285 1993 21)
1310 1956 1359 1984 Sic
1379 1955 1434 1983 Gu.
1458 1957 1484 1985 1.
1505 1969 1547 1975 —
1570 1953 1655 1991 Vulg.
1679 1955 1776 1981 (nanis
1798 1975 1805 1984 .
1829 1975 1836 1982 .
1859 1976 1865 1982 .
1888 1955 1971 1992 regio
1994 1955 2127 1983 Plzuten-

1175 2000 1227 2026 sis.
1250 2014 1291 2020 —
1317 1999 1422 2026 Omnis
1445 2002 1545 2024 autem
1569 1996 1626 2025 Gu.
1647 1999 1676 2027 2.
1706 2013 1744 2019 ——-
1777 1995 1825 2036 22)
1848 1996 1897 2025 Sic
1926 1997 1982 2024 Gu.
2002 1999 2027 2028 1.
2054 1997 2126 2025 Item

1175 2041 1255 2078 vulg.
1280 2057 1321 2062 -—
1344 2042 1390 2076 23)
1415 2040 1526 2067 Ηειίἶία
1550 2039 1599 2066 Ar.
1623 2044 1649 2066 et
1672 2039 1752 2067 evila
1776 2039 1832 2068 Gu.
1851 2041 1881 2070 2.
1905 2039 1941 2066 31.
1964 2049 2009 2076 pr.
2030 2049 2126 2067 va.—

1175 2084 1263 2120 Vulg.
1280 2083 1395 2111 Evilat.
1408 2099 1444 2103 —
1463 2081 1533 2109 cod.
1551 2082 1608 2109 Gu.
1626 2084 1651 2112 1.
1677 2092 1734 2112 om.
1748 2091 1796 2110 vv.
1816 2086 1933 2118 nepotes
1949 2081 2045 2109 Clzam
2067 2093 2126 2111 Sex.

1176 2127 1256 2154 Filii
1280 2125 1360 2154 Clms
1382 2124 1481 2159 Saba,
1504 2123 1651 2160 ΕυίΙαίΙι,
1677 2124 1808 2159 Sabata,
1835 2124 1946 2159 Reum,
1971 2124 2062 2153 Saba.
2083 2142 2124 2147 —

1176 2169 1223 2205 24)
1247 2168 1294 2195 Sic
1321 2169 1367 2195 Ar.
1393 2168 1448 2195 Gu.
1465 2169 1494 2197 2.
1526 2168 1623 2194 Rema
1647 2167 1726 2204 vulg.
1753 2165 1898 2194 Sabatha
1927 2176 1982 2204 pro
2007 2167 2123 2195 Sabata

1171 2219 1218 2248 pr.
1242 2225 1282 2232 -
1308 2210 1355 2246 25)
1376 2210 1424 2237 Sic
1442 2210 1490 2237 Ar.
1508 2208 1538 2237 h.
1555 2210 1576 2238 l.
1592 2214 1620 2237 et
1634 2208 1718 2238 iufra.
1734 2224 1777 2230 —
1792 2208 1876 2246 Vulg.
1890 2209 1972 2237 Saba
1988 2215 2014 2237 et
2031 2209 2122 2238 Casa.

1171 2270 1208 2274 —
1219 2258 1246 2279 et
1255 2262 1314 2282 om.
1325 2253 1411 2283 Gu.2.
1427 2252 1509 2280 Gaza
1519 2252 1606 2283 Gu.2.
1617 2252 1653 2281 al.
1664 2262 1708 2290 pr.
1720 2251 1825 2279 chuza
1834 2252 2017 2281 Gu.1.Luza
2028 2252 2064 2280 al.
2075 2263 2120 2291 ap.

1170 2295 1258 2322 Goth.
1281 2311 1316 2316 —
1340 2298 1384 2330 26)
1400 2295 1545 2332 Georgss,
1559 2297 1625 2325 117.
1644 2310 1685 2316 -
1703 2292 1750 2332 27)
1763 2293 1871 2324 Vv.Hc'
1879 2299 1951 2321 sunt
1967 2300 1993 2321 et
2001 2295 2120 2323 Arabes

1168 2337 1271 2366 addidi
1285 2347 1300 2366 e
1317 2337 1436 2368 Gu.1.2.
1454 2337 1490 2365 al.
1507 2347 1552 2365 va.
1570 2352 1606 2358 —
1626 2339 1669 2370 25)
1685 2336 1801 2364 heremo
1816 2336 1854 2365 al.
1872 2346 1930 2365 om.
1946 2352 1981 2357 —
1997 2336 2044 2375 29)
2062 2339 2118 2366 Sa-

1166 2380 1268 2408 humei
1280 2390 1324 2409 va.
1339 2397 1379 2401 —
1396 2383 1439 2415 30)
1454 2379 1619 2408 Castabari
1632 2378 1671 2408 al.
1681 2395 1717 2400 -
1731 2382 1776 2416 31)
1794 2385 2014 2417 nuncupantur
2030 2379 2067 2409 al.
2079 2395 2114 2402 —
