2264 2830
772 53 1018 92 ORlGlNUM
1062 51 1205 86 LIBER
1231 52 1257 87 1.
1939 38 1988 72 53

210 166 244 199 5.
300 161 469 207 ,syllqtsis
496 163 543 191 est
571 157 602 188 in
630 153 840 187 dissimilibus
868 148 1022 184 clausulis
1048 152 1104 180 aut
1130 145 1268 191 pluralis
1296 142 1398 178 dictio
1426 132 1619 183 singularifl
1649 135 1752 168 verbo
1780 134 1886 174 finita,
1915 138 1964 166 ut:

256 215 366 249 Sociis
394 215 424 245 el
454 219 543 254 rege
570 202 752 251 receptof’,

50 277 105 306 aut
131 268 305 315 singularis
332 263 435 296 ‹lictio
463 259 585 306 plurali
612 258 716 291 verbo
756 253 889 298 expleta
901 247 943 291 ⁴⁰,
971 253 1022 283 ut:

254 337 304 343 -
333 316 420 349 Sunt
443 312 540 346 nobis
567 311 667 343 mitia
689 318 811 354 poma,

260 369 459 403 Custuncue
486 363 607 396 molles
618 357 661 402 ⁴²,
698 363 729 393 ct
754 356 869 403 pressi
900 352 1002 397 copia
1030 345 1179 383 lactisffl.

176 415 200 438 ⁴⁰
228 422 314 453 enim
340 421 417 451 suut
444 416 534 448 dixit.
589 412 655 446 Hic
682 411 800 444 debuit
826 407 956 440 dicere:
984 406 1031 435 est
1060 397 1128 434 015⁰
1151 397 1267 445 pressi
1294 394 1397 440 copia
1425 391 1534 425 laetis.

216 471 249 505 6.
303 471 357 503 Fit
384 474 494 502 autem
530 463 691 509 Syllepsis
719 473 785 495 non
812 459 919 492 solum
948 466 1009 499 per
1042 458 1153 497 partes
1188 447 1364 488 orationis,
1409 440 1499 477 sed³¹
1537 451 1599 485 per
1634 437 1822 472 accidentia
1848 434 1997 479 partibus

54 524 208 559 orationis
222 520 254 556 ⁵².
309 522 393 555 Nam
422 519 478 553 ubi
507 523 540 551 et
565 527 628 561 pro
654 514 762 548 inultis
790 523 871 545 unus
897 513 929 542 et
956 517 1019 551 pro
1041 515 1107 538 uno
1135 497 1264 536 multi⁵³
1291 502 1477 545 ponuntur,
1504 491 1657 537 syllepsis
1685 496 1741 522 est.
1795 488 1861 521 Pro
1889 486 1999 520 multis

51 423 163 467 Supra

55 589 155 617 unus,
189 580 225 608 ut
251 579 300 607 est
322 572 423 605 illud:

265 625 478 667 Uim-umque
491 617 514 637 5⁸
542 621 682 653 armato
710 615 817 648 milite
832 608 856 629 ⁵⁵
883 608 1054 653 complent
1070 601 1105 645 5¹⁵,

56 690 133 712 cum
162 688 227 709 non
252 687 336 719 uno,
364 674 422 708 sed
447 672 556 706 multis
580 668 747 703 militibus.
801 665 884 697 ltem
912 671 974 706 pro
1002 669 1067 691 uno
1096 654 1210 696 multi,
1237 656 1273 685 ut
1300 652 1333 683 in
1360 645 1566 691 Evangelio:
1604 643 1773 675 Latrones
1803 639 1861 684 qui
1888 638 2000 671 cruci-

54 729 122 776 fixi
149 731 250 762 erant
278 739 356 761 cum
384 738 422 759 co
434 721 458 742 ⁵²
486 718 775 768 improperabunt
800 711 884 757 ciffi,
911 712 967 746 ubi
995 721 1058 754 pro
1087 718 1152 741 uno
1180 711 1320 747 uterque
1348 699 1514 733 inducitur
1540 694 1800 738 blasphemasse.

221 778 255 814 7.
308 776 539 822 Auadiplosis
565 778 631 815 est,
673 768 809 814 quando
838 766 880 799 ab
909 763 1030 798 eodem
1066 760 1168 793 verbo
1199 767 1267 800 quo
1304 754 1396 799 prior
1429 760 1542 784 versus
1569 746 1690 786 finivit,
1727 752 1866 787 sequens
1893 750 2003 772 versus

57 831 190 876 incipit,
216 836 252 864 ut
279 836 326 864 est
352 829 452 862 illud:

271 883 410 917 Certent
438 883 470 913 ct
498 876 612 923 cignis
623 871 648 891 ⁵⁹
674 872 811 913 ululae,
838 869 881 902 sit
892 864 918 884 ⁶⁰
947 865 1086 908 Tilyrus
1118 859 1293 905 Orpheus,

271 933 436 979 Orpheus
463 931 497 963 ἱη
523 927 647 972 sylvis,
674 925 763 958 inter
791 918 943 967 delfinos
953 914 975 934 5¹
1004 915 1116 949 Arion
1130 909 1165 947 ⁶².

225 984 260 1018 8.
313 983 512 1029 Anaphora
540 985 588 1013 est
615 975 769 1021 repetitio
798 971 944 1006 eiusdem
971 967 1064 1001 verbi
1092 975 1154 1009 per
1180 958 1344 1006 principia
1372 963 1526 988 versuum
1554 948 1795 995 plurimorum,
1829 947 1880 975 ut:

271 1036 345 1070 Nos
371 1040 404 1068 te
430 1031 627 1067 Dardam'a
654 1029 795 1062 incensa
822 1017 987 1067 tuaqueffl
1015 1028 1118 1051 arma
1144 1012 1264 1054 seculi,

269 1088 343 1122 Nos
369 1085 541 1120 tumidum
568 1081 631 1116 sub
657 1084 691 1113 te
718 1075 894 1123 permensi
922 1070 1092 1107 classibus
1119 1074 1260 1110 aequor.

229 1140 262 1175 9.
315 1137 565 1184 Epunuplzora
593 1138 640 1166 est
666 1132 698 1164 in
726 1140 791 1163 uno
819 1137 914 1159 versu
940 1135 1001 1169 per
1024 1119 1189 1166 principia
1212 1125 1306 1149 sensu

275 1190 324 1224 Te
348 1201 466 1223 nemus
490 1185 685 1231 Anguitiue
695 1178 738 1223 ω,
765 1180 879 1213 vitrea
906 1172 974 1209 10⁶⁵
996 1172 1148 1207 Fucinus
1158 1166 1183 1186 ⁶⁶
1211 1166 1310 1200 unda

275 1243 322 1276 Te
356 1240 479 1286 liquidi
501 1231 676 1284 flevereffl
704 1233 813 1265 lucus.

236 1295 293 1328 10.
345 1291 531 1337 Epiz-eusis
556 1289 589 1320 in
616 1296 681 1319 uno
708 1292 804 1315 sensu
831 1273 1079 1322 congeminatio
1106 1268 1218 1309 verbi,
1246 1270 1298 1299 ut:

277 1353 338 1387 Sic
365 1352 415 1385 sic
442 1351 537 1383 iuvat
565 1347 617 1379 ire
639 1339 742 1390 perffl
768 1337 922 1373 umbras.

235 1413 295 1446 11.
347 1407 587 1457 Epanalepsis
609 1410 657 1439 est
682 1405 716 1436 in
738 1397 903 1445 principio
932 1389 1091 1427 sermonis

73 1474 121 1502 est
154 1465 254 1499 illud:

1309 1122 1364 1145 um
1392 1106 1542 1142 eiusdem
1570 1100 1661 1135 verbi
1689 1096 1859 1143 repetitio,
1887 1098 1939 1127 ut:

1100 1384 1125 1406 ‘⁵⁹
1157 1394 1270 1419 versus
1298 1377 1399 1425 positi
1426 1372 1575 1408 eiusdem
1601 1369 1634 1402 in
1659 1367 1727 1400 fine
1759 1361 1952 1408 replicatio,
1979 1363 2014 1391 ut

281 1511 414 1548 Crescit
435 1519 537 1544 amor
562 1504 693 1540 nummi
715 1503 883 1548 quantum
911 1496 990 1541 ipsa
1000 1490 1026 1511 ⁷⁰
1048 1487 1202 1536 pecunia
1228 1475 1398 1518 crescitfl.

1069 1597 1181 1626 milicie
1204 1595 1260 1624 Gu,
1279 1596 1304 1623 1.
1318 1606 1360 1612 —
1382 1584 1430 1626 56)
1450 1584 1546 1611 Locus
1567 1581 1609 1606 est
1625 1585 1673 1615 ap.
1696 1572 1778 1610 virg.
1805 1570 1874 1599 Aen.
1891 1567 1934 1604 11,
1958 1568 2018 1601 20,

74 1626 153 1663 vulg.
178 1639 220 1646 —
245 1620 293 1661 34)
319 1620 460 1648 evertitur
480 1616 587 1646 omisso
604 1613 662 1641 Gu.
679 1614 708 1643 2.
732 1626 772 1631 -
803 1605 852 1647 35)
876 1602 1023 1642 oenoplzo-
1857 1614 1860 1617 Ι
1911 1612 1915 1616 ¹

1070 1640 1148 1670 unde
1164 1639 1249 1667 locus
1263 1636 1400 1671 sumptus
1421 1631 1473 1656 est.
1499 1640 1537 1646 -—
1562 1621 1606 1658 57)
1630 1627 1699 1647 cum
1726 1626 1756 1643 eo
1779 1624 1858 1642 cruet
1873 1622 1915 1639 ι.ι·ι
1933 1614 2019 1637 erant

74 1671 119 1698 ris
139 1668 193 1695 Gu.
215 1668 244 1696 2.
261 1675 306 1692 va.
326 1663 373 1693 Ar.
394 1671 430 1690 ex
448 1659 562 1695 Nonio,
587 1655 638 1695 qui
658 1653 740 1682 hunc
759 1660 879 1681 versum
896 1659 912 1677 e
931 1644 1025 1674 Lucil.

76 1711 164 1740 Satir.
180 1708 231 1737 Ill.
246 1708 316 1735 citat
329 1715 358 1734 v.
379 1703 540 1732 Sententia.
564 1700 676 1728 Verum
697 1695 757 1724 hoc
779 1702 884 1722 censeo
905 1692 1028 1729 propter
1071 1685 1128 1713 Gu.
1147 1685 1177 1713 2.
1192 1696 1234 1702 —
1256 1674 1394 1713 cruczfi.ri
1411 1679 1481 1698 cum
1495 1677 1526 1694 eo
1541 1668 1626 1693 erant
1640 1671 1688 1691 va.
1708 1674 1750 1680 -
1771 1659 1819 1692 58)
1837 1663 2019 1703 ιῙζῑΡῘϋΡθΓαῇ

77 1750 271 1793 oppositionis
289 1749 359 1785 vim,
378 1756 453 1785 quae
477 1750 519 1774 est
541 1744 572 1771 in
596 1740 691 1769 nobis,
713 1753 756 1760 —
779 1738 829 1773 36)
848 1740 881 1762 ut
898 1743 955 1761 om.
972 1730 1028 1758 Gu.
1072 1727 1145 1755 bant
1168 1725 1194 1752 ei
1211 1732 1267 1751 om.
1282 1721 1337 1748 Gu.
1350 1720 1378 1749 2.
1393 1730 1432 1736 —
1451 1713 1477 1740 ei
1492 1719 1548 1738 om.
1566 1706 1622 1734 Gu.
1637 1704 1665 1735 4.
1681 1711 1724 1741 pr.
1739 1711 1784 1729 va.
1801 1716 1838 1721 ——
1856 1697 1904 1725 tllt
1922 1705 1976 1742 pro
1992 1704 2019 1742 ef

77 1801 106 1829 2-
141 1813 177 1817 —-
214 1794 263 1827 37)
291 1793 339 1820 Sic
373 1787 561 1818 scribendum
599 1792 720 1817 censeo,
766 1788 827 1806 non
861 1777 952 1810 sorti,
996 1776 1030 1800 ut
1075 1766 1184 1806 scripsi
1207 1775 1222 1794 e
1238 1765 1293 1793 Gu.
1309 1765 1335 1794 1.
1363 1760 1460 1787 Locus
1485 1757 1529 1782 est
1544 1747 1646 1778 Matth.
1663 1747 1719 1780 27,
1741 1743 1790 1775 44.
1814 1756 1855 1762 —
1875 1740 1919 1775 59)
1943 1746 2020 1765 cmm

79 1847 181 1867 omnes
202 1834 289 1863 codd.
309 1838 338 1863 et
362 1833 442 1869 vulg.
457 1829 607 1860 exhibent.
631 1843 669 1847 —-
693 1821 740 1862 38)
757 1827 799 1849 est
815 1819 916 1848 addidi
938 1827 953 1845 e
974 1815 1032 1843 Gu.
1077 1812 1134 1840 Gu.
1154 1812 1181 1840 1.
1205 1824 1241 1829 —
1267 1809 1314 1837 60)
1333 1803 1381 1831 Sic
1397 1800 1453 1828 Gu.
1473 1799 1498 1828 1.
1518 1798 1547 1825 3.
1562 1793 1591 1823 4.
1609 1791 1656 1819 Ar.
1676 1803 1718 1810 —-
1744 1786 1787 1824 fit
1811 1783 1889 1821 vulg.
1912 1796 1953 1802 —
1969 1778 2019 1827 '61)

81 1884 109 1913 1.
132 1896 171 1901 —-
195 1883 226 1906 ut
250 1887 308 1906 om.
336 1877 392 1904 Gu.
410 1877 437 1906 2⁴
469 1889 511 1894 —
547 1870 593 1909 39)
617 1869 711 1897 Locus
733 1869 776 1893 est
798 1863 915 1891 Terent.
942 1857 1033 1887 Andr.
1076 1854 1199 1891 ιιέζιηεε
1226 1850 1282 1878 Gu.
1297 1849 1324 1879 3.
1346 1860 1388 1867 —
1416 1838 1463 1880 62)
1491 1838 1584 1867 Orion
1616 1829 1792 1878 mutzrndum
1817 1831 1860 1854 est
1884 1834 1920 1853 ex
1941 1822 2020 1859 Virg.

79 1924 111 1959 Ι,
137 1926 170 1955 1,
193 1921 242 1952 40.
272 1935 314 1941 -—
343 1916 389 1956 40)
418 1918 449 1945 itt
470 1925 526 1944 om.
553 1914 608 1941 Gu.
631 1914 660 1943 2.
690 1925 728 1931 —-
771 1907 816 1942 41)
840 1910 865 1932 et
886 1914 944 1932 om.
976 1901 1033 1928 Gu.
1076 1897 1141 1925 Ecl.
1157 1893 1245 1927 VIII,
1268 1891 1319 1923 55.
1341 1889 1371 1916 in
1394 1884 1502 1913 Arion.
1528 1895 1567 1900 —
1596 1876 1644 1912 63)
1667 1875 1715 1901 διο
1731 1872 1787 1899 Gu.
1805 1871 1834 1900 3.
1853 1869 1881 1900 4.
1905 1866 1953 1895 Ar.
1975 1874 2020 1903 pr.

82 1970 110 1997 1.
132 1981 174 1986 —
207 1961 287 1990 adiit
315 1961 369 1989 Gu.
385 1962 416 1991 2.
449 1977 486 1981 —
517 1959 562 1991 42)
590 1963 688 1992 regem
713 1951 769 1979 Gu.
789 1953 811 1977 1.
832 1963 874 1969 —
902 1945 950 1982 43)
975 1943 1030 1971 Lo-
1076 1950 1126 1969 va.
1143 1948 1158 1966 e
1175 1936 1255 1972 Virg.
1272 1933 1343 1961 Aen.
1358 1928 1411 1965 111,
1436 1926 1505 1957 157.
1521 1937 1563 1946 --
1584 1918 1664 1954 vulg.
1681 1926 1744 1955 qut.
1767 1927 1808 1935 —
1832 1908 1914 1950 quod
1928 1910 2020 1956 ⁶91¹·

82 2018 134 2036 cus
150 2010 193 2035 est
210 2005 290 2041 Virg.
309 2004 380 2031 Aen.
395 2003 433 2038 X,
453 2001 522 2033 149.
543 2014 584 2020 -
606 1997 655 2033 44)
683 1996 715 2022 ln
738 1989 897 2030 singulari
920 1997 966 2017 va.
990 2001 1030 2006 —-
1074 1998 1116 2004 —
1139 1980 1185 2019 64)
1208 1979 1257 2007 Sic
1276 1976 1331 2004 Gu.
1348 1975 1376 2005 3.
1391 1975 1419 1998 et
1435 1967 1517 2004 Virg.
1531 1964 1602 1993 Aen.
1620 1960 1688 1996 Vll,
1711 1957 1782 2004 759.
1798 1971 1841 2003 ”-
1875 1952 2021 1989 Angztme

82 2050 130 2089 45)
154 2049 252 2077 Locus
269 2050 314 2074 est
327 2045 407 2082 Virg.
422 2044 494 2072 Aen.
512 2042 543 2078 1,
564 2041 635 2072 553.
654 2054 693 2059 —
715 2035 760 2072 46)
785 2033 918 2072 expletur
936 2029 972 2059 al.
990 2043 1032 2049 -
1073 2024 1153 2060 vulg.
1177 2037 1217 2043 —
1240 2018 1366 2056 (ct-glacie
1388 2014 1443 2041 Gu.
1461 2013 1487 2041 1.
1512 2018 1559 2047 pr.
1582 2015 1628 2033 va.
1646 2018 1679 2024 —
1706 2004 1839 2038 argutae
1857 1995 1913 2023 Gu.
1928 1997 1957 2026 2.
1982 2006 2021 2013 --

76 2094 172 2132 finita
188 2090 274 2118 al.—-
290 2087 336 2128 47)
355 2088 520 2115 Castaneue
534 2083 637 2111 molles
650 2090 706 2110 om.
723 2079 779 2106 Gu.
790 2080 819 2108 3.
836 2080 863 2103 et
880 2074 915 2103 al.
934 2087 969 2093 —
985 2070 1032 2107 48)
1074 2067 1155 2094 Ῐιαηε
1171 2064 1252 2092 vicia
1268 2062 1322 2089 Gu.
1340 2059 1367 2089 4.
1389 2071 1431 2078 ——
1454 2049 1502 2091 65)
1525 2056 1551 2078 te
1575 2049 1671 2076 vitrea
1684 2044 1739 2072 Gu.
1756 2043 1784 2089 3.
1800 2040 1829 2072 4.
1843 2049 1889 2068 va.
1916 2053 1950 2058 —
1975 2031 2020 2072 66)

86 2136 179 2164 Locus
194 2137 238 2162 est
251 2131 331 2167 Virg.
349 2130 411 2158 Ecl.
425 2129 448 2165 Ι,
468 2130 517 2159 81.
536 2142 578 2148 -
599 2126 647 2161 49)
671 2124 771 2160 Supra
788 2119 866 2147 enim
884 2123 977 2152 usque
994 2112 1031 2140 ad
1075 2109 1123 2137 Sic
1147 2108 1196 2136 Ar.
1212 2116 1226 2134 e
1243 2104 1325 2141 Virg.
1349 2117 1388 2122 ——
1412 2096 1544 2126 Fucinus
1555 2090 1633 2127 vulg.
1655 2103 1696 2110 —
1709 2086 1845 2123 fuemus
1868 2081 1922 2108 Gu·
1940 2078 1968 2109 4.
1982 2090 2022 2097 --

87 2178 176 2207 lactis
201 2185 245 2214 pr.
263 2178 292 2202 et
308 2173 343 2202 al.
361 2182 420 2200 om.
447 2186 489 2192 -
526 2170 628 2206 Supra
648 2167 726 2193 enim
741 2164 818 2192 dixit
835 2164 907 2188 sunt
927 2167 975 2186 va.
992 2170 1029 2176 —
1074 2149 1121 2189 67)
1138 2151 1239 2189 fluere
1262 2147 1318 2174 Gu.
1338 2143 1366 2174 4.
1389 2156 1430 2163 --
1453 2136 1498 2176 Cb)
1522 2135 1571 2164 Sic
1594 2134 1651 2161 Gu.
1669 2133 1696 2162 1.
1718 2143 1760 2150 ——
1782 2124 1838 2154 sul)
1860 2122 2020 2167 vulg'.cu¹.n

86 2222 131 2258 50)
155 2219 203 2246 Sic
222 2218 278 2245 Gu.
297 2218 321 2246 1.
336 2225 382 2242 va.
405 2229 445 2235 -
468 2217 494 2240 et
509 2222 566 2240 om.
587 2209 665 2247 vulg.
681 2223 722 2229 —
746 2204 790 2243 51)
815 2203 863 2231 Sic
879 2202 933 2229 Gu.
954 2203 979 2229 1.
1001 2200 1029 2228 2.
1076 2194 1156 2230 Virg.
1180 2192 1253 2220 Aen.
1271 2188 1320 2224 IV,
1338 2187 1407 2217 660.
1428 2198 1468 2204 —-
1499 2176 1547 2217 69)
1569 2176 1618 2204 Sic
1637 2174 1693 2202 Gu-
1716 2175 1741 2202 1.
1763 2184 1805 2190 -
1826 2172 1967 2195 sermon&
1990 2169 2022 2186 ln

91 2281 127 2286 -
151 2259 204 2289 sed
220 2265 246 2287 et
261 2258 338 2294 vulg.
363 2273 401 2278 —-
425 2258 470 2292 52)
495 2253 643 2282 orationis
659 2261 715 2279 om.
733 2249 781 2278 Ar.
803 2261 845 2268 -—
868 2246 912 2282 53)
936 2247 960 2269 ει
974 2251 1031 2278 pro
1071 2236 1225 2275 principio
1242 2232 1322 2268 vulg·
1344 2243 1387 2250 -··
1415 2225 1462 2261 70)
1486 2223 1554 2259 ‘7³⁸⁰
1578 2228 1635 2247 ⁰¹1¹·
1663 2216 1720 2244 GU·
1738 2214 1767 2244 3·
1785 2226 1825 2232 “”
1858 2206 1905 2246 ⁷¹)
1928 2205 2022 2250 [ἵκω

1076 2284 1120 2308 est
1132 2278 1237 2307 Juven.
1262 2276 1322 2302 Sat.
1341 2268 1427 2304 XIV,
1445 2266 1513 2298 139.
1537 2262 1587 2291 ubi
1604 2264 1647 2289 est
1673 2256 1777 2287 ultimo
1800 2253 1865 2281 loco
1883 2250 1979 2277 crevtl.

90 2305 195 2333 multis
220 2311 300 2330 unu-5
322 2300 379 2330 Gu.
397 2301 425 2330 2.
448 2313 489 2319 —
522 2297 568 2336 54)
590 2300 754 2331 utrumque
779 2290 837 2318 Gu.
858 2290 885 2319 1.
908 2300 949 2308 —
984 2285 1031 2317 55)
