2264 2830
803 97 1048 133 ORlGlNUM
1082 100 1228 135 LfflER
1254 102 1361 136 xvu.
1989 102 2066 137 539

116 201 153 229 ut
177 195 274 228 etiam
302 194 327 227 si
356 195 500 227 arefacta
528 190 733 234 abluaturffi,
775 192 931 234 virescat,
973 193 1094 227 deinde
1130 196 1237 229 excisa
1267 201 1368 240 atque
1401 195 1434 227 in
1462 193 1567 228 humo
1579 192 1603 212 ²⁷
1636 194 1720 237 fixa,
1763 194 1962 230 radicibusza
1997 210 2065 233 sese

116 248 190 292 ipsa
215 246 392 291 demergat
404 243 438 278 ²⁴³.

283 297 343 330 ⁴9.
396 296 564 340 Myricae,
590 306 691 338 quam
718 295 826 327 Latini
854 296 1044 329 tamaricem
1058 293 1083 312 ³⁰
1112 302 1250 338 vocant,
1285 309 1324 331 ex
1353 297 1569 330 amaritudine
1597 296 1772 330 nominata.
1829 297 1952 332 Gustus
1979 300 2065 333 enirn

120 348 188 382 eius
215 349 310 381 nimis
338 359 466 381 amarus
494 351 550 380 est.
604 347 700 380 Haec
728 348 827 379 arbor
853 348 884 379 in
906 348 1080 381 solitudine
1109 354 1140 381 et
1168 360 1282 381 saxosa
1294 346 1316 366 ³¹
1345 349 1449 382 humo
1478 349 1630 389 nascitur,
1660 360 1699 381 ex
1726 361 1790 392 qua
1818 350 1917 383 etiam
1945 352 2064 385 arbore

119 401 279 434 maleficis
303 401 428 433 artibus
447 395 655 446 μι’σηθρα“”,
683 399 716 430 id
746 404 792 430 est
819 399 897 431 odia
925 401 1082 433 concitari
1115 401 1278 434 dicuntur.

283 451 343 487 50.
397 451 526 494 Myrtus
554 461 572 481 a
600 450 681 482 mari
695 446 719 465 ³²³
743 450 850 491 dicta,
880 462 919 483 eo
948 452 1039 495 quod
1068 452 1184 485 litorea
1211 448 1352 497 magis³¹
1377 452 1477 484 arbor
1498 451 1546 485 sit.
1599 450 1699 484 L'nde
1727 448 1796 484 et³⁵
1822 452 1982 498 Virgilius
1997 451 2037 486 ³⁶:

347 519 469 552 Litora
496 519 653 562 myrtetis
679 519 879 559 luctis—sium,

119 576 151 602 et

341 621 510 654 Amantes
537 621 642 653 litora
669 619 845 664 myrtosffl.

118 689 208 723 Hinc
235 694 299 730 est,
339 689 431 734 quod
459 695 492 722 et
522 701 541 721 a
569 689 707 723 Graecis
733 687 901 737 flvpi'mfffl
929 687 1090 723 dicitur³³¹.
1153 689 1367 722 Medicorum
1395 695 1504 721 autem
1541 689 1612 721 libri
1641 689 1728 723 hanc
1766 691 1920 724 arborem
1949 696 2061 735 aptam

119 740 265 774 scribunt
292 742 466 775 mulierum
479 738 503 757 ⁴⁰
529 741 773 774 necessitatibus
787 739 820 774 ⁴¹.

281 791 340 825 51.
394 792 581 835 Lentiscus,
609 793 701 836 quod
725 792 834 836 cuspis
859 791 959 836 ipsius
971 787 995 807 '¹²
1022 791 1126 823 lentus
1137 788 1160 807 '¹³
1186 791 1224 823 sit
1252 796 1284 823 et
1311 792 1429 825 mollis.
1484 791 1567 823 Nam
1590 791 1713 824 lentum
1731 791 1879 831 dicimus,
1902 793 2061 836 quicquid

118 843 261 876 flexibile
290 851 353 887 est,
382 841 504 878 unde⁴¹
532 849 563 877 et
590 844 715 877 lentum
743 845 852 876 vimen
880 848 912 875 et
939 842 1028 874 vites.
1083 842 1242 887 Virgilius
1256 839 1295 874 ⁴⁵:

347 905 395 938 El
425 905 542 938 lentae
566 904 663 944 viles,

117 974 180 1007 pro
209 963 376 998 flexibiles,
429 965 536 998 Huius
563 964 687 998 fructus
714 962 828 996 oleum
856 962 1014 1003 desudat,
1042 969 1156 996 cortex
1178 963 1338 1002 resinam,
1372 973 1458 1005 quae
1487 962 1603 995 mastix
1631 961 1839 1006 appellatur,
1868 961 1960 995 cuius
1988 972 2062 995 me-

117 1014 182 1048 lior
209 1020 241 1048 et
267 1013 443 1060 plurima⁴¹⁵
470 1017 501 1048 in
526 1015 614 1048 Chio
642 1014 746 1047 insula
773 1014 922 1059 gignitur
934 1010 967 1048 ⁴⁷.

281 1065 340 1102 52.
390 1066 614 1101 Terebinthus
640 1066 760 1107 arbor,
793 1077 915 1099 nomen
943 1065 1111 1098 Graecum
1125 1062 1167 1106 ⁴⁸,
1205 1077 1368 1110 generans
1401 1065 1544 1098 resinam
1572 1064 1719 1097 omnium
1754 1063 1935 1096 resinarum
1961 1074 2062 1107 prae-

117 1117 315 1150 stantiorem.

279 1169 339 1202 53.
393 1170 504 1203 Buxus
532 1169 701 1204 Graecum
729 1179 849 1201 nomen
878 1164 970 1208 θείω,
999 1178 1038 1200 ex
1067 1173 1160 1210 parte
1187 1180 1206 1200 a
1233 1168 1357 1200 Latinis
1369 1163 1394 1182 ³¹⁰
1421 1171 1626 1210 corruptum,
1658 1161 1763 1205 πύξος
1791 1166 1878 1197 enim
1906 1164 2060 1209 appella—

116 1225 168 1252 tur
181 1216 204 1236 ⁵¹
233 1233 252 1253 a
279 1218 453 1254 Graecis52
480 1222 580 1253 arbor
615 1231 747 1264 semper
774 1219 879 1251 virens
907 1224 938 1251 et
973 1216 1142 1251 levitate5³
1179 1219 1334 1251 materiae
1362 1217 1602 1250 elementorum
1636 1217 1783 1261 apicibus
1816 1220 1904 1260 apta.
1961 1216 2062 1250 Unde

118 1277 150 1304 et
176 1272 349 1315 Scriptura
360 1269 401 1304 *Ἧι
444 1271 568 1305 Scribe
595 1268 669 1304 1'1155
699 1271 799 1304 buxo.

280 1323 339 1356 54.
392 1319 723 1362 R110‹10‹1en‹1r0n⁵¹’‘‚
751 1320 844 1364 quod
855 1316 878 1336 ⁵⁷
907 1324 1064 1364 corrupte
1090 1321 1193 1364 vulgo
1227 1316 1443 1353 lorandrum-'¹
1484 1323 1638 1359 vocatur,
1673 1317 1765 1361 quod
1793 1318 1832 1350 sit
1857 1317 1949 1351 foliis
1977 1318 2061 1351 lauri

117 1373 275 1407 similibus
287 1370 321 1414 ⁵⁰,
350 1374 444 1413 flore,
463 1380 497 1406 ut
516 1385 602 1417 rosa,
630 1374 730 1406 arbor
745 1376 914 1406 venenata.
941 1371 1102 1404 Interlicit
1125 1372 1210 1405 enim
1238 1371 1401 1411 animalia,
1428 1374 1460 1403 et
1474 1370 1626 1403 medetur
1648 1369 1847 1413 serpentium
1863 1369 2060 1402 vexationes.

281 1424 340 1457 55.
394 1426 570 1459 Herbitum
598 1429 800 1459 vocaverunt
826 1429 974 1468 pastores
1001 1434 1059 1463 νο,
1102 1423 1194 1465 quod
1231 1424 1303 1457 vice
1331 1423 1456 1455 herbae
1492 1422 1690 1465 praebeatur
1704 1418 1728 1437 ¹³⁰
1763 1421 1959 1464 pecoribus,
2005 1421 2061 1454 ubi

116 1486 240 1519 pascua
266 1473 427 1511 desuntffl.
1836 1480 1841 1485 ‘

281 1528 340 1561 56.
394 1528 593 1567 Turbiscus,
621 1526 712 1570 quod
741 1526 784 1558 de
806 1537 872 1558 uno
894 1525 1018 1569 cespite
1046 1525 1113 1558 eius
1140 1526 1242 1558 multa
1271 1521 1450 1569 virgulta⁰²
1477 1520 1670 1568 surgu11t“'‘‚
1707 1522 1800 1564 quasi
1825 1523 1931 1554 turba.

218 1577 349 1624 Stipa⁰⁴
376 1585 514 1623 vocata,
541 1583 682 1623 propter
708 1577 802 1621 quod
830 1588 870 1610 ex
897 1588 936 1610 ea
949 1574 973 1593 ⁰³¹
1001 1576 1161 1620 stipentur
1173 1573 1198 1593 “⁰
1224 1582 1322 1612 tecta.
1374 1576 1464 1610 Hinc
1492 1580 1524 1607 et
1546 1574 1666 1619 stipula
1687 1584 1749 1617 per
1764 1572 2015 1606 diminutionem
2027 1570 2060 1605 ⁶⁷.

280 1629 339 1664 57.
392 1630 533 1665 Arundo
560 1630 668 1671 dicta,
695 1629 786 1673 quod
815 1630 881 1662 cito
915 1633 1051 1663 arescat.
1105 1629 1204 1661 Hanc
1231 1634 1358 1661 veteres
1371 1625 1395 1645 ¹³⁶
1422 1638 1561 1661 cannam
1589 1629 1807 1664 vocaverunt,
1833 1625 2026 1658 arundinem
2037 1621 2062 1640 ⁶⁹

116 1687 234 1726 postea
262 1683 367 1716 Varro
395 1683 485 1717 dixit.
528 1681 712 1716 Sciendum
732 1692 810 1715 sane
821 1677 855 1720 ⁷⁰,
882 1680 976 1724 quod
998 1680 1153 1713 Latinum
1181 1680 1382 1714 vocabulum
1396 1675 1418 1695 ⁷¹
1448 1689 1552 1713 canna
1580 1677 1623 1710 de
1652 1677 1765 1721 lingua
1787 1677 1945 1710 Hebraea
1971 1688 2062 1709 sum-

116 1738 213 1777 ptum
241 1739 288 1766 est
299 1731 333 1766 ⁷².
387 1733 490 1778 Apud
518 1745 575 1766 eos
599 1734 685 1766 enim
717 1733 864 1766 calamus
892 1743 996 1765 canna
1024 1731 1152 1764 (licitur.

1446 1318 1457 1333 μ

118 1831 143 1852 ct
168 1835 224 1853 om.
248 1836 291 1853 va.
318 1843 354 1847 —
386 1826 559 1862 35)Ge01·g.
582 1825 618 1859 II,
644 1827 713 1857 112.
737 1830 764 1854 et
786 1824 836 1861 IV,
860 1824 926 1855 124.
958 1839 998 1844 —
1020 1824 1068 1861 37)
1112 1823 1274 1851 dandamis
1297 1823 1352 1852 Gu.
1381 1826 1405 1853 1.
1459 1822 1605 1850 Videntur
1634 1830 1697 1848 esse
1730 1819 1816 1848 codd.
1841 1819 2058 1858 corruptiones.

119 1867 168 1895 Sic
191 1868 246 1896 Gu.
276 1871 300 1898 1.
323 1870 351 1898 2.
375 1868 424 1896 Ar.
445 1884 486 1888 —
509 1870 616 1895 mii-tae
638 1868 719 1906 vulg.
744 1883 781 1888 —
805 1865 854 1906 35)
877 1867 1005 1905 μυρσίνη
1019 1866 1067 1894 Ar.
1110 1882 1150 1887 -
1174 1865 1221 1904 57)
1248 1876 1326 1904 quae
1349 1866 1406 1895 (ιύ.
1425 1867 1450 1895 1.
1472 1880 1512 1886 —
1536 1862 1620 1901 φωτί
1641 1883 1648 1890 .
1670 1883 1677 1890 .
1701 1883 1707 1890 .
1734 1867 1860 1890 vocatur
1883 1872 1938 1892 om.
1963 1871 2061 1890 va.-

121 1928 157 1933 —
182 1911 305 1937 mirtene
326 1920 371 1949 pr.
392 1926 433 1931 --
455 1907 504 1950 39)
528 1909 674 1938 dicuntur
697 1910 753 1939 Gu.
777 1912 804 1940 1.
822 1911 851 1940 2.
875 1925 916 1930 —-
938 1911 983 1946 40)
999 1919 1067 1936 ηιιι-
1110 1909 1159 1945 58)
1181 1908 1229 1936 Sic
1252 1908 1303 1936 Ar.
1330 1923 1366 1928 —
1391 1906 1572 1934 [manilium
1596 1905 1678 1942 vulg.
1702 1920 1743 1926 —-
1762 1904 1936 1945 laurencius
1960 1905 2016 1932 Gu.
2034 1906 2061 1934 1.

118 1952 183 1981 liet.
205 1958 311 1990 aptam
333 1951 390 1980 dic.
413 1962 473 1980 nec,
496 1962 543 1980 va.
574 1969 612 1974 —
643 1954 690 1989 41)
716 1952 865 1991 plurimi-s
894 1950 962 1980 add.
987 1952 1067 1989 vulg.
1110 1966 1151 1972 —
1174 1949 1383 1979 laurandrum
1413 1951 1469 1978 Gu.
1494 1951 1522 1979 2.
1563 1964 1598 1969 -
1644 1945 1691 1987 59)
1723 1948 1835 1975 Similis
1864 1957 1910 1976 va.
1943 1964 1984 1968 —
2014 1948 2061 1980 60)

118 2011 159 2017 -—
182 1994 246 2024 Om.
272 1995 329 2024 Gu.
350 1997 376 2026 1.
406 2010 448 2015 -
479 1993 527 2035 42)
550 1997 614 2023 eius
634 2005 681 2025 va.
704 2012 747 2018 —
784 1997 830 2029 43)
852 1994 933 2021 lenia
956 1994 1005 2022 Ar.
1026 2010 1063 2015 —-
1102 1993 1305 2032 praebebatur
1329 1993 1384 2022 Gn.
1410 1995 1436 2022 1.
1454 1993 1482 2022 2.
1505 2007 1546 2012 -
1569 1993 1613 2023 61)
1635 1990 1685 2018 Sic
1706 1990 1762 2018 Gu.
1783 1993 1809 2022 1.
1828 1992 1857 2021 2.
1875 2000 1921 2018 va.
1938 2006 1973 2010 ——-
2001 1988 2059 2016 tle-5.

118 2040 164 2072 44)
188 2036 267 2066 unde
289 2047 346 2066 om.
371 2047 415 2066 va.
446 2053 479 2058 —
520 2038 565 2071 45)
596 2037 675 2065 unde
704 2038 790 2076 Virg.
811 2047 857 2066 va.
884 2054 916 2058 —
945 2035 992 2075 46)
1016 2036 1064 2064 Sic
1102 2047 1191 2074 pasc.
1215 2035 1293 2072 vulg.
1317 2051 1357 2057 —
1381 2037 1427 2070 52)
1451 2033 1566 2061 multae
1591 2033 1727 2071 virgulae
1752 2033 1808 2062 Gu.
1830 2034 1858 2064 2.
1880 2049 1921 2054 —
1946 2030 1993 2070 63)
2011 2031 2059 2058 Sic

119 2080 176 2110 Gu.
196 2083 223 2112 1.
246 2097 287 2101 -
309 2079 394 2117 Vulg.
417 2080 507 2106 cuias
530 2079 614 2117 plur.
640 2086 667 2108 et
694 2081 759 2110 mel.
792 2095 831 2100 —
863 2081 951 2108 cicius
980 2079 1064 2117 plur.
1109 2079 1165 2107 Gn.
1191 2080 1217 2108 1,
1244 2080 1273 2107 2.
1296 2077 1331 2106 al.
1354 2094 1394 2097 —
1427 2082 1559 2114 surgant
1584 2076 1662 2113 vulg.
1696 2094 1732 2098 —
1772 2074 1820 2113 64)
1844 2074 1909 2102 Om.
1932 2074 2057 2112 glossam

116 2133 243 2161 genera,
275 2121 329 2150 sed
356 2122 461 2150 melior
489 2131 535 2149 va,
563 2138 603 2144 -—
645 2122 693 2162 47)
715 2124 854 2153 nascitur
876 2132 921 2153 va,
945 2138 985 2142 —
1016 2120 1063 2160 48)
1107 2131 1155 2150 va.
1184 2136 1226 2142 —
1257 2119 1302 2158 65)
1323 2119 1372 2148 Sic
1394 2119 1448 2148 Gu.
1466 2122 1493 2149 1.
1519 2119 1556 2146 al.
1579 2135 1617 2140 —
1643 2129 1675 2146 ex
1696 2129 1727 2146 eo
1751 2118 1833 2155 vulg.
1856 2133 1898 2138 —
1926 2119 1976 2152 66)
1999 2117 2057 2143 -stc'-

118 2165 168 2193 Sic
191 2165 247 2193 Gu.
273 2167 298 2195 1.
315 2181 356 2186 —
381 2165 486 2193 Graec.
507 2174 586 2191 nom.
608 2164 687 2202 vulg.
714 2182 749 2187 —
783 2166 831 2202 49)
852 2164 900 2195 Sic
920 2165 977 2192 Gu.
995 2167 1020 2194 1.
1037 2167 1065 2194 Q.
1102 2164 1251 2202 palentia*
1275 2163 1330 2191 Gu.
1348 2165 1376 2193 1.
1399 2164 1427 2193 2.
1449 2177 1492 2182 —
1513 2159 1559 2201 67)
1583 2160 1797 2189 dirivationem
1820 2160 1877 2188 Gu.
1896 2161 1924 2189 2.
1947 2173 1988 2180 —-
2009 2155 2054 2193 63)

118 2217 165 2237 va.
188 2225 225 2230 —-
253 2209 359 2237 Graec.
382 2212 424 2235 est
446 2217 523 2234 nom.
548 2206 628 2244 vulg.
651 2223 691 2228 —
714 2206 760 2247 50)
783 2207 831 2236 Sic
851 2207 944 2238 Gu.1.
962 2209 992 2238 2.
1018 2216 1063 2235 va.
1110 2212 1215 2234 veteres
1238 2215 1293 2233 om.
1318 2215 1364 2234 va.
1383 2221 1419 2225 —
1442 2206 1486 2241 69)
1511 2214 1576 2232 vero
1600 2203 1667 2234 add.
1691 2204 1774 2241 vulg.
1799 2218 1834 2224 -
1862 2201 1924 2229 Om.
1950 2200 2002 2226 Gu.
2029 2200 2053 2228 1.

118 2260 138 2279 α
160 2252 233 2280 Lat.
255 2261 288 2279 ex
305 2255 392 2288 parte
413 2249 493 2286 vulg,
517 2265 559 2270 —
588 2246 632 2286 51)
656 2247 770 2276 dicitur
797 2259 841 2279 va.
875 2266 915 2271 —-
946 2249 994 2286 52³)
1018 2249 1064 2277 Sic
1107 2252 1135 2280 2.
1155 2259 1200 2277 va.
1224 2265 1265 2269 —
1294 2250 1338 2284 70)
1363 2247 1410 2275 Sic
1435 2247 1491 2275 Gu.
1512 2250 1537 2277 1.
1559 2249 1587 2278 2.
1606 2256 1652 2284 va.
1678 2265 1715 2268 —
1743 2247 1821 2274 Sane
1842 2240 1949 2270 scieml.
1974 2239 2052 2276 vulg.

119 2293 176 2322 Gu.
195 2296 222 2325 1.
243 2296 271 2325 2.
294 2309 333 2314 —
353 2291 440 2331 apud
461 2301 509 2319 eos
528 2291 608 2328 vulg.
631 2306 672 2313 —
703 2289 751 2330 53)
777 2291 825 2319 Sic
846 2291 895 2321 Ar.
918 2308 959 2314 --
982 2292 1062 2319 lem‘-
1109 2308 1145 2311 —
1181 2294 1225 2325 71)
1252 2290 1433 2317 vocabulum
1461 2289 1563 2319 addidi
1593 2299 1607 2317 e
1639 2289 1694 2317 Gu.
1717 2292 1743 2319 1.
1778 2304 1808 2307 -
1856 2287 1899 2314 7²7)
1924 2283 2052 2319 sumpsit

120 2342 181 2364 tale
201 2335 281 2374 vulg.
312 2351 353 2357 —
384 2334 430 2373 54)
454 2334 518 2364 lsai.
541 2336 594 2370 30,
619 2334 649 2364 8.
677 2350 718 2354 —
755 2331 802 2371 55)
824 2335 856 2361 in
877 2344 934 2362 om.
959 2334 1014 2362 Gu.
1032 2336 1062 2365 2.
1107 2333 1160 2362 Gu.
1182 2336 1208 2364 1.
1227 2335 1254 2363 ²2.
1280 2333 1318 2362 al.
1341 2343 1387 2361 va.

120 2388 166 2408 va.
189 2379 226 2408 al.
251 2394 289 2399 ——
313 2382 357 2410 56)
375 2377 422 2405 Sic
442 2377 491 2405 Ar.
516 2395 552 2399 —
581 2374 805 2404 Rodandarum
829 2376 908 2413 vulg.
934 2392 974 2397 —
997 2376 1061 2404 Ro-

1515 2416 1542 2448 Y
1555 2428 1577 2459 ,v
1591 2427 1612 2457 ,ν
1635 2418 1651 2436 *
