2203 2829
178 101 253 135 144

371 213 400 247 C
428 213 458 246 A
485 211 523 243 P.
577 206 668 241 vlu.

875 82 1054 119 ISIDORI
1079 79 1262 115 HISPAL.
1288 78 1435 114 EPISC.

745 203 813 238 De
838 203 1003 237 morbis
1030 201 1172 248 quiin
1195 199 1457 246 superficie
1483 198 1692 244 corporis
1718 197 1943 231 videntur.

349 290 382 324 1.
436 280 620 331 Alopecia¹
651 286 698 315 est
725 281 925 325 capillorum
951 280 1038 313 fluor
1065 273 1345 322 circumscriptis²
1380 275 1456 320 pilis
1489 275 1607 316 fulvis,
1651 275 1732 307 aeris
1760 273 1955 317 qualitatem
1982 270 2137 305 habenti-

184 349 262 382 bus:
288 346 407 378 vocata
432 340 503 372 hoc
529 335 661 370 nomine
688 345 707 366 a
733 332 948 366 similitudine
976 331 1124 364 animalis
1151 329 1368 374 vulpeculae,
1393 338 1493 370 quam
1521 327 1645 360 Graeci
1670 322 1835 362 ἀλώπεκα

1846 321 1858 341 ³
1887 330 2014 358 vocant

350 392 384 426 2,
436 382 637 424 Parotidae⁴
659 389 733 418 sunt
760 382 941 427 (ΜΠ-111385,
969 384 1024 418 vel
1051 383 1286 422 collectiones,
1314 391 1400 423 quae
1427 390 1467 411 ex
1494 379 1642 412 febribus
1673 384 1730 411 aut
1757 388 1797 410 ex
1822 372 1957 420 aliquo‘f
1985 376 2050 409 alio
2077 386 2138 408 na-

186 453 319 485 scuntur
344 445 376 477 in
403 443 530 476 aurium
560 433 786 479 vicinitates&
814 437 904 470 unde
933 440 965 469 et
991 433 1189 483 παρωτίδες
1217 438 1290 466 sunt
1317 430 1519 476 appellatae.
1568 428 1672 466 Ὣτα
1708 430 1795 462 enim
1832 429 1965 462 Graece
1992 426 2140 461 auricula

186 502 306 536 dicitur
316 493 338 532 ⁸.

351 546 385 581 3.
436 543 584 588 Lentigo
612 536 681 574 est⁹
702 540 843 585 vestigia
872 539 1084 574 macularum
1111 536 1252 582 parvula
1275 536 1309 568 in
1336 533 1572 566 rotunditatem
1584 529 1609 549 ¹⁰
1635 533 1797 575 formata,
1825 531 1868 564 ab
1884 526 1907 546 ¹¹
1936 530 2050 574 specie
2068 530 2138 563 len-

185 603 309 638 ticulae
335 598 436 632 dicta.

352 650 387 684 4,
440 639 669 691 Erysipelas¹²
697 647 761 687 est,
794 639 929 687 quem¹³
952 641 1062 674 Latini
1090 650 1219 674 sacrum
1247 638 1360 683 ignem
1388 636 1580 681 appellant,
1607 635 1642 668 id
1666 641 1713 668 est
1740 633 1965 668 execrandum
1991 644 2054 677 per
2081 644 2141 665 an-

186 703 371 751 tiphrasim.
423 697 598 742 Siquidem
625 696 656 728 in
690 696 867 740 superficie
894 694 997 727 rubor
1023 692 1197 725 flammeus
1225 691 1306 724 cutis
1337 684 1526 722 rubescitn.
1581 688 1680 721 Tunc
1715 692 1830 720 mutuo

1844 682 1866 703 ¹⁵
1900 685 2023 718 rubore
2050 681 2145 728 quasi

189 760 231 792 ab
260 758 340 802 igne
366 753 473 787 vicina
499 748 698 782 invaduntur
724 749 818 787 loca,
845 747 890 779 ita
918 750 953 778 ut
980 744 1079 777 etiam
1107 744 1210 776 febris
1238 742 1408 775 excitetur.

354 803 388 838 5.
442 801 598 846 Serpedo
627 804 675 832 est
702 800 805 832 rubor
832 798 916 833 cutis
942 808 1020 831 cum
1041 795 1248 841 pustularum
1276 793 1436 834 extantia,
1464 797 1497 825 et
1524 802 1648 824 nomen
1673 789 1813 834 sumpsit
1841 801 1860 821 a
1888 787 2073 832 serpendo,
2101 798 2142 820 eo

190 860 284 906 quod
313 860 425 902 serpat
455 865 516 899 per
543 852 704 887 membra.

359 909 395 942 ὕ.
446 905 616 949 Impetigo
644 908 692 937 est
726 903 815 936 sicca
841 900 983 943 scabies,
1018 899 1208 944 prominens
1243 909 1263 929 a
1289 907 1434 941 corpore
1460 906 1536 929 cum
1565 894 1740 939 asperitate
1775 899 1808 926 et
1839 891 2040 926 rotunditate
2068 890 2144 923 sor-

747 950 770 970 18

191 975 276 998 mae.
329 961 428 995 Hanc
454 957 576 1002 vulgus
602 967 732 988 sarnam
796 953 970 997 appellant
982 948 1014 984 ¹⁷.

355 1011 391 1044 7.
445 1009 588 1052 Prurigo
617 1004 702 1040 estffl
733 1011 851 1039 vocata
879 1016 897 1036 a
924 1002 1116 1049 perurendo
1127 997 1151 1018 ¹⁹
1179 1006 1211 1034 et
1238 999 1399 1033 ardendo.

357 1062 392 1096 S.
445 1055 674 1105 Nyctalmus²⁰
701 1063 748 1090 est
774 1056 894 1102 pass-io,
922 1068 988 1099 qua
998 1051 1022 1072 ²¹
1051 1066 1113 1099 per
1136 1053 1226 1086 diem
1253 1054 1339 1086 visus
1356 1050 1542 1096 patentibus
1570 1048 1676 1082 oculis
1704 1047 1891 1092 denegatur
1920 1050 1952 1079 et
1979 1044 2145 1078 nocturnis

194 1116 393 1152 irruentibus
420 1112 564 1146 tenebris
590 1110 787 1144 redhibetur
798 1105 839 1150 ²²,
867 1112 922 1141 aut
949 1119 1042 1140 versa
1070 1106 1160 1145 vice,
1184 1110 1219 1137 ut
1246 1105 1399 1150 plerique
1426 1103 1558 1145 volunt,
1587 1100 1642 1133 die
1670 1099 1838 1140 redditur,
1867 1103 1966 1131 nocte
1994 1102 2145 1141 negatur.

359 1166 395 1201 9.
446 1165 615 1198 Verrucae
644 1160 735 1194 aliud
768 1164 857 1192 sunt:
900 1154 1098 1202 satyriasis²³
1132 1155 1234 1189 aliud.
1288 1156 1457 1189 Verrucae
1489 1147 1716 1198 singillatim2*
1751 1155 1844 1192 sunt,
1880 1149 2041 1194 satyriasis
2068 1159 2146 1181 vero

195 1216 294 1254 una²⁵
321 1218 461 1258 fortior,
489 1226 529 1248 ac
555 1215 644 1247 circa
670 1213 777 1256 ipsam
804 1212 916 1254 plures
941 1209 1146 1242 inveniuntur

361 1268 420 1301 10.
475 1262 646 1300 Scabies-²⁷
675 1268 707 1296 et
738 1265 833 1308 lepra
860 1267 1001 1305 utraque
1026 1260 1136 1305 passio
1164 1260 1206 1291 ab
1241 1253 1452 1303 asperitate²8
1479 1255 1561 1289 cutis
1596 1265 1673 1288 cum
1701 1252 1828 1298 pruritu
1856 1258 1888 1285 et
1900 1248 1924 1268 ²⁹
1957 1263 2147 1295 squamma-

196 1325 304 1362 tione,
326 1320 386 1354 sed
415 1315 556 1353 scabies'
602 1315 706 1349 tenuis
733 1314 891 1360 asperitas
918 1319 949 1346 et
970 1310 1189 1356 squammatio
1213 1316 1268 1343 est.

1322 1310 1410 1342 Hinc
1438 1307 1582 1351 denique
1608 1317 1731 1338 nomen
1750 1305 1898 1348 accepit,
1926 1300 2042 1347 quaea'
2067 1300 2149 1336 ita³²

196 1373 298 1409 veluti
325 1374 548 1418 purgamenta
576 1369 704 1402 amittat
714 1363 748 1400 ³³.
802 1366 889 1399 Nam
915 1365 1040 1399 scabies
1067 1362 1161 1407 quasi
1187 1362 1350 1405 squamies
1361 1357 1396 1394 ³¹.

364 1423 422 1456 ll.
474 1423 588 1465 Lepra
614 1430 695 1453 vero
723 1418 880 1462 asperitas
915 1413 1034 1450 cutis-³⁵
1068 1426 1279 1458 squammosa
1312 1411 1447 1456 lepidae
1459 1407 1484 1427 ³⁶
1517 1409 1646 1443 herbae
1681 1407 1812 1451 similis,
1853 1405 1942 1439 unde
1970 1410 2001 1439 et
2028 1417 2150 1439 nomen

199 1475 355 1521 sumpsit:
383 1474 473 1508 cuius
498 1473 592 1507 color
615 1482 703 1505 nuuc
725 1471 758 1503 in
785 1467 996 1513 nigredinem
1009 1464 1034 1483 ³⁷
1057 1467 1209 1507 vertitur,
1238 1476 1326 1498 nunc
1350 1465 1381 1496 in
1406 1462 1577 1503 alborem,
1613 1471 1700 1493 nunc
1726 1460 1760 1492 in
1786 1458 1955 1492 ruborem.
2010 1457 2048 1490 In
2074 1468 2151 1492 cor-

200 1570 253 1599 des
268 1569 350 1606 vulg.
366 1583 405 1589 —
424 1571 450 1602 1)
465 1566 624 1604 Allopiczssa
639 1565 697 1593 Gu.
719 1568 744 1595 1.
761 1567 789 1595 2.
806 1566 833 1595 3.
851 1572 896 1601 pr.
915 1571 962 1589 va.
980 1577 1017 1581 —
1042 1559 1070 1599 2)
1095 1561 1155 1588 cir-

202 1612 366 1650 cumseptis
382 1609 418 1638 al.
440 1625 482 1631 --
511 1611 539 1646 3)
563 1608 741 1646 alluph-iam
762 1607 817 1634 Gu.
842 1608 867 1635 1.
886 1607 913 1636 2.
928 1605 957 1635 3.
982 1613 1027 1642 pr.
1046 1612 1092 1630 va.
1115 1618 1156 1623 -—

202 1657 231 1696 4)
255 1655 304 1685 Sic
328 1654 383 1681 Gu.
406 1656 432 1683 1.
456 1654 484 1682 2.
505 1653 533 1683 3.
556 1661 602 1690 pr.
625 1660 672 1679 va.
693 1650 729 1678 al.
759 1665 800 1671 —
832 1645 994 1675 Proetides
1012 1645 1093 1682 vulg.
1115 1660 1158 1667 .-

203 1699 233 1739 5)
258 1697 385 1725 durities
402 1694 439 1723 al.
462 1710 504 1716 —
528 1694 558 1730 6)
582 1693 631 1721 Sic
648 1694 703 1720 Gu.
720 1695 745 1724 1.
766 1702 811 1731 pr.
828 1701 875 1718 va.
895 1690 933 1718 al.
957 1705 998 1710 —
1029 1688 1076 1715 vel
1095 1687 1157 1715 ulio

204 1741 286 1778 vulg.
300 1754 342 1761 -—-
354 1739 384 1774 7)
395 1738 549 1765 vicinitate
564 1747 609 1775 pr.
625 1745 670 1763 va.
689 1737 738 1765 Ar.
759 1736 836 1770 —8)
855 1733 902 1760 Sic
918 1733 974 1760 Gu.
988 1733 1016 1762 1.
1027 1733 1054 1761 2.
1072 1731 1100 1761 3.
1120 1730 1157 1757 al.

205 1795 251 1824 pr.
269 1792 314 1811 va.
334 1782 381 1809 Ar.
404 1779 521 1818 (graece
539 1778 699 1806 auriculae
716 1777 886 1810 (licuntur.)
916 1790 957 1795 —-
991 1770 1020 1813 9)
1042 1778 1083 1800 est
1101 1783 1157 1801 om.

204 1828 255 1856 Ar.
278 1842 312 1846 ——
339 1824 385 1861 10)
407 1821 594 1851 rotunditate
614 1822 670 1851 Gu.
687 1824 712 1852 1.
731 1823 759 1852 2.
782 1835 822 1840 —-
852 1820 895 1856 ll)
922 1816 960 1846 (ιῖ)
985 1825 1040 1854 pro
1063 1826 1082 1843 α
1101 1816 1156 1843 Gu.

208 1873 235 1900 1.
251 1871 280 1900 2.
301 1877 347 1895 va.
368 1882 410 1888 —-
435 1865 480 1905 12)
503 1865 655 1903 Resipila
681 1865 737 1893 Gu.
760 1865 787 1893 1.
810 1878 852 1883 —
875 1858 1029 1897 Ercsipila
1049 1859 1104 1885 Gu.
1129 1861 1156 1889 2.

207 1915 234 1944 3.
257 1927 299 1934 -
323 1909 473 1946 Frisipila
490 1919 535 1936 va.
551 1924 588 1929 -—
615 1906 658 1945 13)
680 1907 727 1934 Sic
745 1906 801 1935 Gu.
816 1907 840 1935 1.
853 1906 882 1935 2.
901 1919 942 1924 —-
966 1911 1060 1940 quam
1076 1900 1157 1937 vulg.

207 1971 249 1977 —-
271 1952 316 1989 14)
328 1952 378 1979 Sic
395 1953 487 1982 Gu.1.
502 1948 657 1988 al,(cute.s=)
681 1949 765 1986 Vulg.
790 1946 1055 1984 ruborcflummeo
1076 1949 1158 1971 cute-5

209 1996 378 2025 rubescant.
410 1993 474 2022 Hoc
498 1993 605 2021 retinet
634 1992 703 2029 Aru,
740 1991 797 2019 nisi
819 1989 902 2028 quod
924 1989 1003 2015 culis
1030 1986 1158 2014 rubescit

209 2038 338 2069 exhibet.
362 2052 405 2059 —-
438 2037 484 2073 15)
508 2041 588 2063 moto
614 2035 669 2064 Gu.
685 2037 713 2065 2.
734 2044 779 2073 pr.
802 2043 847 2060 va.
868 2032 916 2060 Ar.
939 2046 980 2052 —-
1003 2029 1099 2057 multo
1123 2028 1158 2057 al.

209 2098 252 2105 ·—-
273 2079 316 2121 16)
333 2081 475 2118 formam
493 2079 549 2106 Gu.
565 2081 591 2108 1.
613 2093 655 2098 —
688 2076 732 2115 17)
755 2076 804 2103 Sic
829 2075 884 2103 Gu.
905 2077 932 2105 1.
954 2089 995 2094 —
1025 2072 1159 2110 appella!

210 2124 291 2163 vulg.
308 2141 345 2145 —
371 2126 417 2158 18)
433 2127 474 2149 est
488 2120 589 2150 addidi
606 2130 620 2148 e
634 2120 691 2147 Gu.
710 2121 735 2149 1.
756 2135 789 2139 —
815 2123 922 2145 vocula
939 2120 979 2143 est
995 2115 1051 2143 Gu.
1066 2116 1094 2144 2.
1115 2124 1159 2141 va.

213 2185 247 2190 —
271 2165 315 2205 19)
334 2163 502 2204 pruriendo
519 2164 605 2192 al.—
626 2161 671 2200 ΞΟ)
689 2161 736 2189 Sic
746 2162 802 2191 (ἆυ.
821 2163 886 2191 1.2.
901 2161 928 2190 3.
942 2168 987 2197 pr.
998 2167 1043 2185 va.
1061 2157 1160 2184 Ar.—

217 2208 482 2241 Νυκταλωπία
504 2206 584 2243 vulg.
607 2221 649 2226 —
679 2203 837 2243 Praeponil
855 2206 952 2230 autem
969 2201 1025 2228 (ἆυ.
1044 2201 1072 2230 2.
1098 2199 1159 2227 01--

215 2252 327 2281 declus.
351 2250 533 2288 Άζιειαῖηιιω
553 2248 688 2286 sequitur
706 2251 775 2285 post
797 2247 908 2283 Lepra.
932 2259 974 2265 —
1004 2245 1048 2276 21>
1073 2251 1158 2280 quem

216 2297 274 2325 Gu.
289 2298 318 2326 1.
349 2293 397 2323 Sic
418 2292 496 2321 idem
519 2290 584 2320 cod.
607 2291 705 2317 risum
721 2310 728 2317 .
748 2310 755 2318 .
774 2311 781 2319 .
805 2287 939 2325 denegat.
971 2301 1013 2306 —
1043 2287 1087 2318 ⁶22)
1112 2284 1159 2312 Sic

218 2339 274 2367 Gu.
287 2341 316 2370 2.
330 2337 381 2365 Ar.
404 2351 444 2356 —
459 2333 600 2363 rediviva
620 2333 678 2361 Gu.
693 2334 720 2362 1.
742 2347 783 2352 —·
805 2329 946 2358 redditur
961 2327 1038 2364 vulg.
1054 2343 1093 2348 —
1116 2328 1163 2363 23)

219 2380 439 2419 alplttiriasis.
462 2394 504 2400 --
527 2375 617 2405 aliud
635 2381 675 2403 est
698 2380 755 2402 sat.
774 2383 820 2403 va.
854 2389 887 2394 —-
924 2370 969 2408 24)
993 2370 1041 2397 Sic
1061 2370 1117 2399 Gu,
1134 2372 1161 2400 1.

1200 1558 1295 1588 ahva.
1319 1572 1359 1578 —
1382 1555 1568 1593 singulatim.
1591 1553 1724 1590 vulg.—
1747 1550 1793 1590 95)
1817 1552 1865 1579 Sic
1883 1552 1940 1580 Gu.
1961 1553 1986 1580 1.
2005 1553 2033 1582 2.
2052 1551 2151 1579 Ar.—

1200 1602 1266 1629 alia
1279 1599 1315 1627 al.
1341 1615 1377 1620 —
1402 1599 1458 1625 illa
1474 1596 1555 1634 vulg.
1580 1611 1617 1616 —
1644 1596 1749 1632 prima
1767 1603 1833 1629 va.,
1858 1593 1941 1631 quod
1961 1602 2064 1621 verum
2079 1603 2152 1621 een-

1201 1654 1260 1671 seo.
1284 1658 1322 1664 —
1357 1639 1404 1680 26)
1422 1641 1563 1679 pruritus
1586 1649 1619 1665 ex
1638 1637 1880 1675 squammatione
1903 1636 1962 1664 inv.
1983 1636 2021 1664 al,
2042 1652 2084 1657 —
2107 1638 2151 1670 27)

1201 1686 1289 1723 Vulg.
1313 1683 1383 1713 add.
1410 1694 1545 1722 quoque,
1569 1680 1649 1719 quod
1671 1689 1728 1707 om.
1750 1680 1888 1709 Gu.1.2.
1905 1687 1948 1715 pr.
1965 1688 2012 1707 va.
2036 1678 2085 1707 Ar.
2111 1694 2149 1700 --

1202 1728 1247 1767 98)
1272 1728 1321 1755 Sic
1339 1728 1395 1755 Gu.
1412 1729 1438 1756 1.
1463 1743 1498 1747 —
1524 1724 1676 1762 asperim-s·
1693 1732 1738 1750 va.
1762 1736 1803 1742 -
1825 1720 1871 1759 99)
1895 1725 1921 1746 et
1940 1730 1995 1758 pro
2008 1720 2086 1759 vulg.
2103 1726 2150 1748 at-

1202 1783 1257 1811 que
1272 1769 1380 1808 scripsi
1394 1779 1408 1797 e
1425 1769 1480 1796 Gu.
1499 1770 1524 1798 1.
1541 1769 1569 1798 2,
1585 1776 1631 1804 pr.
1650 1775 1695 1793 va.
1710 1765 1759 1792 Ar.
1776 1779 1817 1784 —
1828 1766 1876 1798 30)
1891 1768 1916 1790 et
1932 1763 2016 1801 lepra
2030 1763 2068 1791 al.
2082 1762 2149 1792 add,

1201 1830 1242 1836 -—
1264 1814 1313 1852 31)
1340 1810 1422 1851 qnod
1444 1811 1481 1839 al.
1504 1820 1567 1838 var.
1588 1809 1653 1836 lect.
1678 1817 1727 1846 ap.
1749 1804 1839 1834 Goth.
1865 1810 1911 1826 —‘
1932 1806 2071 1833 velociter
2095 1816 2149 1844 pro

1200 1857 1295 1885 vdua
1311 1865 1372 1884 var.
1388 1854 1456 1884 lect.
1473 1863 1520 1891 ap.
1536 1850 1625 1880 Goth.
1650 1867 1688 1872 —-
1720 1852 1768 1887 322)
1793 1850 1837 1875 ita
1852 1858 1911 1877 om.
1925 1848 1982 1879 Gu.
2001 1851 2030 1880 2.
2048 1848 2084 1878 al,
2110 1867 2148 1871 -

1199 1899 1246 1938 33)
1271 1899 1319 1927 Sic
1340 1899 1395 1926 Gu.
1416 1900 1444 1928 2.
1465 1897 1514 1924 Ar.
1537 1911 1578 1915 —
1600 1892 1746 1921 admittat
1766 1891 1845 1929 vulg.
1878 1906 1920 1911 —-
1957 1892 2003 1926 34)
2025 1891 2150 1919 scamiee

1202 1942 1258 1970 Gu.
1278 1945 1304 1973 1.
1318 1943 1346 1972 2.
1372 1956 1405 1960 -
1430 1937 1613 1977 squammies
1625 1937 1674 1964 Ar.
1696 1952 1729 1956 —
1751 1932 1800 1974 35)
1810 1934 1858 1962 Sic
1872 1933 1930 1961 Gu.
1943 1936 1970 1964 1.
1983 1935 2014 1965 2.
2031 1950 2071 1956 —
2092 1944 2150 1961 cu...

1200 1987 1241 2013 tis
1262 1994 1355 2022 asper.
1377 1982 1455 2020 vulg.
1484 1996 1526 2002 —-
1557 1980 1605 2018 36)
1628 1977 1767 2016 czlaepidae
1789 1977 1826 2004 al.
1844 1992 1887 1998 —
1909 1975 2024 2015 alepidi
2048 1976 2085 2004 al.
2109 1995 2147 1999 -

1201 2026 1296 2066 lepida*
1316 2025 1427 2053 similis
1450 2023 1498 2052 Ar.
1525 2040 1559 2043 —
1584 2021 1632 2059 37)
1655 2019 1874 2059 nigritudinem
1897 2018 1934 2049 al.
1958 2035 2000 2040 —
2028 2019 2077 2055 38)
2099 2019 2149 2048 Sic

1203 2072 1260 2099 Gu.
1282 2073 1308 2100 1.
1333 2084 1370 2089 —
1394 2067 1450 2096 col.
1472 2065 1535 2094 α’ίυ.
1557 2064 1636 2102 vulg.
1658 2081 1695 2085 ——
1719 2063 1767 2100 39)
1790 2062 1901 2100 ubique
1920 2072 1951 2088 se
1969 2071 2013 2090 va.
2035 2076 2076 2082 —
2099 2061 2148 2100 40)

1203 2112 1338 2140 ‹ululleri
1353 2111 1408 2138 Gu.
1423 2113 1450 2141 2.
1466 2119 1511 2147 pr.
1534 2118 1583 2136 va.
1612 2124 1647 2128 —
1675 2106 1723 2142 41)
1748 2105 1794 2133 Sic
1816 2105 1871 2133 Gu.
1887 2106 1916 2134 2.
1932 2105 1959 2134 3.
1974 2113 2020 2143 pr.
2035 2113 2084 2133 va.
2110 2122 2146 2126 -

1203 2154 1445 2193 ΕΙιΡΙιαιιλίιωαε
1462 2152 1519 2179 Gu.
1540 2147 1567 2181 1.Ι
1591 2166 1627 2171 -
1652 2148 1881 2187 Elepllantiasis
1894 2146 1974 2184 vulg.
1995 2161 2036 2168 -—·
2057 2144 2107 2186 42)
2129 2157 2149 2174 a

1200 2209 1255 2238 pro
1278 2197 1357 2234 vulg.
1380 2206 1413 2222 ex
1436 2194 1542 2232 scripsi
1564 2203 1578 2221 e
1595 2193 1649 2220 (ἆυ.
1670 2195 1694 2222 l.
1719 2207 1759 2213 —
1781 2188 1828 2230 43)
1853 2189 1902 2217 Sic
1918 2188 1974 2218 Gu.
1991 2191 2017 2220 1.
2033 2198 2079 2217 va.
2098 2189 2146 2218 Ar.

1200 2258 1242 2263 ..-
1260 2239 1412 2278 elephanti
1434 2237 1514 2274 vulg.
1536 2252 1578 2257 —
1600 2236 1645 2268 44)
1667 2234 1714 2262 Sic
1729 2234 1786 2262 Gu.
1803 2235 1829 2263 1.
1844 2235 1871 2264 2.
1884 2248 1927 2253 —
1944 2230 2027 2258 ‹lm-a
2042 2236 2070 2258 et
2084 2241 2148 2270 asp.

1195 2283 1288 2322 pellis
1302 2281 1382 2318 vulg.
1407 2298 1444 2302 -
1469 2282 1512 2311 45)
1539 2278 1588 2305 Sic
1611 2277 1666 2305 Gu.
1685 2280 1713 2308 1.
1730 2293 1768 2299 —
1781 2285 1860 2312 corp.
1875 2274 1990 2312 supetfi
2007 2273 2086 2312 vulg,
2109 2289 2150 2297 ..-

1201 2328 1246 2359 46)
1273 2326 1384 2353 Graece
1456 2321 1630 2360 appellatur
1642 2320 1692 2348 Ar.
1705 2335 1744 2341 —
1756 2316 1802 2356 47)
1826 2318 1874 2345 Sic
1893 2318 1951 2346 Gu.
1969 2319 1995 2347 1.
2013 2334 2051 2340 -—
2067 2315 2152 2355 quod

1202 2368 1283 2406 vulg.
1306 2383 1347 2389 —
1369 2366 1417 2403 43)
1434 2366 1524 2402 sellis
1540 2365 1588 2392 Ar.
1613 2379 1649 2385 —
1670 2362 1763 2400 fellei
1785 2358 1820 2390 id
1833 2366 1875 2388 est
1889 2360 1973 2398 nigri
1987 2358 2024 2388 al.
2042 2363 2071 2388 et
2085 2369 2148 2400 var.
