2255 2819
248 103 323 138 346

940 105 1118 140 ISIDORI
1144 106 1323 141 HISPAL.
1350 108 1495 145 EPISC.

411 196 498 231 251.
552 193 754 231 Simulator¹
785 207 804 228 a
831 196 1022 240 simulacro,
1056 196 1173 242 quod²
1198 206 1306 247 gestat
1332 202 1577 237 similitudinem
1610 205 1695 246 eius,
1722 205 1816 249 quod
1843 217 1909 239 non
1935 212 1983 241 est
2009 209 2090 254 ipse.

349 247 514 292 Suam-³,
541 250 572 282 in
600 260 691 281 suam
719 253 840 280 sortem
867 249 1002 283 trahens
1029 251 1110 284 alios
1121 249 1144 285 ⁴.

413 301 497 334 252.
552 296 799 344 Scrupulosus⁵

826 301 924 333 animi
952 301 1068 334 minuti
1092 307 1124 335 et
1154 305 1262 348 asperi
1274 301 1294 337 Β.

1349 301 1508 348 Scrupo⁷
1535 307 1621 339 enim
1650 304 1721 339 estfl
1747 319 1847 341 arena
1874 309 1997 343 durior.

350 353 540 396 Sacrilegus
567 351 688 384 dicitur
711 352 752 384 ab
781 363 841 393 eo,
868 353 961 396 quod
986 364 1078 387 sacra
1105 354 1204 398 legit,
1229 356 1264 388 id
1293 361 1340 390 est
1368 356 1505 389 furatur.

349 404 492 437 Sicarius
519 400 699 446 vocatur⁹‚
726 403 781 447 qui
794 400 817 420 ¹⁰
844 405 888 436 ad
914 405 1179 450 perpetrandum
1207 408 1312 441 scelus
1338 407 1411 439 telis
1435 412 1577 441 armatus
1605 414 1662 443 est.

249 456 393 490 secando
420 460 567 489 vocatus.

248 558 285 590 lis
312 558 421 592 animi.

348 609 527 650 Scenicus,
554 608 611 651 qui
639 609 670 640 in
693 607 825 641 theatro
854 610 933 653 agit.

347 661 484 701 Scorta,
508 672 594 704 quae
621 672 640 692 a
668 660 807 693 Graecis
820 657 842 676 ¹³

410 711 495 746 254.
549 712 714 755 SpurcuS‚
738 711 830 754 quod
855 712 894 744 sit
920 713 1078 756 impurus.

348 763 556 804 Scelerosus,
590 763 681 806 quod
705 760 778 795 εἱιη

246 815 447 853 scelerosus,
474 826 573 858 quam
600 815 786 848 sceleratus.

410 865 494 898 255.
549 867 647 898 Sator
674 867 868 908 seminator,
895 866 950 899 vel
976 865 1106 910 pater²⁰

246 968 399 1015 pellatos.
455 969 550 1001 Idem
563 965 587 985 ²⁴
615 969 755 1009 assecla,
783 981 801 1001 a
829 969 1009 1012 sequendo.

804 764 982 797 sceleribus
1009 766 1146 809 plenuS‚
1185 770 1220 799 ut
1247 766 1420 811 lapidosus
1447 767 1541 800 locus
1564 770 1596 798 et
1619 778 1774 800 arenosus
1786 764 1818 800 ¹3.

1715 409 1793 444 Sica
1821 412 1908 444 enim
1935 412 2071 457 gladius
2100 418 2148 447 est
2168 426 2187 446 a

411 505 496 538 253.
549 502 727 539 Scaevus¹¹
757 506 882 539 sinister
908 512 1007 551 atque
1037 520 1221 553 pe1·versuS‚
1248 507 1321 544 α’πό
1344 510 1411 544 τοῦ
1438 507 1606 546 σκαιοῦη.
1647 512 1708 545 Est
1735 513 1821 546 enim
1849 514 1981 558 pessimi
2005 520 2038 548 et
2064 514 2187 550 crude-

988 610 1174 644 Theatrum
1201 612 1286 652 enjm
1314 624 1410 646 scena
1439 618 1495 645 est.

871 658 1010 708 σκύτηΗ
1037 668 1196 696 vocantur
1208 661 1246 696 ¹⁵:
1268 661 1369 707 quoni
1396 664 1600 698 ‹lesi-icantur
1622 664 1747 708 pelles,
1775 667 1896 710 quibus
1923 665 2114 709 corruptela
2141 665 2186 698 fit.

1871 768 1951 802 Plus
1978 772 2026 801 est
2047 772 2155 801 autem
2166 763 2188 783 ¹⁹

1133 879 1151 899 a
1178 868 1312 901 semine.

348 917 486 957 Scurra,
521 918 576 960 qui
610 918 727 951 sectari
761 918 952 961 quempiam
979 915 1095 951 solet²¹
1125 920 1191 953 cibi
1220 919 1337 964 gratia.

1396 921 1425 952 A
1453 919 1625 963 sequendo
1659 919 1737 953 inde
1764 920 1866 965 igitur
1879 916 1904 936 ²²
1932 930 2059 953 scurras
2070 916 2095 936 ²³
2125 931 2188 964 ap-

350 1020 508 1061 Satelles‚
539 1020 630 1063 quod
659 1020 840 1053 adhaereat
868 1021 975 1061 alteri,
1009 1022 1077 1054 sive
1103 1034 1122 1054 a
1150 1022 1259 1054 lateris
1283 1021 1444 1054 custodia.

410 1070 495 1105 256.
547 1071 730 1111 Suffectus,
765 1072 797 1103 in
832 1072 910 1105 loco
938 1072 1070 1106 alterius
1097 1074 1307 1117 suppositus,
1340 1074 1432 1116 quasi
1461 1071 1630 1106 suffactus.

246 1127 336 1156 ctum
363 1123 502 1155 dicimus
529 1135 622 1164 eum,
650 1124 707 1166 qui
733 1134 796 1167 pro
824 1123 890 1155 alio
917 1124 1130 1160 substituitur.

1699 1072 1801 1105 Unde
1828 1076 1860 1105 et
1886 1073 2058 1106 consulem
2085 1071 2189 1106 suffe-

409 1181 494 1216 257.
547 1182 737 1223 Secundus,
782 1182 860 1224 quia
892 1193 986 1215 secus
1021 1183 1142 1227 pedes:
1178 1188 1211 1216 et
1245 1188 1366 1215 tractus
1395 1188 1442 1215 est
1476 1194 1583 1215 sermo
1617 1195 1636 1215 a
1663 1181 1874 1226 sequentibus
1907 1183 2006 1216 servis
2037 1182 2190 1226 pedisse-

245 1245 325 1278 quis.

245 1296 297 1317 res
321 1285 506 1325 secundae,
532 1284 567 1316 id
595 1289 642 1317 est
668 1295 861 1328 prosperae.

378 1233 479 1266 Unde
509 1240 541 1266 et
567 1234 713 1266 secunda
742 1232 875 1265 fortuna
902 1233 1041 1273 dicitur,
1072 1235 1149 1277 quia
1161 1232 1185 1251 ²⁵
1213 1234 1395 1267 secundum
1423 1245 1482 1266 nos
1511 1239 1574 1274 est,
1602 1234 1636 1266 id
1663 1239 1710 1267 est
1737 1245 1847 1279 prope
1872 1245 1942 1269 nos.

915 1285 1093 1318 Secundae
1120 1290 1230 1317 autem
1258 1297 1276 1317 a
1304 1285 1475 1328 sequendo
1510 1290 1582 1317 sunt
1609 1285 1728 1317 dictae.

1996 1233 2097 1266 Unde
2107 1231 2132 1251 ²⁶
2159 1239 2191 1267 et

410 1343 494 1378 258.
547 1344 734 1389 Stipulator
760 1345 950 1387 promissor.
993 1342 1187 1390 Stipulari²⁷
1214 1346 1300 1377 enim
1327 1345 1522 1389 promittere
1551 1349 1613 1385 est,
1642 1355 1681 1377 ex
1706 1344 1815 1377 verbis
1841 1343 2113 1388 iurisperitorum,
2133 1344 2191 1387 qui

246 1395 344 1428 etiam
372 1396 529 1439 stipulum
556 1397 688 1428 firmum
713 1396 970 1440 appellaverunt
981 1393 1015 1429 ²¹⁸.

412 1446 495 1480 259.
549 1447 655 1480 Sanus
683 1460 702 1480 a
728 1448 907 1491 sanguine,
935 1448 1012 1490 quia
1040 1449 1107 1481 sine
1132 1448 1264 1492 pallore
1292 1452 1348 1480 est.

347 1497 473 1542 Sospes
483 1495 507 1515 ²⁹
528 1500 558 1532 *.

348 1546 479 1581 Salus³³⁰
505 1562 524 1582 a
551 1549 619 1581 sale
646 1560 767 1581 nomen
793 1549 962 1593 accepisse
985 1554 1130 1594 putatur.

350 1600 486 1633 Subtilis
510 1602 551 1634 ab
580 1601 810 1633 extenuatione
838 1600 953 1634 dictus.

413 1651 497 1686 260.
550 1652 728 1695 Sequester
754 1652 892 1692 dicitur,
927 1651 983 1695 qui
1018 1650 1218 1685 certantibus
1252 1648 1381 1682 medius
1418 1647 1609 1687 intervenit,
1647 1647 1702 1690 qui
1738 1647 1829 1691 apud
1858 1646 2010 1680 Graecos
2037 1645 2057 1681 ὁ
2083 1647 2190 1691 μέσος

250 1700 390 1743 dicitur,
428 1703 520 1748 apud
554 1715 655 1747 quein
690 1703 835 1748 pignora
873 1703 999 1748 deponi
1034 1703 1149 1735 solent.

1209 1696 1347 1742 ρυοιί31
1374 1699 1576 1733 vocabulum
1612 1698 1655 1731 ab
1687 1697 1905 1742 obsequendo
1918 1695 1943 1715 ³²
1977 1698 2104 1732 sactum
2131 1703 2190 1739 est,

250 1753 344 1794 quod
372 1754 458 1796 eius,
490 1755 546 1798 qui
570 1756 694 1788 electus
721 1756 776 1797 sit,
805 1760 944 1799 utraque
972 1766 1048 1799 pars
1074 1754 1179 1786 fidem
1204 1756 1367 1796 sequatur.

335 1860 364 1901 1)
388 1861 503 1891 dicitur
531 1865 599 1893 add.
629 1864 726 1902 vulg,
764 1864 844 1901 quod
871 1875 927 1893 om.
960 1865 1016 1892 Gu.
1037 1867 1064 1895 1.
1095 1879 1136 1885 --
1167 1859 1198 1902 2)

252 1901 335 1941 quod
350 1904 450 1933 addidi
467 1916 481 1934 e
495 1907 550 1936 Gn.
570 1910 595 1937 1.
615 1925 651 1928 —
670 1907 755 1944 Vulg.
772 1909 878 1935 Gestat
901 1908 1038 1936 enim.-
1061 1905 1095 1944 3)
1110 1906 1198 1941 Vulg.

253 1945 320 1974 add.
343 1945 506 1985 decipiam,
539 1949 574 1976 id
594 1955 653 1985 est,
684 1960 759 1987 quae
784 1960 840 1978 om.
865 1951 922 1978 Gu.
944 1953 970 1980 1.
994 1964 1035 1970 —·
1065 1949 1096 1987 4)
1119 1949 1200 1976 αἶίϋὸ·

253 1986 354 2016 addidi
377 1999 391 2017 e
409 1991 463 2019 Gu.
482 1993 507 2020 1.
532 2009 568 2012 —
593 1993 624 2029 5)
649 1991 812 2020 Studio-ms
917 1994 1024 2030 Scrup.
1040 1991 1089 2020 Ar.
1107 2008 1143 2012 -
1168 1988 1198 2029 6)

253 2034 296 2056 est
318 2029 385 2058 add.
409 2032 503 2063 Gu.1.
528 2050 566 2055 —
590 2037 617 2070 7)
643 2035 777 2072 Scrupus
801 2035 849 2063 Ar.
875 2051 910 2059 ·-·
937 2036 1068 2072 Scrupor
1092 2043 1139 2061 va.
1159 2049 1197 2055 0-

254 2074 280 2105 8)
305 2077 347 2099 est
370 2074 447 2100 enim
470 2075 524 2103 Gu.
541 2078 569 2106 2.
594 2086 638 2114 pr.
653 2086 698 2104 va.
716 2093 756 2098 —-
778 2076 807 2116 9)
832 2084 957 2105 vocatus
981 2078 1037 2105 Gu.
1047 2080 1076 2108 2.
1100 2092 1132 2096 -
1156 2079 1199 2109 10)

255 2115 330 2152 quia
354 2124 399 2143 va.
431 2132 471 2136 ——
506 2117 549 2155 11)
573 2118 622 2146 Sic
640 2120 696 2147 Gu.
715 2122 738 2148 1.
754 2122 782 2149 2.
806 2130 851 2157 pr.
875 2131 922 2150 va.
946 2120 997 2148 Ar.
1020 2134 1062 2140 --
1086 2119 1202 2145 Saevus

254 2157 335 2194 vulg.
352 2173 394 2178 —-
418 2157 464 2195 12)
489 2158 601 2186 Graeca
624 2160 725 2188 addidi
742 2171 755 2188 c
774 2162 829 2190 Gn.
849 2164 874 2192 1.
888 2165 917 2193 2.
934 2164 962 2191 3-
978 2161 1029 2189 Ar.
1051 2175 1091 2185 -—-
1116 2161 1201 2197 Vulg.

255 2209 310 2237 pro
334 2199 455 2228 Graecis
478 2200 599 2229 exbibet
613 2212 632 2228 α
650 2205 860 2240 perversitate,
885 2204 965 2242 quod
981 2203 1103 2232 Graecis
1121 2203 1204 2231 addit

1243 1863 1286 1898 17)
1309 1861 1364 1890 Vv.
1380 1858 1462 1899 quod
1475 1861 1515 1887 sit
1532 1869 1590 1888 om.
1606 1858 1661 1886 Gu.
1676 1861 1700 1888 1.
1715 1873 1757 1879 —-
1776 1855 1822 1897 18)
1838 1862 1871 1885 ut
1887 1856 1984 1895 lapid.
2003 1864 2029 1886 et
2042 1869 2122 1887 aren.
2139 1860 2190 1887 lo-

1243 1915 1299 1932 cus
1314 1905 1370 1932 Gu.
1382 1906 1411 1935 2.
1422 1920 1456 1924 -
1473 1902 1519 1939 19)
1536 1903 1612 1929 enim
1623 1901 1766 1932 Gu.1.—
1782 1900 1840 1928 Vv.
1851 1900 1930 1928 Plus
1946 1910 2038 1941 usque
2050 1901 2087 1930 ad
2102 1901 2190 1932 finem

1243 1957 1302 1976 oni.
1320 1947 1417 1976 Gu.2.
1439 1960 1479 1966 —-
1500 1944 1548 1980 20)
1567 1949 1651 1971 sator
1667 1943 1724 1972 Gu.
1742 1945 1768 1975 1.
1787 1961 1825 1965 -—
1848 1943 1895 1980 21)
1910 1942 1958 1971 Sic
1981 1944 2037 1972 Gu.
2054 1946 2081 1976 1.
2096 1946 2125 1975 2,
2142 1953 2189 1982 pr.

1243 2000 1290 2019 va.
1316 2007 1354 2011 -
1380 1987 1467 2025 Vulg.
1484 1988 1557 2014 solet
1572 1996 1685 2026 queml).
1708 2001 1749 2007 —
1771 1984 1818 2024 22)
1835 1985 1883 2013 Sic
1907 1985 1965 2015 Gu.
1983 1989 2010 2017 1.
2033 2002 2066 2006 —
2090 1987 2189 2023 igitur

1243 2031 1311 2060 inde
1326 2041 1374 2071 pr.
1388 2040 1434 2059 Va.
1453 2029 1502 2057 Ar.
1526 2045 1567 2050 —-
1593 2030 1690 2067 igilur
1705 2038 1813 2056 scurra
1828 2026 1897 2055 inde
1916 2028 1971 2057 Gu.
1990 2030 2020 2060 2.
2044 2044 2080 2048 —
2106 2027 2190 2066 Vulg.

1243 2085 1311 2113 ergo
1327 2072 1404 2101 inde.
1430 2089 1461 2092 —
1489 2073 1536 2108 23)
1551 2077 1667 2099 constat
1681 2071 1749 2100 add.
1766 2070 1862 2108 vulg.‚
1880 2069 1961 2108 quod
1976 2080 2035 2099 om.
2052 2070 2108 2099 Gu.
2120 2073 2146 2101 1.
2159 2072 2189 2101 2.

1244 2134 1285 2141 ...-
1307 2125 1413 2144 scurra
1429 2114 1602 2152 appellatas
1617 2114 1716 2142 Ar.—
1729 2113 1775 2150 24)
1790 2110 1825 2140 id
1836 2118 1878 2140 cst
1892 2112 1948 2140 Gu.
1960 2115 1985 2143 1.
1998 2129 2039 2134 -—
2053 2113 2100 2149 25)
2115 2113 2189 2151 quia

1245 2170 1301 2198 pro
1315 2156 1397 2197 quod
1412 2157 1468 2185 Gu.
1478 2161 1504 2188 1.
1516 2174 1554 2178 ——
1569 2158 1642 2195 quia
1657 2166 1741 2184 secus
1760 2165 1806 2184 va.
1828 2171 1870 2176 -—
1890 2157 1935 2191 26)
1954 2154 2033 2183 unde
2047 2165 2103 2193 pro
2119 2153 2189 2182 inde

1248 2202 1302 2231 Gu.
1320 2205 1347 2231 1.
1365 2216 1403 2221 -—
1433 2198 1516 2227 Umle
1531 2209 1625 2237 usque
1638 2199 1676 2228 ad
1694 2198 1781 2226 finem
1797 2207 1853 2226 om.
1874 2197 1930 2226 Gu.
1944 2200 1972 2228 2.
1988 2213 2029 2218 —
2049 2195 2096 2235 27)
2120 2197 2187 2224 Sti-

257 2241 313 2269 Gu.
330 2243 358 2272 2.
383 2242 498 2271 Graeca
516 2253 583 2272 cum
605 2243 650 2271 his
668 2244 779 2272 Latinis
795 2257 851 2274 om.
867 2257 910 2284 pr.
925 2257 973 2276 va.
996 2261 1038 2266 —
1061 2244 1105 2284 13)
1129 2256 1201 2283 quo-
1239 2244 1350 2283 palare
1366 2243 1417 2270 Ar.
1439 2258 1480 2264 —
1503 2242 1547 2280 28)
1572 2242 1627 2271 Vv.
1652 2243 1704 2280 qui
1718 2241 1808 2268 etiam
1822 2240 1972 2277 stipulam
1986 2240 2114 2276 firmum
2130 2249 2188 2277 ap-

259 2293 314 2320 que
336 2283 403 2313 add.
419 2286 514 2317 Gu.2.
530 2296 574 2314 va.
594 2286 644 2314 Ar.
665 2302 707 2307 —
732 2285 775 2325 14)
799 2288 848 2315 Sic
865 2290 920 2317 Gu.
937 2292 962 2320 1.
977 2290 1046 2319 23.
1061 2288 1087 2317 4.
1104 2298 1200 2317 va.—·
1237 2287 1427 2325 pellaverwzt
1445 2284 1547 2313 addidi
1563 2295 1577 2313 e
1595 2284 1650 2312 Gu.
1669 2286 1697 2314 1.
1716 2282 1767 2311 Ar.
1790 2282 1850 2311 cfr.
1867 2282 1887 2310 l.
1905 2282 1937 2317 V,
1952 2281 2001 2316 24,
2018 2282 2067 2311 30.
2085 2296 2126 2302 -
2139 2278 2187 2319 29)

259 2322 368 2355 σκύτεσι
387 2327 469 2365 vulg.
491 2345 532 2349 —
556 2328 601 2366 15)
627 2334 753 2356 vocatur
776 2329 831 2358 Gu,
850 2332 893 2363 1.‚
917 2331 995 2358 unde
1020 2330 1123 2368 scripsi
1147 2341 1199 2358 110-
1243 2329 1330 2366 Vulg.
1354 2327 1420 2355 add.
1441 2328 1554 2355 salutis
1575 2327 1694 2365 hospes,
1730 2334 1803 2363 quae
1826 2334 1883 2352 om.
1906 2324 1961 2352 Gu.
1981 2325 2004 2352 1.
2022 2324 2050 2352 2.
2074 2333 2119 2362 pr.
2140 2333 2186 2351 va.

259 2373 378 2398 cantur.
392 2386 432 2390 —
455 2368 542 2409 vulg.
557 2371 753 2401 vocabantur.
775 2387 817 2393 —-
840 2372 887 2409 16)
905 2371 987 2410 quod
1003 2372 1059 2402 Gu.
1078 2376 1103 2403 1.
1117 2375 1145 2404 2.
1159 2389 1198 2394 —
1242 2370 1343 2410 (etiam
1361 2372 1466 2407 Sospes
1483 2368 1552 2408 om.)
1575 2385 1616 2390 —-
1637 2366 1685 2408 30)
1709 2367 1789 2396 Hanc
1805 2367 1932 2404 glossam
1948 2375 2004 2393 om.
2021 2365 2076 2393 Gu.
2091 2367 2121 2396 2.
2139 2375 2185 2405 pr.
