2203 2829
173 88 250 125 138

869 87 1049 123 lsmom
1074 87 1256 122 HISPAL.
1283 86 1429 124 EPISC.

338 181 374 215 4.
427 181 574 227 Sanguis
601 191 642 214 ex
668 179 803 214 Graeca
828 182 1038 228 etymologia
1064 182 1267 216 vocabulum
1294 182 1454 227 sumpsit,
1488 182 1582 226 quod
1616 187 1752 228 vegetet
1777 189 1811 217 et
1837 189 1992 220 sustentet
2020 192 2052 220 et
2078 189 2129 222 vi-

175 231 267 271 vat‘.

174 286 337 327 fellicula,
364 285 532 319 nominata
547 282 577 326 ³,
603 283 673 318 hoc
700 288 766 325 est,
792 285 879 319 fellis
906 285 1036 320 effusio.

321 230 532 268 Choleram²
559 232 683 267 Graeci
709 238 930 275 vocaverunt,
953 234 1048 278 quod
1075 235 1168 268 unius
1196 234 1263 267 diei
1290 235 1406 279 spacio
1433 235 1646 275 terminetur,
1675 234 1764 269 unde
1791 240 1824 269 et
1852 236 1986 278 colera,
2023 239 2058 272 id
2086 244 2134 273 est

1090 287 1216 321 Graeci
1242 286 1327 319 enim
1355 285 1402 318 fel
1429 283 1537 333 χολήν
1565 286 1690 320 dicunt.

338 343 374 382 5.
427 344 658 378 Melancholia
683 343 792 388 dicta,
826 357 867 380 eo
893 345 988 390 quod
1015 346 1055 380 sit
1089 358 1130 380 ex
1157 347 1245 393 nigri
1270 342 1460 391 sanguinis⁴
1490 346 1567 381 fece
1594 347 1741 381 admixta
1773 345 1999 381 abundantia⁵
2032 348 2135 384 fellis.

175 397 300 432 Graeci
329 397 416 430 enim
441 397 555 442 μέλαν
582 395 717 441 nigrum
743 403 882 440 vocant,
909 398 957 431 fel
984 403 1096 432 autem
1123 395 1232 446 χολήν
1259 398 1445 444 appellant.

340 455 374 492 6.
427 456 572 501 Sanguis
592 456 712 490 Latine
739 455 921 500 vocatur⁶,
947 458 1042 502 quod
1068 458 1175 492 suavis
1201 455 1284 500 sit⁷‚
1311 458 1401 492 unde
1428 462 1462 491 et
1484 456 1654 500 homines,
1689 459 1810 502 quibus
1841 458 2032 493 dominatur
2057 471 2135 494 san-

175 508 269 555 guis,
295 507 412 541 dulces
438 505 501 541 ac⁸
528 508 645 541 blandi
670 513 754 543 sunt.

340 559 374 594 7.
428 556 620 604 Phlegma⁹
641 565 752 594 autem
780 560 943 603 dixerunt,
969 560 1063 604 quod
1090 561 1129 594 sit
1152 560 1285 605 frigida.
1322 560 1444 594 Graeci
1465 560 1552 594 enim
1579 561 1684 606 frigus
1702 562 1886 607 φλέγμονα
1914 559 2132 606 appellant¹⁰.

176 610 228 644 Ex
254 609 306 642 his
329 615 471 654 quatuor
498 610 695 646 humoribus
718 618 879 657 reguntur
902 612 989 652 suni,
1017 618 1051 646 et
1076 623 1117 646 ex
1140 613 1218 656 ipsis
1232 608 1254 629 ¹¹
1282 612 1460 645 laeduntur
1487 612 1618 645 infirmi.

176 666 227 694 tra
253 667 390 694 naturae
417 673 551 698 cursum
573 664 735 698 creverint
746 661 788 707 ¹²,
822 664 1048 709 aegritudines
1082 664 1217 698 faciunt.

1096 716 1149 749 Ex
1180 715 1381 761 phlegmate
1414 727 1495 750 vero
1532 720 1565 749 et
1597 715 1821 751 melancholia
1854 721 1983 750 veteres
2015 728 2134 752 causae

177 725 233 746 nes
260 718 454 756 nascuntur,
490 726 571 760 quas
604 714 727 750 Graeci
762 713 844 756 ὀξέα
859 713 881 732 ¹⁴
908 721 1038 750 vocant.

178 765 386 810 procedunt,
414 777 497 813 quas
524 766 649 801 Graeci
675 763 803 815 χρόνια
819 763 842 784 ¹⁵
870 767 994 802 dicunt.

696 859 725 895 C
753 861 784 894 A
811 861 849 895 Ρ.
904 861 961 897 vl.

1672 613 1761 645 Dum
1789 613 1875 646 enim
1904 614 2046 658 amplius
2076 625 2134 647 ex-

1272 663 1324 698 Ex
1351 664 1512 710 sanguine
1540 664 1627 696 enim
1640 660 1663 680 ¹³
1690 670 1722 697 et
1748 664 1830 698 felle
1856 670 1974 698 acutae
2001 666 2134 710 passio—

1038 860 1112 894 De
1163 861 1352 895 acutis
1404 860 1623 894 morbis.

345 933 380 967 l·
432 933 550 976 Ὀξεῖα
562 933 586 953 ¹⁶
620 941 735 973 acutus
777 937 929 981 morbus,
970 937 1027 982 qui
1070 942 1126 971 aut
1166 937 1233 971 cito
1274 938 1406 979 transit,
1449 943 1505 970 aut
1547 937 1688 971 celerius
1722 936 1892 979 interficit,
1932 944 1968 972 ut
2007 938 2134 982 pleuri-

180 985 220 1018 sis
232 981 274 1028 ¹¹,
309 984 496 1030 phrenesis.

180 1036 265 1070 lixus
299 1038 450 1082 corporis
485 1039 636 1080 morbus,
686 1040 743 1083 qui
784 1041 894 1073 multis
929 1041 1136 1086 temporibus

181 1088 267 1121 enim
304 1089 397 1132 apud
431 1090 583 1124 Graecos
617 1097 749 1136 tempus
783 1089 947 1126 dicitur²¹.

181 1145 392 1184 acceperunt.

347 1199 381 1234 2.
435 1200 553 1234 Febris
579 1213 599 1234 a
622 1201 755 1234 fervore
782 1201 872 1235 dicta
882 1199 925 1244 ²²,
961 1208 1010 1237 est
1037 1200 1162 1236 enim²³

345 1258 378 1291 3.
432 1259 609 1293 Phrenesis
635 1261 810 1305 appellata
838 1262 906 1294 sive
933 1263 976 1295 ab
1004 1262 1247 1307 impedimento
1275 1264 1410 1304 mentis,
1436 1263 1516 1306 quia
1542 1263 1666 1298 Graeci
1691 1259 1862 1296 mentem²

1008 1315 1096 1348 Nam
1124 1313 1279 1347 frendere
1307 1320 1356 1349 est
1381 1314 1497 1348 dentes
1533 1319 1723 1350 concutere.

181 1314 276 1353 cant,
303 1310 372 1345 sive
381 1307 406 1328 ²⁶
426 1311 520 1354 quod
542 1312 696 1346 dentibus
722 1313 912 1347 infrendant
921 1310 956 1348 ²⁷.

548 985 635 1029 ’0ξύ
660 989 747 1022 enim
774 989 866 1034 apud
893 989 1044 1024 Graecos
1079 994 1214 1022 acutum
1227 986 1250 1006 ¹⁸
1277 995 1310 1022 et
1337 990 1488 1023 velocem
1524 985 1734 1034 significatffl.
1787 985 1935 1036 Χρόνια
1970 996 2019 1023 est
2051 1001 2134 1034 pro-

1177 1046 1379 1083 remoratur,
1427 1046 1464 1075 ut
1497 1041 1678 1086 podagra,
1732 1037 1921 1086 phthisis-²⁰.
1987 1038 2134 1088 Χρόνος

1022 1092 1201 1135 Quaedam
1245 1097 1357 1125 autem
1403 1094 1574 1138 passiones
1613 1104 1653 1126 ex
1688 1093 1832 1138 propriis
1867 1093 1973 1126 causis
2012 1104 2133 1126 nomen

1189 1202 1392 1237 abundantia
1403 1200 1427 1221 ²⁴
1455 1203 1583 1238 caloris.

1863 1258 1875 1279 ⁵
1910 1264 2043 1309 φρένας
2070 1275 2131 1297 VO-

1776 1315 1837 1348 Est
1862 1320 1972 1348 autem
2000 1322 2131 1360 pertur-

182 1361 272 1396 batio
299 1360 452 1396 mentisffl
478 1375 555 1397 cum
582 1364 805 1409 exagitatione
833 1371 865 1397 et
893 1365 1060 1398 dementia
1083 1377 1123 1400 ex
1151 1365 1294 1401 colerica
1318 1366 1350 1399 vi
1377 1365 1509 1400 effecta.

347 1421 383 1456 4.
436 1420 637 1457 cardiacam
662 1425 867 1459 vocabulum
894 1421 951 1456 a³⁰

220 1467 279 1504 r³².
332 1471 402 1505 Cor
427 1473 515 1506 enim
542 1474 666 1509 Graeci
692 1475 843 1522 καρδίαν
870 1481 1000 1510 vocant.

181 1476 217 1504 tn

269 1562 295 1602 1)
317 1563 365 1592 Sic
388 1563 443 1594 Gu.
460 1567 488 1597 1.
511 1567 655 1598 (sustinet
679 1566 754 1596 alius
778 1566 983 1606 sustentet)
1015 1567 1065 1598 Ar.
1094 1585 1137 1591 —

183 1604 265 1634 Idem
288 1606 394 1644 legitur
418 1606 468 1635 lib.
484 1608 544 1641 XI,
565 1611 599 1645 1,
625 1611 711 1644 122„
739 1609 790 1638 ubi
816 1609 885 1638 item
904 1610 960 1638 Gu.
987 1613 1014 1641 1.
1036 1613 1135 1641 activa

184 1647 313 1678 exhibet.
327 1648 392 1679 vid.
400 1654 503 1677 not.—
512 1650 568 1682 Gu.
579 1653 607 1682 2.
617 1657 728 1689 vegetet
741 1657 767 1679 et
783 1652 842 1680 urit
853 1658 995 1680 sustentet
1003 1670 1044 1675 —
1053 1653 1138 1693 quod

183 1696 333 1729 vegetetur
352 1697 379 1719 et
397 1697 582 1721 sustentetur
596 1693 687 1733 al.pr.
704 1711 742 1716 —·
764 1693 849 1733 quod
864 1705 897 1722 ex
912 1707 944 1723 eo
961 1706 1071 1735 corpu-9
1086 1708 1136 1725 ve-

180 1739 298 1771 getetur
315 1739 341 1761 et
357 1741 541 1763 sustentetur
561 1742 588 1764 et
610 1738 696 1765 vivat
712 1737 794 1775 vulg.
817 1754 854 1759 —
880 1738 966 1776 quod
985 1746 1136 1777 vegetetur

183 1782 210 1804 et
225 1777 287 1804 urit
304 1783 484 1805 sas-tentetur
498 1784 524 1806 et
541 1780 625 1806 vivat
640 1789 685 1809 va.
709 1795 750 1801 -—
772 1782 802 1817 2)
828 1790 960 1819 namque
984 1782 1053 1810 add.
1079 1783 1136 1813 Gu.

186 1821 212 1848 1.
226 1834 267 1839 —
289 1820 320 1865 {D
342 1820 422 1857 vulg.
439 1820 506 1849 add.
525 1827 581 1857 est,
602 1822 683 1860 quod
701 1832 759 1851 om.
778 1822 834 1850 Gu.
850 1826 877 1854 1.
892 1839 935 1845 —
957 1823 988 1864 4)
1011 1825 1061 1853 Sic
1077 1826 1136 1854 Gu.

186 1863 212 1891 1.
227 1863 255 1892 2.
270 1861 327 1888 mni
343 1863 424 1900 quod
441 1862 584 1892 exhibent
598 1864 721 1893 sudoris
737 1867 911 1902 Sanguinis,
933 1867 1013 1904 quod
1035 1868 1137 1896 nescio

183 1903 335 1941 quomodo
350 1905 504 1944 explicem.
530 1906 616 1944 Vulg.
639 1907 723 1946 quod
742 1918 775 1936 ex
790 1909 874 1947 nigri
889 1911 1054 1946 sanguinis
1069 1912 1139 1948 fece
1181 1935 1188 1941 .
1206 1931 1214 1940 .
1234 1931 1242 1939 .

183 1944 323 1974 admixta
345 1948 395 1975 sit.
417 1963 460 1970 —
485 1950 527 1976 sit
545 1960 601 1977 om.
624 1960 670 1988 pr.
688 1960 734 1979 va.
766 1969 804 1972 —
837 1949 867 1991 5)
893 1956 921 1979 et
945 1951 1139 1982 abundantia

183 1988 240 2017 Gu.
257 1991 283 2019 1.
307 2005 344 2010 —
369 1991 399 2027 6)
420 1991 471 2019 Sic
486 1991 543 2020 Gu.
561 1994 587 2024 1.
604 1992 642 2022 al.
664 2009 706 2015 -—-
727 1998 854 2021 vocatus
871 1994 953 2032 vulg.
972 2012 1014 2018 —
1036 1994 1064 2033 7)
1089 1996 1137 2025 Sic

183 2029 242 2060 Gu.
257 2033 282 2062 1.
299 2034 329 2062 2.
351 2048 392 2054 -
415 2035 457 2060 sit
475 2044 564 2063 suan.
582 2034 663 2073 vulg.
690 2052 725 2056 ——
751 2037 778 2072 8)
802 2042 827 2063 et
845 2036 901 2065 Gu.
914 2040 942 2069 2.
958 2047 1004 2076 pr.
1022 2047 1070 2068 va.
1087 2039 1137 2068 Ar.

181 2089 223 2094 —
244 2074 275 2110 9)
288 2074 411 2111 fleuma
430 2076 486 2105 Gu.
505 2079 532 2107 1.
566 2094 604 2100 —
634 2079 680 2114 10)
703 2077 817 2108 verba:
851 2080 962 2108 Graeci
985 2091 1078 2119 usque
1098 2081 1136 2110 ad

182 2114 334 2155 φλέγμονα
351 2117 451 2147 addidi
465 2129 480 2147 e
497 2119 550 2147 Gu.
570 2122 596 2150 1.
614 2122 643 2150 2.
661 2122 688 2151 3.
704 2120 733 2151 4.
746 2130 792 2149 va.
807 2131 851 2159 pr.
869 2122 920 2154 Ar.
945 2139 983 2144 —
1006 2125 1136 2162 rigorem

181 2167 238 2196 pro
249 2159 357 2198 frigus
375 2161 431 2189 Gu.
447 2163 476 2192 2,
493 2163 521 2192 3.
540 2161 590 2190 Ar.
615 2179 651 2183 --
676 2164 827 2201 frigorem
846 2164 902 2195 Gu.
919 2165 946 2196 4.
974 2181 1014 2187 —
1027 2168 1135 2204 fligi-

181 2199 254 2229 dum
270 2212 325 2240 pro
335 2203 465 2242 frigida
483 2203 569 2233 Arev.
596 2221 629 2225 —
658 2203 705 2244 11)
726 2205 774 2233 Sic
790 2206 845 2236 Gu.
863 2209 889 2238 1.
906 2210 934 2239 2.
957 2208 999 2246 (et
1016 2208 1134 2248 om.)—

181 2253 216 2270 ex
234 2243 285 2271 his
303 2245 385 2283 vulg.
412 2262 453 2268 —-
484 2247 531 2283 12)
555 2246 604 2275 Sic
619 2247 674 2275 Gu.
691 2251 716 2278 1.
748 2264 787 2268 —
815 2253 898 2276 extra
920 2261 1043 2278 cursum
1069 2258 1132 2281 nat.

976 1426 1080 1459 corde
1106 1427 1260 1471 sumpsit,
1284 1426 1367 1459 dum
1390 1437 1431 1459 ex
1460 1426 1573 1470 aliquo
1599 1421 1752 1459 timore³¹
1786 1429 1843 1458 aut
1875 1423 1996 1459 dolore
2022 1425 2132 1460 effici-

1054 1478 1124 1510 Est·
1140 1479 1227 1511 enim
1254 1477 1366 1511 cordis
1391 1479 1503 1522 passio
1530 1488 1606 1511 cum
1634 1476 1841 1510 formidabili
1867 1482 1969 1512 metu.

1183 1570 1265 1598 Oxea
1287 1570 1337 1598 Ar.
1360 1569 1489 1598 Graecas
1510 1569 1609 1597 literas
1628 1567 1756 1605 retinui,
1789 1578 1968 1607 quamquam
1991 1569 2022 1597 in
2043 1568 2133 1599 codd.

1179 1612 1300 1640 Latinae
1313 1616 1391 1641 sunt.
1407 1628 1449 1633 —
1466 1610 1512 1651 17)
1532 1611 1679 1650 pleuresis
1698 1611 1755 1638 Gu.
1770 1612 1797 1641 1.
1812 1611 1848 1639 al.
1862 1621 1908 1649 pr.
1925 1621 1971 1640 vn.
1986 1628 2027 1632 —
2039 1612 2133 1650 pleu—

1178 1656 1249 1682 ritis
1266 1654 1315 1683 Ar.
1331 1671 1373 1676 —
1399 1658 1439 1689 18)
1462 1654 1510 1682 Sic
1526 1655 1582 1682 Gu.
1603 1656 1628 1684 1.
1650 1669 1692 1674 —
1713 1658 1794 1681 aeut.
1810 1664 1860 1692 ap.
1881 1654 1986 1684 Graec.
2000 1653 2131 1691 vulg.—

1179 1696 1225 1736 19)
1251 1697 1428 1735 signficant
1443 1706 1489 1725 va.
1512 1712 1556 1719 —
1576 1698 1621 1730 20)
1645 1697 1742 1723 tussis
1756 1696 1813 1725 Gu.
1831 1698 1858 1726 1.
1879 1711 1922 1717 —
1944 1696 2014 1724 tisis
2031 1696 2087 1724 Gu.
2103 1698 2132 1728 2.

1182 1757 1217 1762 -
1244 1740 1336 1767 thisia-
1357 1750 1405 1779 pr.
1426 1749 1474 1768 va.
1494 1755 1538 1762 -—
1558 1738 1607 1776 21)
1631 1738 1728 1768 Codd.
1745 1738 1803 1767 Gu.
1826 1741 1853 1771 1.
1869 1741 1900 1770 2.
1921 1740 1950 1770 3.
1964 1738 1993 1769 4.
2017 1737 2132 1777 gothici

1181 1787 1211 1812 et
1224 1782 1382 1820 Lucensis,
1405 1792 1451 1821 pr.
1473 1792 1521 1812 va.
1543 1781 1659 1811 addunt
1679 1780 1708 1810 h.
1727 1780 1763 1818 l.‚
1798 1791 1874 1819 quae
1892 1780 2035 1818 leguntur
2054 1781 2080 1821 §
2099 1784 2130 1816 7.

1180 1836 1196 1853 a
1212 1825 1323 1854 verbo:
1345 1822 1548 1864 φλεγμονή
1570 1829 1626 1852 ete.
1648 1823 1699 1852 ubi
1715 1823 1871 1852 varietates
1891 1823 2029 1852 lectionis
2044 1823 2131 1852 indi-

1180 1867 1267 1898 cabo.
1289 1867 1384 1897 Iidem
1408 1867 1498 1897 codd.
1519 1865 1598 1905 goth.
1625 1871 1653 1894 et
1673 1867 1797 1895 Lucens.
1819 1876 1876 1896 om.
1896 1876 1947 1896 vv.
1969 1866 2131 1904 Quaedam

1265 1921 1329 1941 acc.
1350 1926 1393 1932 —
1414 1908 1530 1938 dicitur
1547 1915 1664 1947 tempus
1676 1909 1733 1939 Gu.
1746 1911 1775 1941 2.
1795 1925 1838 1931 —
1867 1906 1915 1949 25³)
1939 1908 2025 1948 Vulg.
2045 1908 2131 1938 dicta

1180 1959 1240 1989 est,
1263 1953 1314 1982 sed
1340 1957 1383 1981 est
1409 1962 1467 1981 om.
1490 1952 1547 1981 Gu.
1572 1955 1599 1984 1.
1617 1954 1646 1982 2.
1667 1968 1711 1974 --
1732 1949 1780 1992 23)
1803 1952 1907 1979 etenim
1928 1961 1974 1980 va.
2004 1967 2047 1973 --
2084 1954 2130 1988 24)

1179 1995 1217 2024 ab
1230 1995 1366 2024 haband.
1383 1994 1439 2023 Gu.
1451 1998 1477 2026 1.
1491 2011 1534 2016 —
1555 1997 1602 2030 25)
1624 1999 1735 2021 mente-5
1749 1994 1805 2022 Gu.
1817 1997 1846 2026 2.
1870 2011 1910 2016 —
1933 1992 1980 2033 26)
2004 1993 2053 2022 Sic
2069 1994 2129 2023 Gu.

1181 2042 1206 2069 1.
1228 2054 1269 2062 -—
1292 2048 1345 2066 Seu
1365 2037 1444 2075 vulg.
1466 2052 1509 2058 --
1533 2035 1581 2076 27)
1600 2036 1749 2073 frendant
1763 2036 1800 2067 al.
1827 2054 1862 2058 —
1876 2035 2025 2073 frendent
2039 2036 2129 2065 al.—

1178 2081 1226 2119 28)
1250 2083 1360 2109 menttssr
1379 2079 1483 2109 addidi
1506 2089 1522 2108 e
1544 2080 1599 2108 Gu.
1615 2083 1640 2111 1.
1656 2080 1695 2109 al.
1717 2096 1759 2101 —-
1781 2081 1827 2118 29)
1852 2077 1968 2108 Cardia
1983 2079 2040 2107 Gu.
2058 2082 2085 2111 1.
2099 2082 2129 2112 2.

1177 2125 1207 2155 3.
1223 2124 1254 2155 4.
1270 2124 1306 2153 al.
1320 2133 1366 2163 pr.
1383 2132 1430 2151 va.
1456 2139 1493 2143 —
1517 2124 1563 2159 30)
1587 2133 1620 2150 ex
1635 2123 1693 2151 Gu.
1706 2125 1735 2154 2.
1751 2132 1799 2151 va.
1821 2138 1863 2144 —
1887 2120 1936 2159 31)
1959 2120 2009 2150 Sic
2028 2121 2083 2150 Gu.
2098 2124 2132 2154 2.

1178 2176 1222 2204 pr⁴
1239 2176 1287 2195 va.
1305 2167 1354 2195 Ar.
1377 2181 1419 2186 —
1440 2171 1555 2193 tumore
1567 2165 1647 2202 vulg.
1671 2165 1789 2194 Caelius
1804 2163 1923 2203 quidem
1939 2163 1991 2193 lib.
2007 2164 2045 2194 11.
2062 2174 2128 2204 cap.

1175 2210 1226 2241 81.
1241 2209 1334 2237 refert
1346 2218 1382 2236 ex
1398 2207 1588 2236 Artemidoro
1605 2212 1633 2236 et
1648 2207 1832 2246 Asclepiadis
1847 2206 2045 2236 sectatoribus
2065 2217 2128 2236 esse

1174 2257 1322 2279 tumorem
1336 2249 1504 2278 sectmdum
1520 2261 1587 2287 cor,
1612 2255 1641 2278 nt
1658 2250 1748 2289 paulo
1764 2254 1832 2289 post
1852 2249 1916 2289 ipse
1931 2249 2035 2279 isidor.
2058 2260 2128 2277 cum

181 2285 237 2333 Gffl·
253 2289 282 2318 2.
304 2297 349 2325 pr·
366 2298 410 2316 va.
429 2290 479 2317 Ar.
506 2305 545 2310 —
570 2300 729 2317 excursum
752 2295 884 2318 naturae
908 2293 989 2330 vulg.
1015 2310 1052 2314 —-
1087 2294 1130 2333 13)
1164 2292 1369 2331 formidabili
1389 2298 1478 2321 meta.
1501 2310 1543 2315 -—-
1573 2291 1621 2331 32)
1643 2293 1692 2321 Sic
1714 2293 1773 2321 Gu.
1794 2295 1820 2324 1.
1845 2292 1882 2320 al.
1913 2308 1956 2313 --
1987 2292 2128 2331 afficitur

184 2329 234 2356 Sic
256 2329 314 2359 Gu.
330 2332 356 2360 1.
370 2333 399 2362 2.
422 2347 456 2353 -
478 2338 578 2359 autem
595 2332 674 2370 vulg.
697 2349 738 2354 —
768 2332 816 2370 14)
839 2330 924 2369 ὂξὲας
939 2336 988 2363 Ar.
1012 2352 1053 2357 —
1083 2338 1130 2375 15)
1173 2336 1254 2374 vulg.
1276 2351 1318 2357 --
1339 2335 1388 2371 33)
1413 2336 1463 2364 Sic
1488 2336 1545 2365 Gu.
1564 2338 1590 2367 1.
1608 2339 1636 2367 2.
1653 2337 1682 2367 8.
1704 2335 1752 2364 Ar.
1775 2350 1816 2356 —
1838 2335 1985 2363 Loetaria
2006 2344 2053 2374 pr.
2084 2349 2130 2356 ·—-

180 2371 300 2409 χρονίας
321 2372 371 2402 Ar.
393 2389 435 2395 —
465 2373 510 2413 16)
535 2374 619 2414 Vulg.
636 2374 704 2404 add.
724 2381 780 2413 est,
803 2375 884 2414 quod
901 2387 959 2407 om.
979 2378 1035 2408 Gu.
1054 2382 1129 2411 1.-
1172 2379 1350 2418 Letlzargas
1365 2378 1445 2417 vulg.
1469 2395 1504 2399 —
1529 2379 1579 2416 34)
1602 2379 1745 2407 Sinancc's
1763 2376 1819 2408 Gu.
1841 2380 1867 2408 1.
1881 2379 1910 2410 2.
1925 2378 1955 2410 3.
1973 2377 2003 2410 4.
2016 2387 2064 2417 pr.
2079 2387 2126 2406 va.
