2264 2830
785 94 1032 129 0R1G1NUM
1068 96 1213 132 LIBER
1248 99 1320 133 XX.
1956 105 2031 140 623

245 190 277 221 2.
335 190 464 222 Fictilia
492 189 589 229 (licta,
618 186 750 232 quod&
779 190 857 222 liant
885 196 916 223 et
931 186 953 205 ’μ’
981 191 1147 235 fingantur
1171 204 1209 225 ex
1238 199 1324 225 terra
1339 189 1372 227 ³⁰.
1429 193 1573 237 Fingere
1603 195 1691 228 enim
1725 201 1773 228 est
1813 197 1924 231 facere
1960 198 2028 232 et³¹

80 244 225 275 formare
252 247 284 273 et
311 243 485 285 plasmare,
514 241 601 273 unde
629 247 662 273 et
689 241 784 284 figuli
812 242 974 275 «licuntur.
1028 244 1073 276 Et
1104 255 1160 276 vas
1188 245 1290 278 lictile
1318 245 1456 285 (licitur,
1491 257 1557 278 non
1590 247 1703 279 fictum
1733 248 1765 279 in
1799 249 1901 290 illud,
1939 252 2031 294 quod

78 293 289 327 mendacium
317 299 377 332 est,
409 294 468 326 scrl
495 293 588 335 quod
617 293 790 333 formatur,
819 299 853 327 ut
877 295 935 334 sit,
961 299 992 326 et
1020 294 1142 328 habeat
1172 297 1317 340 aliquam
1346 297 1506 337 formam,
1540 299 1628 331 unde
1656 304 1690 332 et
1713 300 1896 344 Apostolus
1930 303 1975 334 ait
1988 299 2029 334 ³²:

83 346 260 390 Numquid
294 345 377 377 clici!
400 344 617 390 sig-mentum
643 345 684 384 ei,
713 346 772 389 qui
797 357 835 378 sc
848 342 1007 391 Jin.1·it³³¹,
1035 358 1146 391 quare
1172 349 1222 381 sic
1247 345 1342 381 mem
1361 349 1514 394 jin-isli?

245 397 278 430 3.
336 397 465 429 Fictilia
492 408 566 428 vasa
593 396 625 428 in
653 397 755 429 Samo
784 397 887 430 insula
913 398 1003 442 prius
1031 399 1160 432 inventa
1188 400 1370 441 traduntur,
1399 401 1486 434 sacta
1514 412 1552 433 ex
1573 406 1663 434 creta
1689 408 1723 435 et
1743 403 1895 435 indurata
1919 401 2029 449 igni‘ff’,

78 449 166 482 unde
185 454 216 481 ct
232 449 345 481 Samia
360 460 444 481 vasa.
479 448 601 480 Postea
618 449 785 481 inventum
796 446 820 465 ³¹⁴⁵
836 446 898 483 ot³¹³
913 450 1079 483 rubricam
1102 451 1240 494 addere,
1265 457 1297 484 et
1319 463 1358 484 ex
1383 453 1483 484 rubra
1503 458 1592 486 creta
1613 450 1766 487 facere³⁸.
1799 455 2029 499 Antiquiorem

77 507 187 534 autem
206 497 442 533 1'1iiss‹÷³¹³'us11111
461 500 610 533 fictilium
635 512 799 538 rasorum,
824 513 923 544 qnam
944 502 1103 534 fundendi
1120 504 1212 543 aeris,
1242 503 1293 535 vel
1307 499 1327 518 ⁸⁰
1350 505 1484 549 argenti.
1513 504 1615 548 Apud
1633 510 1759 538 veteres
1781 507 1868 538 enim
1890 519 1950 541 nec
1968 519 2030 540 au-

77 566 143 591 rea,
167 563 227 586 nec
242 556 411 596 argentea,
438 552 497 585 sed
525 552 641 585 fictilia
658 564 734 584 vasa
751 552 973 593 habebantur,
994 554 1076 587 sicut
1098 554 1141 586 ad
1151 551 1173 571 ⁴¹
1197 554 1270 586 vina
1289 554 1387 587 doliis
1405 556 1602 600 excogitatis
1611 552 1646 599 ⁴²,
1665 557 1708 589 ad
1730 569 1831 600 aquas
1847 559 2029 603 amphoris,

77 606 201 650 hydriis
228 604 270 636 ad
300 603 432 635 balneas
448 600 471 619 ⁴³⁸

474 631 482 644 ,
511 615 550 636 ac
578 604 730 647 reliquis,
765 616 851 647 quae
879 606 910 636 in
939 605 1049 637 usibus
1086 605 1260 639 hominum
1276 602 1318 646 ⁴⁴,
1346 612 1402 639 aut
1428 613 1500 639 rota
1527 608 1629 648 liunt,
1657 614 1712 641 aut
1740 621 1838 642 manu
1865 616 2030 655 aptantur.

239 663 275 698 ⁴,
328 663 460 707 Argilla
487 669 597 696 antem
626 669 763 698 excocta
780 662 804 681 ⁴³
830 670 932 698 testae
960 666 1162 699 vocabulum
1185 665 1320 709 suscipit
1336 663 1379 707 ⁴⁰,
1401 668 1489 709 quia,
1518 667 1598 700 (lum
1627 669 1737 701 mollis
1761 676 1856 709 esset,
1885 671 2029 704 eflicitur

75 723 168 755 testa,
196 727 257 749 nec
283 715 507 748 communicat
534 726 610 748 cum
635 717 800 749 vocabulo
827 717 953 760 pristini
980 718 1120 761 generis,
1144 718 1231 760 quia,
1259 718 1351 761 quod
1380 718 1457 759 fuit,
1486 730 1551 751 non
1579 725 1635 753 est.

238 766 272 799 5.
328 767 462 799 Aretina
473 763 497 783 ⁴⁷

524 779 600 800 vasa
629 779 669 799 ex
690 769 806 800 Aretio
828 769 1010 813 municipio
1038 769 1157 801 ltaliae
1184 769 1359 809 (licuntur,
1388 770 1444 802 ubi
1471 771 1570 811 fiunt,
1598 776 1671 804 sunt
1699 772 1785 804 enim
1814 773 1923 806 rubra.

1980 773 2029 805 De

74 822 193 865 quibus
219 818 376 851 sedulius
393 816 431 850 ¹⁸:
467 818 595 851 Rubra
621 820 715 863 quod
742 820 942 864 appositum
969 824 1060 852 testa
1086 821 1262 853 ministrat
1290 821 1374 854 olus.

239 869 273 904 6.
325 870 439 902 Samia
473 882 550 903 vasa
585 871 721 913 quidam
750 876 866 914 putant
901 871 945 903 ab
982 871 1113 915 oppido
1141 873 1244 905 Samo
1273 872 1439 906 Graeciae
1472 872 1601 906 habere
1631 884 1762 906 nomen.

1818 874 1884 906 Alii
1917 874 2031 907 dicunt

73 929 198 958 cretam
228 933 297 954 esso
325 921 452 959 ltaliae,
476 934 563 965 quae
590 933 656 954 non
683 922 787 967 longe
815 934 833 954 a
861 923 971 955 Roma
991 924 1143 963 nascitur,
1172 936 1259 967 quae
1285 924 1397 957 Samia
1421 925 1622 969 appellatur.

238 973 271 1007 7.
326 972 465 1006 Caelata
493 985 569 1006 vasa
597 979 766 1018 argentea,
792 974 845 1006 vel
874 986 974 1007 aurea
1001 981 1091 1015 sunt,
1125 976 1226 1020 signis
1242 972 1266 993 ⁴⁹
1292 977 1563 1009 eminentioribus
1591 977 1675 1010 intus
1703 982 1836 1009 extrave
1864 988 2027 1020 expressa,

73 1041 90 1060 a
120 1022 248 1060 caelo⁵⁰
274 1031 409 1063 vocata,
445 1025 538 1067 quod
566 1029 613 1058 est
639 1037 744 1070 genus
772 1025 972 1067 ferramenti,
996 1023 1131 1070 quem⁵¹
1156 1028 1261 1073 vulgo
1288 1025 1477 1062 cilionem⁵²
1505 1034 1635 1062 vocant.

236 1076 270 1109 8.
325 1076 557 1119 Clirysendeta
586 1088 662 1109 vasa
690 1077 860 1118 deaurata,
889 1078 1058 1111 Graecum
1086 1084 1143 1113 est.

173 1124 431 1172 A11ag-lyp11a⁶³³‚
459 1128 551 1171 quod
575 1129 724 1172 superius
752 1130 814 1161 sint
840 1130 979 1174 sculpta.

69 1189 202 1226 pturam
232 1180 357 1218 dicunt,
384 1179 417 1210 id
447 1184 496 1213 est
523 1191 649 1212 sursum
678 1181 818 1225 sculpta.

233 1230 267 1263 9.
322 1231 438 1263 Discus
466 1236 561 1264 antea
587 1233 672 1265 iscus
699 1228 914 1265 vocabatur⁵⁵
941 1233 983 1265 ab
1011 1228 1145 1276 specle⁵

958 1285 988 1316 A
1016 1295 1084 1327 quo
1113 1289 1145 1316 et
1172 1284 1417 1317 discumbentes
1444 1285 1554 1318 vocati
1588 1279 1713 1325 sunt⁵⁰‚
1751 1284 1818 1317 sive
1853 1282 1927 1319 α’πό
1957 1285 2026 1319 τοῦ

69 1290 203 1318 vocatus
214 1280 250 1322 ⁵¹¹¹,
277 1282 369 1326 quod
399 1282 578 1323 detescas,
607 1283 640 1314 id
669 1288 716 1316 est
743 1288 903 1327 apponat.

70 1331 247 1374 δισκεῑμω,
274 1334 309 1365 id
338 1338 396 1374 est,
424 1333 516 1376 qnod
544 1334 683 1367 iaceant.

1035 1131 1159 1165 Graeci
1180 1131 1267 1163 enim
1295 1130 1368 1166 ἅνω
1401 1142 1547 1172 sursum,
1583 1128 1722 1177 γλυφήν
1759 1135 1869 1163 autem

1879 1127 1902 1148 ⁵⁴
1938 1131 2027 1164 scul-

1147 1227 1159 1248 6

1193 1233 1292 1272 scuti,
1331 1233 1419 1266 unde
1455 1239 1487 1266 et
1521 1234 1659 1266 scutella
1674 1229 1709 1268 ⁵⁷.
1763 1233 1882 1265 Postea
1919 1233 2027 1266 discus

234 1384 292 1417 10.
348 1384 547 1418 Messorium
576 1391 733 1420 vocatum
761 1398 780 1418 a
802 1397 914 1418 mensa
936 1398 999 1431 per
1026 1387 1278 1429 derivationem,
1305 1388 1398 1431 quasi
1420 1387 1633 1421 mensorium.

170 1436 324 1480 Parapsis
352 1436 621 1482 quadrangulum
633 1434 657 1454 ⁵¹
685 1442 717 1470 et
744 1438 1007 1481 quadrilaterum
1035 1450 1101 1480 vas,
1129 1439 1164 1471 id
1191 1444 1238 1472 est
1263 1440 1401 1484 paribus
1424 1439 1556 1472 absidis.

172 1484 331 1529 Patinaffl,
359 1488 452 1531 quod
479 1489 640 1533 dispansis
666 1489 923 1533 patentibusque
951 1491 991 1523 sit
1018 1490 1082 1523 oris
1097 1487 1132 1523 ⁰³.

233 1539 293 1572 11.

345 1539 465 1573 Lancis
480 1537 505 1558 ⁶⁴
532 1546 665 1585 gavata,
692 1541 784 1584 quasi
811 1547 926 1574 cavata
940 1538 976 1583 ⁶⁵,
1015 1553 1040 1586 g
1066 1553 1130 1586 pro
1154 1552 1173 1576 c
1200 1541 1295 1575 fitera
1331 1541 1451 1586 posita.

1505 1540 1595 1574 Hinc
1629 1544 1662 1572 et
1691 1538 1841 1579 concha,
1875 1538 1934 1571 sed
1966 1539 2024 1571 illa

67 1596 195 1634 cavata,
228 1591 289 1623 ista
316 1602 478 1625 concava:
506 1592 552 1625 sic
578 1598 612 1625 et
638 1593 761 1626 Graeci
788 1592 875 1627 haee
902 1599 1103 1638 nuncupant.

166 1642 320 1677 Sentella
348 1643 390 1675 ab
416 1648 511 1677 scuto
539 1655 601 1688 per
628 1644 881 1677 diminutionem
910 1650 967 1686 est,
994 1646 1074 1689 quia
1101 1649 1150 1678 est
1177 1644 1287 1677 eidem
1315 1644 1427 1677 similis
1442 1640 1479 1680 ⁶⁶.

232 1694 289 1727 12.
317 1694 543 1739 Apophoreta
570 1708 589 1728 a
616 1696 755 1731 Graecis
783 1708 802 1729 a
829 1696 969 1730 ferendo
997 1709 1111 1741 poma,
1139 1696 1194 1729 vel
1221 1696 1313 1729 aliud
1340 1691 1501 1740 aliquidffl
1523 1694 1701 1735 nominata,
1729 1698 1780 1727 est
1798 1693 1885 1727 enim
1910 1693 2020 1737 plana.

64 1789 123 1853 iil.
135 1792 172 1858 e1t’
190 1790 224 1857 Ξ.
252 1845 294 1852 —-
335 1831 383 1866 41)
407 1836 433 1858 cc
457 1831 514 1860 Gu.
542 1833 568 1861 1.
587 1833 616 1862 2.
646 1847 688 1855 *—
724 1831 772 1871 42)
797 1833 941 1870 cogitatis
970 1842 1017 1871 pr.

64 1889 106 1894 -
136 1874 182 1909 43)
204 1872 251 1899 Sic
281 1873 312 1900 Z.
343 1872 400 1900 Gu.
426 1876 451 1903 1.
474 1876 504 1904 2.
530 1884 572 1912 pr.
593 1884 640 1902 va.
663 1890 706 1896 -—
738 1874 847 1902 balnea
870 1875 952 1912 vulg.
978 1890 1016 1897 -·—

64 1917 111 1950 44)
134 1915 212 1942 hom.
238 1914 317 1943 usal).
342 1915 372 1942 Z.
398 1931 433 1936 —
475 1914 522 1955 45)
546 1927 579 1944 ex
601 1922 682 1946 terra
705 1928 764 1946 exe.
789 1917 882 1955 vulg„
910 1917 960 1946 sed
983 1928 1018 1946 ex

64 1965 145 1985 terra
166 1968 226 1988 om.
250 1957 284 1988 Ζ,
307 1956 366 1986 Gu.
392 1960 419 1987 1.
438 1960 468 1990 2.
491 1967 537 1986 va.
559 1959 608 1987 Ar.
631 1976 673 1980 —
695 1971 716 1988 α
737 1965 817 1988 terra
840 1970 884 1998 pr.
907 1976 948 1982 —-
971 1961 1017 1997 46)

63 2001 114 2029 Sic
137 2001 193 2028 Gn.
220 2003 245 2030 1.
268 2010 283 2028 e
305 2009 365 2027 ηε.
391 2000 449 2028 Gu.
465 2002 493 2031 2.
517 2001 567 2030 Ar.
589 2002 626 2030 al.
652 2019 689 2025 --
724 2005 854 2041 szwcepit
877 2003 956 2040 vulg.
975 2019 1017 2025 -—

63 2045 177 2082 accepit
199 2052 298 2070 va.--
326 2042 374 2079 47)
397 2042 528 2070 Areez'na
549 2048 578 2072 et
601 2046 707 2073 Samia
728 2056 787 2074 oin.
811 2046 842 2074 Ζ.
867 2064 903 2067 —
928 2046 1016 2073 Arie-

63 2088 130 2114 tina
150 2086 207 2114 Gu.
229 2087 258 2115 2.
281 2095 328 2124 pr.
353 2095 398 2113 va.
422 2101 464 2108 —--
494 2087 539 2119 48)
564 2086 597 2114 In
619 2088 755 2125 prologo.
778 2104 820 2110 -—-
858 2087 904 2126 49)
929 2088 1016 2126 Vulg.

63 2139 141 2167 qnae
163 2129 280 2166 sigule,
311 2127 361 2156 aed
391 2136 469 2165 quae
491 2138 549 2157 om.
573 2129 603 2157 Z.
627 2130 682 2158 Gu.
707 2135 734 2163 1.
757 2141 802 2169 pr.
828 2141 876 2160 va.
901 2132 951 2159 Ar.
974 2147 1016 2154 -—

61 2173 109 2209 50)
134 2172 205 2198 cilio
229 2171 284 2198 Gu.
309 2173 336 2202 2.
372 2187 411 2190 -
450 2168 498 2209 51)
523 2170 570 2198 Sic
602 2171 658 2203 Gu-
685 2175 712 2202 1.
734 2176 764 2204 2.
789 2173 842 2202 Ar.
866 2190 906 2196 —-
929 2172 1017 2212 quod

62 2214 141 2252 vulg.
173 2229 214 2236 -—
257 2213 306 2248 62)
337 2213 477 2241 celiomm
509 2222 557 2242 va.
592 2229 634 2236 —-—
682 2216 727 2250 53)
757 2215 946 2254 Anaghplza
985 2221 1014 2244 et

62 2258 180 2285 Discus
202 2266 260 2284 om.
287 2256 318 2283 Z.
350 2271 391 2277 -—
429 2257 474 2291 54)
498 2261 599 2283 autem
622 2255 723 2284 addidi
747 2258 833 2287 eGu.
848 2264 875 2289 1.
901 2275 942 2280 —
966 2257 1012 2296 55)

62 2300 230 2327 vocabatur
252 2308 310 2327 om.
336 2298 392 2326 Gu.
419 2301 448 2329 2.
471 2313 512 2320 -
539 2298 587 2332 56)
611 2298 648 2326 ab
671 2308 727 2336 pro
750 2309 770 2326 α
792 2300 848 2328 Gn.
875 2303 902 2331 1.
917 2303 948 2331 2.
967 2310 1013 2329 va.

63 2357 104 2362 —-
123 2345 167 2379 57)
193 2341 335 2369 scultella
359 2341 415 2370 Gu.
436 2344 459 2371 1.
482 2356 524 2363 —
554 2340 640 2378 Vulg.
665 2341 733 2370 add.
752 2352 808 2379 per
827 2342 1011 2372 diminutio-

64 2394 138 2412 nem.
182 2386 239 2412 Est
261 2385 339 2412 enim
361 2382 495 2412 eiusdem
518 2384 646 2420 similis,
670 2393 746 2423 quae
769 2394 825 2413 om.
849 2386 906 2413 Gu.
929 2389 956 2417 1.
978 2387 1012 2416 2.

268 1787 394 1816 Inclusit
415 1787 504 1817 Arev.
535 1805 574 1811 —-
611 1786 660 1829 40)
679 1789 730 1816 vel
749 1799 806 1827 pro
831 1794 887 1816 aut
909 1790 968 1818 Gu.
991 1792 1018 1820 1.

1062 1789 1112 1817 Ar.
1123 1805 1160 1811 ·-
1186 1790 1235 1825 58)
1249 1794 1292 1816 est
1307 1786 1377 1817 add.
1392 1788 1472 1826 vulg-
1488 1803 1530 1811 --
1544 1787 1613 1816 Om.
1630 1786 1689 1814 Gn.
1700 1788 1726 1818 1.
1741 1787 1770 1816 2.
1786 1795 1832 1814 va.
1846 1786 1898 1816 Ar.
1909 1802 1951 1809 -
1974 1787 2019 1825 59)

1061 1832 1110 1860 Sic
1128 1831 1184 1860 Gu.
1204 1834 1230 1862 1.
1242 1847 1284 1852 —
1298 1830 1377 1860 dicti
1390 1836 1464 1859 eunt
1477 1831 1532 1858 Gu.
1544 1832 1575 1860 2.
1590 1846 1626 1853 -
1644 1828 1720 1858 dicti
1735 1828 1814 1866 vulg.
1832 1845 1866 1851 «-
1901 1827 1948 1869 60)
1970 1829 2019 1858 Sic

1062 1875 1118 1903 Gu.
1136 1877 1164 1905 1.
1177 1876 1207 1904 2.
1223 1876 1252 1905 3.
1267 1873 1296 1905 4.
1308 1874 1360 1903 Ar.
1373 1889 1415 1897 —-
1427 1873 1509 1911 vulg.
1523 1869 1584 1902 α’πὸ
1595 1873 1652 1902 τοῦ
1666 1874 1796 1902 κεῖσθαι.
1812 1886 1855 1895 -·-·
1876 1873 1923 1908 61)
1940 1882 2019 1910 φωρ

1061 1917 1183 1955 ‹ll-lang.
1202 1918 1235 1944 Z.
1254 1916 1309 1944 Gu.
1324 1919 1351 1947 2.
1369 1931 1408 1936 -—
1436 1919 1481 1952 62)
1498 1917 1619 1943 Patena
1642 1915 1698 1943 Gu.
1710 1917 1740 1946 2.
1765 1923 1810 1953 pr.
1828 1930 1869 1937 -
1892 1920 1934 1942 cot
1950 1914 2016 1943 add.

1062 1961 1118 1988 Gu.
1136 1963 1164 1991 2.
1187 1974 1229 1980 —-
1251 1960 1296 1994 63)
1318 1959 1366 1986 Sic
1383 1958 1414 1987 Z.
1431 1958 1488 1987 Gu.
1512 1961 1537 1988 1.
1553 1961 1584 1990 2.
1606 1967 1654 1986 va.
1667 1973 1707 1979 —
1726 1959 1792 1986 oris
1812 1958 1854 1985 sit
1875 1957 1956 1995 vulg.
1977 1973 2018 1979 —

1059 2001 1106 2042 64)
1131 2001 1219 2030 Hunc
1243 2001 1404 2029 articulum
1428 2010 1485 2028 om.
1509 2001 1539 2028 Z.
1562 2017 1604 2024 --
1626 2001 1746 2028 Lancia
1769 2010 1825 2030 om.
1852 2000 1908 2030 Gn.
1927 2003 1955 2031 2.
1979 2015 2014 2021 —

1056 2050 1177 2082 gavata
1200 2053 1256 2082 pro
1277 2049 1415 2081 gravata
1448 2043 1554 2082 scripsi
1584 2053 1651 2072 cum
1683 2043 1740 2071 Gu.
1764 2046 1790 2074 1.
1826 2052 1873 2072 va.
1901 2042 1952 2071 Ar.
1977 2058 2015 2064 --

1058 2090 1103 2122 65)
1126 2087 1219 2126 quasi
1242 2092 1354 2114 cavata
1376 2096 1435 2116 om.
1458 2085 1516 2114 Gu.
1534 2089 1561 2117 1.
1590 2101 1628 2110 -ι-
1653 2087 1730 2124 quia
1752 2095 1817 2114 σαν.
1840 2085 1896 2113 Gu.
1914 2088 1942 2117 2.
1966 2094 2012 2111 va.

1057 2146 1099 2151 --
1128 2132 1172 2167 66)
1195 2128 1244 2156 Sic
1271 2129 1327 2157 Gu.
1356 2131 1381 2159 1.
1407 2145 1440 2150 -—
1469 2128 1605 2157 scutella
1636 2139 1656 2156 a
1684 2134 1770 2157 acuto
1789 2139 1845 2167 per
1870 2126 1943 2155 dim.
1972 2130 2012 2152 est

1057 2173 1136 2201 enim
1171 2170 1305 2199 eiusdem
1327 2170 1548 2200 similitudinis
1569 2182 1589 2199 α
1603 2171 1734 2209 ferendo
1756 2171 1787 2200 Z.
1812 2187 1852 2192 —
1881 2167 2012 2199 Scutella

1056 2215 1094 2242 ab
1125 2225 1164 2242 se.
1189 2225 1246 2252 per
1281 2212 1353 2242 (lim.
1385 2215 1493 2243 lancis.
1546 2215 1603 2244 Est
1631 2216 1711 2243 enim
1740 2212 1872 2243 eiusdem
1896 2209 2011 2238 similis

1056 2257 1112 2286 Gn.
1137 2258 1166 2287 2.
1190 2273 1228 2278 -
1261 2257 1398 2285 scutella
1422 2268 1445 2285 a
1475 2267 1515 2286 Sc.
1538 2268 1593 2295 per
1625 2256 1700 2286 dim.
1745 2257 1801 2285 Est
1831 2254 1907 2282 enim
1929 2253 2009 2279 eius-

1055 2299 1121 2327 dem
1143 2300 1212 2328 sim.
1235 2298 1285 2327 Ar.
1330 2299 1395 2328 Om.
1418 2299 1495 2329 hanc
1518 2300 1647 2338 glossam
1678 2299 1767 2335 vulg„
1792 2297 1824 2324 in
1847 2304 1904 2332 qua
1928 2293 1954 2333 ξ.
1977 2296 2007 2325 9-

1054 2351 1170 2371 annexa
1193 2346 1245 2371 est.
1270 2360 1307 2366 —-
1332 2341 1379 2382 67)
1402 2343 1452 2372 Sic
1474 2344 1532 2372 Gu.
1554 2346 1581 2374 1.
1602 2359 1643 2366 --
1666 2342 1712 2369 vel
1732 2336 1854 2376 aliquid
1874 2336 1954 2374 vulg.
