2203 2829
165 92 240 133 zie

331 185 391 220 73.

851 86 1029 122 ISIDORI
1063 84 1244 119 HISPAL.
1277 83 1422 120 EPISC.

444 183 482 216 In
508 182 599 216 cuius
624 184 763 225 pectore
789 180 867 213 ideo
894 185 996 226 caput
1016 179 1188 225 Gorgonis
1215 180 1369 224 fingitur,
1399 179 1491 222 quod
1518 179 1587 213 illic
1607 184 1654 212 est
1681 181 1786 213 omnis
1814 180 1999 224 prudentia,
2025 193 2110 226 quae

168 238 343 278 confundit
370 236 467 278 alios,
494 239 526 268 et
552 232 723 276 imperitos
749 242 789 265 ac
815 243 931 265 saxeos
957 227 1200 277 comprobat¹:
1227 231 1321 275 quod
1350 235 1382 263 et
1404 231 1437 263 in
1464 231 1603 275 antiquis
1625 231 1872 276 Imperatorum
1899 234 2010 266 statuis
2037 246 2111 269 cer-

167 295 274 328 nimus
299 292 331 324 in
355 288 467 322 medio
496 291 634 330 pectore
660 283 798 317 loricam
810 281 836 324 ²,
865 289 1005 328 propter
1030 284 1259 317 insinuandam
1286 283 1481 326 sapientiam
1509 289 1541 316 et
1568 283 1731 316 virtutem.

332 340 391 374 74.
443 339 540 371 Haec
566 336 720 368 Minerva
741 340 773 369 et
799 336 953 369 Tritonia
984 335 1113 370 dicitur.

168 403 222 431 tur
247 392 401 438 virginali
432 388 625 433 apparuisse
655 392 781 427 aetate,
823 393 964 432 propter
986 387 1080 430 quod
1108 387 1259 420 Tritonia
1284 391 1474 430 nuncupata
1501 391 1558 421 est.

169 449 234 483 dea
259 438 424 482 credita³‚
451 444 576 484 quanto
602 439 708 472 minus
729 439 826 484 origo
849 440 917 473 eius
943 439 1091 472 innotuit.

1166 335 1285 368 Triton
1312 335 1399 367 enim
1425 334 1561 368 Africae
1587 335 1682 379 palus
1707 339 1771 374 est,
1799 335 1888 368 circa
1907 346 2007 378 quam
2041 336 2111 369 fer-

1616 386 1717 420 Unde
1751 391 1785 419 et
1811 391 1902 420 tanto
1929 387 2112 431 proclivius

331 493 391 528 75.
443 492 554 526 Pallas
581 497 691 524 autem
713 491 802 524 dicta
832 492 885 524 vel
912 491 954 523 ab
982 491 1087 524 insula
1115 489 1251 523 Pallene
1283 489 1315 521 in
1342 487 1511 529 Thracia,
1544 489 1577 522 in
1609 501 1677 533 qua
1704 489 1824 522 nutrita
1851 494 1918 530 est,
1955 489 2010 522 vel
2037 488 2111 525 α’πό

168 551 237 587 τοῦ
263 544 411 584 πάλλειν
438 541 482 579 τό
510 539 618 590 δόρυ,
646 542 680 575 id
708 549 755 575 est
782 543 824 576 ab
852 542 968 576 hastae
996 538 1252 581 concussione&
1279 541 1331 573 vel
1353 540 1444 583 quod
1472 541 1658 574 Pallantem
1687 543 1860 586 gigantem
1889 541 2060 576 occiderit.

331 596 390 630 76.
443 595 609 629 Venerem
636 595 755 628 exinde
782 595 897 628 dicunt
917 595 1122 639 appellatam

167 653 260 687 sinat.
311 650 410 682 Hanc
438 647 562 681 Graeci
586 643 832 694 'Aqipodc'vlvss

166 706 255 740 enim
269 698 281 719 ¹³
303 711 422 747 spuma
434 696 468 731 ¹⁰.

1155 619 1163 635 ,
1205 592 1297 635 quod
1325 592 1392 625 sine
1419 590 1515 624 νίῐο6
1545 593 1690 626 foemina
1717 605 1785 626 esse
1812 589 1932 638 virgo⁷
1959 604 2025 625 non
2053 592 2109 624 de-

857 652 978 681 vocant
1004 651 1146 691 propter
1172 655 1325 689 spumam
1343 644 1510 689 sanguinis
1533 650 1759 689 generantem.

1807 644 1951 691 ”Λφρος
1979 644 2112 678 Graece

331 753 391 786 77.
444 750 548 793 Quod
580 754 691 783 autem
725 750 903 783 Saturnum
933 750 1064 794 fingunt
1104 747 1212 782 Coelo
1247 747 1335 792 patri
1350 744 1373 764 ¹¹
1406 747 1561 792 genitalia
1601 747 1797 789 abscidisse,
1850 752 1882 780 et
1916 747 2110 791 sanguinem

166 808 297 841 fluxisse
322 805 355 837 in
382 815 473 837 mare
485 799 527 843 ¹²,
556 806 655 845 atque
683 813 722 834 ex
735 799 759 818 ¹³⁵
780 813 898 845 spuma
926 802 1023 835 maris
1036 798 1058 818 ¹⁴
1085 805 1241 834 concreta
1270 800 1380 832 Venus
1408 804 1484 831 nata
1512 805 1577 839 est,
1605 799 1688 831 illud
1705 799 1813 841 aiunt,
1841 799 1933 842 quod
1958 810 2019 843 per
2040 798 2111 832 coi-

166 855 275 892 tum¹⁵
302 856 377 889 salsi
406 854 554 887 humoris
580 853 760 886 substantia
786 859 853 894 est,
888 858 921 886 et
947 853 1024 885 inde
1051 851 1276 899 Ἀφροδίτην
1304 851 1469 883 Venerem
1504 851 1589 892 dici,
1622 850 1715 894 quod

520 916 559 937 ex
586 916 685 938 succo
708 905 871 938 viscerum
897 904 1024 947 liquido
1052 904 1204 946 salsoque
1232 908 1369 936 constat.

444 957 526 990 Ideo
552 962 661 989 autem
689 956 855 990 Venerem
867 953 890 972 ’Β
910 956 1052 990 Vulcani
1079 955 1194 989 dicunt
1225 965 1379 995 uxorem,
1409 954 1486 997 quia
1518 949 1739 987 Venereum¹9
1767 953 1916 986 osticium
1950 952 2076 985 nonnisi
2087 949 2112 969 ²⁰

167 909 332 955 sanguinis
340 932 349 947 ‚
376 918 463 950 quae
475 902 498 922 ¹⁷

169 1013 282 1048 calore
310 1009 471 1048 consistit,
494 1008 583 1041 unde
611 1020 644 1040 es

402 1060 572 1105 Frigidus
600 1060 634 1092 in
667 1058 833 1092 Venerem
859 1059 983 1091 senior.

647 1005 693 1040 ῑἩ

1728 847 1751 867 ¹⁶
1781 851 1886 884 coitus
1919 862 2037 894 spuma
2065 855 2111 884 est

332 1111 391 1144 79.
445 1113 531 1145 Nam
557 1111 649 1154 quod
660 1107 685 1127 ²²
712 1110 869 1143 Saturnus
883 1107 907 1126 ²³
935 1110 1056 1143 dicitur
1079 1108 1186 1142 Coelo
1215 1108 1300 1152 patri
1322 1108 1427 1141 virilia
1454 1113 1661 1152 amputasse,
1690 1119 1776 1150 quae
1803 1107 1834 1139 in
1853 1118 1944 1139 mare
1960 1106 2113 1140 cadentia

167 1165 334 1198 Venerem
351 1167 556 1201 creaverunt,
579 1162 656 1194 ideo
668 1158 692 1178 ²⁴
718 1162 873 1205 fingitur,
901 1162 978 1204 quia
995 1162 1052 1193 nisi
1070 1161 1193 1193 humor
1207 1160 1250 1191 de
1270 1160 1368 1193 coelo
1389 1160 1420 1191 in
1437 1164 1558 1193 terram
1578 1159 1806 1199 descenderit,
1829 1159 1914 1191 nihil
1937 1162 2067 1191 creatur
2078 1154 2113 1190 ²5.

332 1215 391 1248 ³:30.
444 1214 646 1258 Cupidinem
674 1209 919 1256 appellantium
955 1212 1065 1244 serunt
1100 1216 1240 1255 propter
1274 1222 1433 1243 amorem.

168 1268 237 1309 Qui
263 1266 341 1298 ideo
370 1266 475 1298 alatus
502 1265 667 1309 pingitur,
695 1263 772 1306 quia
800 1262 881 1295 nibil
909 1263 1094 1295 amantibus
1122 1262 1243 1302 levius,
1278 1262 1362 1294 nihil
1390 1262 1578 1294 mutabilius
1608 1262 1778 1295 invenitur.

918 1314 1083 1359 Sagittam
1098 1311 1122 1331 ²⁸
1158 1319 1190 1345 et
1224 1314 1332 1347 facem
1359 1318 1473 1346 tenere
1498 1314 1643 1358 fingitur.

166 1320 244 1363 quia
271 1317 386 1350 stultus
396 1313 421 1332 ²⁷
447 1322 480 1350 et
502 1315 733 1348 irrationabilis
760 1326 864 1348 amor.

167 1382 227 1406 cor
241 1366 265 1387 ²⁹
296 1369 463 1408 vulnerat,
492 1368 621 1407 facem,
655 1367 732 1409 quia
763 1366 956 1398 inflammat.

331 1419 391 1452 81.

168 1471 386 1505 militudinem
414 1471 656 1510 formaverunt,
685 1470 773 1502 unde
802 1475 834 1502 et
845 1466 866 1485 ³¹
896 1469 967 1501 Pan
995 1469 1102 1502 dictus
1123 1472 1190 1507 est,
1218 1467 1253 1499 id
1281 1473 1329 1500 est
1355 1478 1463 1500 omne.

169 1519 264 1557 sali³²
292 1523 530 1555 elementorum
558 1522 679 1565 specie.

333 1573 392 1606 82.

445 1574 559 1606 Habet
585 1573 670 1605 enim
702 1582 826 1605 cornua
859 1570 891 1603 in
925 1569 1172 1602 similitudinem
1200 1569 1369 1601 radiorum
1403 1569 1481 1602 solis
1515 1573 1547 1601 et
1582 1569 1688 1601 lunae.

1492 1212 1552 1243 Est
1583 1211 1669 1243 enim
1707 1207 1854 1243 daemon
1878 1210 2111 1242 fornicationis.

1834 1263 1920 1295 Puer
1955 1261 2113 1305 pingitur,

1696 1313 1879 1357 Sagittam,
1912 1314 1989 1356 quia
2020 1324 2114 1345 amor

452 1420 523 1451 Pan
557 1419 670 1451 dieunt
706 1418 852 1456 Graeci,
893 1418 1065 1450 Silvanum
1103 1411 1265 1456 Latini-³⁰,
1309 1416 1411 1449 deum
1443 1416 1658 1455 rusticorum,
1699 1426 1800 1458 quem
1841 1415 1873 1447 in
1905 1419 2038 1447 naturae
2071 1415 2113 1446 si-

1517 1468 1667 1512 Fingunt
1693 1467 1778 1499 enim
1811 1478 1887 1499 eum
1915 1477 1955 1498 ex
1984 1466 2114 1498 univer-

1756 1568 1951 1602 Distinctam
1977 1568 2115 1602 maculis

169 1625 275 1658 habet
300 1626 445 1669 pellem,
473 1628 614 1669 propter
641 1624 728 1657 coeli
755 1623 873 1656 sidera.
915 1622 1030 1654 Rubet
1056 1621 1124 1654 eius
1140 1621 1239 1655 facies
1267 1621 1309 1653 ad
1336 1620 1583 1653 similitudinem
1611 1619 1763 1652 aetheris.
1808 1620 1968 1652 Fistulam
1986 1625 2114 1663 septem

170 1677 375 1711 calamorum
398 1682 515 1721 gestat,
543 1681 683 1720 propter
701 1674 911 1707 harmoniam
928 1673 1025 1713 coeli,
1049 1673 1160 1716 inqua
1182 1678 1255 1705 sunt
1277 1677 1406 1716 septem
1416 1668 1440 1688 ³³
1468 1671 1539 1704 soni
1562 1676 1594 1703 et
1617 1676 1744 1716 septem
1766 1670 1956 1704 discrimina
1982 1682 2114 1707 vocum.

258 1781 283 1811 1)
307 1779 457 1816 improbat
483 1779 520 1808 al.
545 1794 586 1799 --
608 1776 637 1816 2)
661 1777 710 1805 Sic
740 1776 797 1805 Gu.
817 1778 844 1807 1.
866 1785 989 1813 eamque
1013 1774 1120 1802 lectio-

173 1829 239 1847 nem
255 1820 423 1849 coniectura
447 1826 598 1850 assecutus
623 1825 667 1848 est
684 1820 781 1855 Arev„
800 1828 977 1857 quamquam
1001 1817 1030 1845 in
1052 1827 1121 1845 con-

174 1866 254 1890 texta
278 1872 334 1890 non
369 1865 489 1902 recepit.
512 1879 553 1885 ——
583 1863 669 1899 Vulg.
694 1863 814 1890 loricae.
843 1877 885 1884 —
914 1863 942 1897 3)
970 1860 1055 1897 Vulg.
1078 1865 1121 1887 est

174 1904 259 1940 add.‚
281 1905 362 1942 quod
385 1916 440 1935 om.
473 1907 528 1935 Gu.
550 1909 574 1935 1.
593 1908 620 1935 2.
646 1906 694 1933 Ar.
714 1921 755 1926 —
778 1904 809 1941 4)
831 1903 870 1932 ab
892 1903 988 1931 hostis
1012 1904 1121 1930 incar—

171 1947 256 1975 Sb'one
278 1948 334 1974 Gu-
349 1950 377 1977 2.
394 1957 459 1983 va.‚
483 1957 558 1985 quae
573 1947 671 1976 addit:
696 1947 734 1975 ab
757 1947 849 1974 hasta
867 1947 1067 1974 conetur-sione.
1082 1963 1119 1968 ——

174 1991 203 2025 5)
228 1989 276 2017 Sic
294 1990 349 2017 Gu.
369 1992 394 2020 1.
415 2005 456 2011 --
479 1990 563 2025 Vulg.
587 1996 805 2029 nuncupatam.
828 2006 870 2011 —
898 1990 927 2026 6)
952 1990 1001 2016 Sic
1022 1989 1077 2016 Gu.
1094 1991 1121 2019 1.

176 2032 213 2061 al.
237 2036 265 2060 et
286 2041 348 2060 var.
371 2031 437 2061 lect.
460 2042 505 2070 ap.
528 2032 617 2061 Goth.
641 2048 681 2055 -—
704 2036 732 2066 7)
756 2034 843 2070 virgo
867 2043 928 2059 esse
953 2033 1010 2060 Gu.
1024 2034 1051 2062 2.
1076 2041 1121 2060 va.

178 2090 213 2096 ——
244 2074 276 2112 8)
301 2073 437 2111 Afrodin
460 2073 489 2103 h.
507 2075 526 2104 1.
558 2079 585 2102 et
608 2075 719 2113 ubique
749 2075 804 2103 Gu.
828 2078 856 2106 1.
882 2078 912 2106 2.
943 2084 989 2112 pr.
1009 2083 1055 2102 va.
1081 2089 1122 2095 —

179 2117 290 2146 Graece
313 2117 368 2146 Gu.
389 2119 418 2148 2.
441 2133 479 2139 —-
514 2115 545 2156 9)
569 2117 615 2145 Sic
641 2118 695 2145 Gu.
714 2120 741 2148 1.
767 2134 805 2139 --
830 2117 915 2154 Vulg.
935 2113 1022 2155 Ἀφρ.
1045 2117 1123 2144 enim

180 2160 234 2190 Gr.
253 2177 286 2181 —
315 2159 372 2188 Gu.
387 2162 416 2190 2.
438 2164 537 2187 autem
559 2169 614 2197 pro
638 2161 725 2188 enim.
751 2177 788 2182 --
814 2158 857 2197 10)
881 2159 966 2196 Vulg.
979 2158 1046 2187 add.
1068 2170 1123 2187 ι’ω-

177 2207 284 2239 οαιιιν,
306 2201 387 2240 quod
409 2212 466 2230 om.
491 2202 547 2230 Gu.
564 2204 591 2231 1.
614 2217 655 2223 —
679 2202 725 2239 11)
749 2202 797 2230 Sic
821 2203 878 2231 Gu.
895 2205 919 2233 1.
933 2203 963 2231 2.
983 2217 1019 2222 -
1037 2201 1122 2239 Vulg.

171 2246 300 2283 fingunt
329 2244 427 2273 Iovem
456 2245 590 2272 Saturno
624 2244 709 2271 Coelo
734 2245 831 2282 patri.
849 2244 898 2273 Ar.
921 2254 965 2282 pr.
989 2253 1033 2272 va.
1050 2245 1122 2281 fin·-

178 2293 256 2325 gunt
277 2287 446 2315 Saturnum
470 2287 567 2316 Coelo.
596 2302 637 2307 —
669 2289 713 2317 12)
736 2288 768 2314 ιἰι
790 2288 870 2314 mari
892 2287 947 2314 Gu.
965 2289 994 2317 2.
1018 2286 1053 2315 al.
1074 2297 1120 2326 pr.

181 2346 221 2353 —
246 2332 289 2363 13)
311 2335 401 2368 atque
421 2328 486 2357 idco
502 2340 545 2368 sp.
564 2329 619 2356 Gu.
636 2330 662 2358 1.
683 2344 725 2350 -—
748 2334 773 2356 et
796 2328 879 2367 quod
899 2339 931 2357 ex
946 2338 991 2366 ‹51⁷-
1016 2329 1065 2357 ΑΓ.
1083 2346 1120 2350 -

183 2384 214 2400 co
230 2383 273 2411 sp.
298 2372 354 2402 Gu.
372 2375 399 2405 2.
417 2382 463 2411 pr.
477 2389 510 2393 —-
528 2382 563 2399 εα
581 2381 692 2409 spuma
711 2370 748 2399 al.
770 2388 811 2393 —
836 2370 880 2409 14)
903 2373 997 2398 maris
1011 2372 1047 2401 al.
1065 2382 1121 2401 om.

1164 1790 1204 1798 —
1230 1774 1273 1813 15)
1293 1775 1390 1801 coitus
1409 1773 1466 1802 Gu.
1482 1776 1510 1804 2.
1535 1789 1573 1794 ·-
1598 1771 1642 1811 16)
1665 1772 1713 1800 Sic
1729 1773 1786 1800 Gu.
1812 1775 1837 1803 1.
1853 1775 1884 1803 2.
1909 1772 1946 1800 al.
1960 1783 2008 1811 pr.
2031 1774 2114 1812 (qao)

1165 1817 1241 1856 quia
1264 1816 1346 1854 vulg,
1380 1832 1416 1837 -—
1458 1817 1503 1851 17)
1527 1816 1582 1853 qai
1605 1815 1663 1843 Gu.
1688 1818 1716 1845 1.
1745 1830 1786 1836 —
1819 1817 1862 1852 18)
1890 1815 2031 1843 Venerem
2056 1827 2113 1845 om.

1166 1862 1220 1888 Gn.
1243 1861 1272 1889 2.
1295 1875 1337 1881 -
1361 1862 1404 1892 19)
1427 1858 1587 1887 Venerium
1610 1857 1666 1886 Gu.
1684 1860 1709 1888 1.
1732 1867 1779 1896 pr.
1795 1866 1841 1885 va.
1863 1873 1906 1879 --
1926 1856 1974 1898 20)
1990 1859 2038 1887 Sic
2056 1859 2112 1890 Gu.

1166 1906 1193 1935 1.
1218 1901 1270 1931 Ar.
1294 1918 1335 1923 —-
1354 1912 1414 1930 non
1436 1902 1500 1927 sine
1522 1900 1600 1937 vulg.
1627 1917 1664 1921 —
1687 1902 1732 1937 21)
1757 1899 1806 1927 sic
1829 1901 1887 1929 Gn.
1904 1902 1930 1931 1.
1947 1902 1976 1930 2.
2003 1911 2049 1940 pr.
2067 1911 2114 1931 va.

1165 1946 1215 1975 Ar.
1259 1945 1355 1973 Locus
1378 1948 1421 1973 est
1443 1953 1479 1972 ex
1503 1942 1603 1980 Vin-gil.
1630 1943 1735 1980 Georg.
1756 1942 1816 1977 111,
1837 1944 1892 1974 97:
1915 1943 2065 1981 Frigidus
2081 1945 2114 1972 in

1169 1989 1309 2017 Venerem
1331 1988 1436 2015 senior.
1466 2001 1508 2007 -—
1538 1988 1582 2019 22)
1607 1983 1689 2023 quod
1715 1984 1817 2013 addidi
1845 1995 1861 2014 e
1883 1985 1940 2014 Gu.
1965 1989 1990 2016 1.
2014 1989 2043 2019 2.
2064 1996 2113 2025 pr.

1164 2031 1216 2062 Ar„
1238 2046 1278 2053 -—
1307 2031 1352 2067 23)
1376 2030 1507 2057 Saturno
1531 2028 1611 2056 lovis
1641 2027 1756 2056 dicitur
1779 2038 1824 2066 pr.
1847 2043 1890 2050 —
1913 2028 2002 2065 patri
2027 2028 2113 2058 Coelo

1166 2075 1224 2103 Gu.
1241 2076 1272 2105 2.
1286 2083 1334 2102 va.
1358 2072 1407 2100 Ar.
1429 2088 1466 2093 -
1489 2068 1537 2110 24)
1552 2069 1636 2109 quod
1656 2070 1722 2098 ideo
1746 2071 1801 2098 Gu.
1820 2073 1845 2100 1.
1862 2073 1892 2101 2.
1916 2085 1950 2090 —
1973 2072 2018 2108 25)
2030 2071 2115 2100 Ilaec

1165 2114 1252 2155 apud
1272 2115 1397 2153 Paphos
1409 2115 1516 2151 faisse
1537 2113 1654 2141 dicitur
1675 2112 1745 2143 add.
1768 2111 1836 2141 cod.
1861 2111 1970 2141 Lucan.
1994 2131 2033 2136 —
2067 2113 2114 2153 26)

1166 2160 1215 2188 Sic
1237 2157 1293 2186 Gu.
1319 2160 1348 2188 1.
1369 2173 1412 2178 —
1434 2162 1574 2184 vocatum
1596 2156 1676 2194 vulg.
1705 2171 1746 2177 --
1772 2154 1820 2193 27)
1843 2159 1885 2181 εει
1908 2154 1976 2185 add.
2000 2156 2049 2184 Ar.
2072 2172 2114 2179 -.

1164 2200 1210 2237 28)
1234 2201 1389 2238 Sagittam
1410 2221 1416 2226 .
1434 2221 1440 2227 .
1457 2220 1467 2229 .
1487 2200 1627 2238 fingitur
1655 2208 1712 2228 om.
1737 2197 1793 2227 Gu.
1814 2199 1842 2227 2.
1864 2212 1908 2218 —
1938 2195 1988 2237 29)
2011 2209 2115 2228 eorum

1165 2254 1221 2283 pro
1242 2253 1292 2270 cor
1316 2242 1371 2270 Gu.
1390 2244 1417 2274 1.
1434 2258 1474 2263 —
1496 2242 1544 2282 30)
1561 2242 1612 2270 Sic
1628 2241 1684 2269 Gu.
1700 2243 1727 2272 1.
1750 2258 1787 2262 —-
1810 2240 1922 2268 Latini
1938 2241 2012 2270 Silo.
2031 2242 2113 2280 vulg.

1166 2302 1205 2308 —-
1235 2284 1280 2323 31)
1305 2290 1330 2313 ct
1354 2295 1411 2315 om.
1435 2284 1506 2314 edit.
1530 2283 1619 2313 Goth.
1644 2301 1682 2307 —·
1705 2281 1751 2321 32)
1775 2284 1919 2310 universa
1942 2283 1980 2311 al.
2001 2299 2043 2306 —-
2065 2286 2114 2321 33)

1165 2328 1213 2356 Sic
1238 2328 1294 2356 Gu.
1314 2330 1338 2358 1.
1352 2344 1393 2349 —
1416 2333 1524 2365 septem
1541 2332 1614 2354 sunt
1637 2326 1718 2363 vulg.
1743 2341 1785 2347 —
1807 2324 1852 2364 34)
1876 2325 1925 2354 Sic
1948 2335 1962 2353 e
1981 2326 2113 2365 vestigiis

1165 2371 1222 2401 Gu.
1241 2373 1267 2402 1.
1291 2370 1410 2410 scripsi,
1438 2370 1467 2398 in
1485 2380 1544 2408 quo
1567 2374 1623 2399 est:
1647 2369 1737 2397 tellas
1759 2377 1826 2396 cum
1842 2369 1951 2396 vestita
1967 2373 2011 2397 est
2025 2370 2113 2408 agita
