2203 2829
178 138 251 173 188
875 133 1052 169 lSlDORl
1079 134 1259 170 HISPAL.
1288 134 1432 169 EPISC.

344 230 403 265 15.
457 231 667 265 Psalmorum
695 229 781 262 liber
804 228 937 263 Graece
964 226 1199 274 psalterium¹,
1225 230 1344 263 Latine
1371 240 1536 274 organum
1565 228 1693 264 dicitur.
1747 226 1918 263 Vocatus²
1945 236 2055 265 autem
2083 232 2126 266 li-

173 285 234 318 ber
261 281 507 324 Psalmorum³‚
542 282 635 326 quod
664 293 728 314 uno
756 280 926 326 propheta
953 286 1092 315 canente
1118 278 1184 314 ad⁴
1211 282 1423 327 psalterium,
1455 281 1586 314 Chorus
1620 281 1835 315 consonando
1870 284 2090 327 responderet
2102 280 2124 317 ⁵.

172 336 306 370 Titulus
342 341 453 368 autem
488 336 520 368 in
553 334 690 379 psalmis
716 331 926 368 Hebraicus⁶
958 334 1005 366 ita
1038 338 1102 375 est,
1136 330 1292 378 Sepher'
1327 332 1526 375 'rhehilim,
1560 334 1654 377 quod
1688 334 1924 378 interpretatur
1958 335 2125 369 Volumen

171 387 386 433 hymnorum.

339 438 398 471 16.
451 438 614 471 Auctores
643 433 776 469 autem⁸
801 436 1018 481 psalmorum,
1045 432 1125 479 qui⁹
1151 441 1320 481 ponuntur
1334 432 1357 452 ¹⁰
1382 436 1415 469 in
1438 435 1535 468 titulis
1548 432 1582 479 ¹¹,
1609 435 1746 480 Moyses
1774 436 1900 469 scilicet
1927 433 1993 470 et¹²
2015 437 2124 471 David

172 495 204 524 et
227 490 407 529 Salomon,
432 489 567 534 Asaph,
594 489 726 529 Ethan‚
760 488 897 521 Idithun
909 485 932 505 ¹³
959 493 992 521 et
1018 488 1078 520 filii
1106 487 1212 530 core,
1240 489 1360 531 Eman,
1388 484 1582 521 Ezraitha¹⁴
1609 493 1641 520 et
1666 487 1871 532 reliquorum
1884 485 1923 530 ¹⁵,
1950 500 2033 533 quos
2060 490 2124 522 Es-

171 542 248 575 dtas
274 552 341 575 uno
368 541 536 574 volumine
563 540 831 585 comprehendit.

336 601 395 635 17.
447 601 574 636 Omnes
601 606 711 634 autem
739 600 858 645 psalmi
883 599 974 644 apud
992 599 1167 632 Hebraeos
1190 599 1328 633 metrico
1344 598 1490 633 carmine
1508 602 1659 633 constant
1686 610 1756 632 esse
1783 599 1961 644 compositi
1975 596 2007 632 ¹⁶.
2036 600 2123 633 Nam

169 654 316 687 Romani
344 654 376 686 in
394 665 521 687 morem
540 654 654 688 Flacci
668 650 691 670 ¹²
719 658 751 685 et
778 653 901 686 Graeci
928 651 1080 692 Pindari,
1108 663 1194 684 nunc
1222 652 1274 683 alii
1302 651 1414 684 iambo
1443 657 1595 692 currunt,
1631 662 1718 686 nunc
1739 651 1867 685 alcaico
1882 648 1906 668 ¹⁸
1932 656 2122 696 personant,

169 717 258 740 nunc
285 705 464 751 Sapphico
491 706 594 738 nitent
618 705 785 747 trimetro,
813 704 865 737 vel
892 708 1083 736 tetrametro
1111 703 1199 747 pede
1226 703 1425 736 incedentes.

338 765 396 800 18.
448 766 610 799 Salomon
645 766 730 798 filius
756 764 866 798 David
900 765 990 809 regis
1020 759 1156 796 Israel¹⁹
1191 764 1281 796 iuxta
1311 774 1484 795 numerum
1518 762 1760 796 vocabulorum
1795 773 1929 795 suorum
1964 762 2026 795 tria
2059 774 2122 795 vo-

169 819 295 852 lumina
322 818 445 859 edidit,
480 829 622 861 quorum
650 818 777 863 primus
804 821 853 850 est
880 812 1080 848 Masinth²⁰z
1117 826 1216 858 quern
1245 815 1367 848 Graeci
1395 815 1594 854 parabolas,
1630 814 1739 847 Latini
1772 814 2031 847 proverbiorum
2059 825 2122 846 no-

170 870 294 903 minant
307 867 351 910 ²¹,
394 881 434 902 eo
462 870 555 914 quod
586 870 619 902 in
653 870 727 915 ipso
758 869 818 902 sub
847 868 1075 912 comparativa
1103 867 1317 900 similitudine
1351 867 1476 912 figuras
1506 867 1684 900 verborum
1720 871 1752 898 et
1784 866 1945 911 imagines
1979 866 2122 899 veritatis

169 921 352 955 ostenderit
365 918 401 955 ²².

335 971 396 1007 19.
449 972 559 1017 Ipsam
588 976 698 1005 autem
728 971 899 1004 veritatem
933 969 976 1003 ad
1012 969 1264 1014 intelligendum
1293 968 1479 1013 legentibus
1507 964 1730 1001 reservavit²².
1783 967 1977 1002 Secundum
1999 968 2122 1002 librum

172 1021 378 1056 Hebraice²⁴
405 1023 576 1058 Coheleth
604 1023 745 1064 vocavit,
773 1018 863 1066 qui²5
891 1022 1024 1055 Graece
1050 1021 1265 1055 Ecclesiastes
1295 1020 1435 1060 dicitur,
1464 1020 1582 1053 Latine
1610 1020 1845 1059 Concionator,
1871 1031 1912 1053 eo
1940 1020 2033 1063 quod
2051 1032 2121 1053 ser-

169 1086 225 1108 mo
253 1073 340 1108 eius⁹
368 1087 435 1108 non
461 1076 649 1121 specialiter
676 1075 719 1107 ad
748 1085 866 1114 unum,
901 1074 984 1107 sicut
1018 1074 1050 1106 in
1082 1073 1286 1114 Proverbiis,
1320 1072 1379 1105 sed
1413 1072 1456 1104 ad
1484 1073 1650 1105 universos
1677 1072 1877 1116 generaliter
1904 1068 2121 1116 dirigatur²⁵‚

169 1126 294 1160 docens
322 1127 449 1168 omnia,
477 1128 619 1171 quaein
642 1126 766 1159 mundo
795 1122 1008 1165 cernimus²²‚
1036 1125 1164 1159 caduca
1195 1136 1263 1156 esse
1287 1129 1320 1156 et
1345 1124 1474 1164 brevia,
1511 1129 1544 1156 et
1578 1125 1622 1156 ol»
1656 1123 1724 1156 hoc
1759 1124 1892 1155 minime
1920 1123 2121 1168 appetenda.

335 1186 395 1221 20.
449 1187 602 1220 Tertium
630 1187 749 1218 librum
777 1185 830 1217 Sir
857 1184 1004 1217 hassirim
1034 1185 1250 1228 praenotavit,
1278 1184 1335 1226 qui
1363 1184 1395 1216 in
1422 1184 1575 1216 Latinam
1604 1179 1788 1228 linguam²8
1815 1183 1951 1215 vertitur
1979 1183 2121 1217 Cantica

168 1238 372 1271 canticorum
384 1234 419 1279 ²⁹,
447 1238 501 1270 ubi
530 1249 592 1281 per
619 1237 872 1281 epithalamium
898 1247 1030 1269 carmen
1055 1235 1322 1268 coniunctionem
1351 1234 1475 1267 Christi
1503 1241 1535 1267 et
1562 1236 1735 1268 Ecclesiae
1763 1235 1898 1278 mystice
1925 1236 2023 1270 canit.
2062 1236 2121 1267 Di-

169 1295 258 1322 ctum
288 1294 398 1322 autem
426 1289 600 1322 Canticum
629 1289 852 1328 canticorum,
881 1298 921 1319 eo
949 1287 1042 1330 quod
1070 1287 1222 1319 omnibus
1247 1286 1380 1319 canticis
1407 1287 1632 1329 praeferatur,
1659 1298 1745 1329 quae
1768 1287 1801 1318 in
1828 1287 1996 1330 scripturis
2023 1287 2121 1320 sacris

168 1340 350 1379 habentur,
378 1340 462 1373 sicut
488 1341 654 1384 quaedam
681 1340 713 1372 in
741 1339 819 1383 lege
846 1338 1000 1372 dicuntur
1027 1344 1156 1375 sancta,
1197 1338 1317 1381 quibus
1345 1339 1473 1370 maiora
1496 1344 1569 1371 sunt
1595 1339 1717 1372 Sancta
1744 1343 1941 1370 sanctorum.

334 1399 396 1433 21.
451 1401 582 1433 Horum
605 1406 715 1433 autem
742 1399 840 1431 trium
870 1399 1029 1431 librorum
1062 1398 1209 1432 carmina
1237 1398 1438 1431 hexametris
1466 1403 1498 1430 et
1524 1398 1738 1443 pentametris
1767 1398 1912 1431 versibus
1933 1397 2025 1442 apud
2046 1408 2121 1431 suos

169 1450 356 1495 composita
379 1451 617 1495 perhibentur,
646 1457 681 1484 ut
706 1450 870 1494 Iosephus
898 1451 1191 1494 Hieronymusque
1204 1447 1229 1466 ³⁰
1255 1450 1412 1483 scribunt.

336 1510 397 1546 22.
450 1508 582 1543 lsaias³¹
610 1511 814 1555 evangelista
840 1510 968 1554 potiuS‚
995 1522 1095 1552 quam
1124 1509 1294 1553 propheta
1321 1509 1426 1542 edidit
1448 1509 1570 1541 librum
1595 1520 1709 1552 suum,
1737 1509 1829 1543 cuius
1857 1520 1956 1542 omne
1983 1513 2122 1543 contex—

169 1558 264 1595 ίιιηι3
323 1562 532 1605 eloquentiae
578 1574 657 1596 suae
671 1559 696 1579 ³³
742 1573 842 1606 prosa
885 1561 1021 1597 incedit.
1100 1561 1277 1594 Canticum
1321 1571 1401 1594 vero
1446 1559 1642 1593 hexametro
1691 1566 1723 1593 et
1769 1566 1979 1604 pentametro
2028 1571 2122 1593 versu

171 1613 333 1648 discurrit.

338 1663 397 1697 23.
450 1664 638 1698 Hieremias
666 1665 816 1698 similiter
839 1665 946 1698 edidit
969 1664 1091 1697 librum
1115 1675 1207 1696 suum
1237 1674 1313 1697 cum
1341 1662 1465 1696 threnis
1491 1658 1610 1703 suis-³⁴,
1637 1673 1722 1706 quos
1734 1659 1759 1679 ³⁵
1786 1673 1845 1694 nos
1873 1662 2035 1694 Lamenta
2061 1672 2120 1694 vo-

172 1727 304 1758 camus,
339 1727 380 1749 eo
407 1716 500 1760 quod
526 1717 559 1749 in
581 1717 775 1751 tristioribus
802 1718 899 1750 rebus
926 1716 1162 1760 funeribusque
1189 1715 1430 1757 adhibeantur,
1464 1715 1497 1747 in
1523 1713 1643 1758 quibus
1669 1714 1926 1759 quadruplicem
1939 1711 1964 1731 ³⁰
1988 1713 2120 1747 diverso

258 1814 287 1856 1)
310 1816 447 1845 hebraice
469 1818 562 1846 nabla
586 1817 653 1847 add.
682 1818 738 1847 Gu.
759 1822 789 1851 2.
813 1828 860 1847 va.
886 1818 934 1847 Ar.
960 1816 1066 1858 (nebel)
1086 1818 1124 1847 al.
1169 1817 1234 1847 Om.
1249 1816 1307 1845 hoc
1330 1826 1437 1845 nomen
1460 1815 1541 1853 vulg.
1566 1832 1606 1836 —
1631 1815 1676 1853 15)
1694 1815 1806 1853 reliqui
1819 1815 1854 1844 al.
1869 1831 1902 1836 —
1927 1815 1974 1851 16)
1999 1814 2046 1842 Sic
2062 1814 2118 1844 Gu.

174 1859 338 1898 (nablum.)
365 1876 406 1882 —
436 1858 467 1898 ff)
488 1867 615 1889 vocatur
639 1862 695 1889 Gu.
712 1864 741 1892 2.
764 1861 800 1890 al.
826 1877 868 1882 —
890 1860 923 1899 3)
940 1861 1055 1899 psalm.
1079 1861 1125 1888 li-
1171 1863 1196 1890 1.
1214 1864 1241 1892 2.
1260 1860 1295 1888 al.
1313 1870 1358 1899 pr.
1376 1870 1421 1887 va.
1441 1875 1474 1879 —
1490 1858 1631 1897 psalmo-5·
1647 1881 1652 1887 .
1673 1880 1678 1884 .
1697 1879 1703 1885 .
1727 1863 1845 1886 constat
1861 1879 1868 1886 .
1886 1879 1891 1885 .
1908 1878 1917 1887 .
1940 1859 2119 1895 compo-citou

174 1902 223 1930 ber
245 1902 302 1931 Gu.
320 1904 349 1933 2.
368 1919 402 1923 --
425 1903 500 1931 liber
515 1914 571 1934 om.
594 1904 639 1932 Ar.
658 1920 695 1925 —
722 1904 753 1942 4)
770 1903 814 1932 ad
835 1904 870 1931 al.
889 1914 945 1932 om.
970 1919 1011 1926 -—-
1033 1904 1064 1940 5)
1082 1914 1124 1930 re·
1168 1903 1248 1940 vulg.
1269 1921 1307 1925 —
1339 1904 1381 1938 17)
1399 1902 1448 1930 Sic
1469 1901 1526 1929 Gu.
1546 1904 1572 1932 1.
1588 1916 1628 1922 —
1653 1901 1738 1937 Vulg.
1756 1902 1788 1928 in
1807 1912 1888 1928 more
1911 1900 2001 1930 Rom.
2014 1901 2118 1930 Flacc.

173 1944 327 1984 sponderit
345 1945 384 1974 al.
409 1962 447 1965 —
470 1943 501 1985 6)
515 1946 666 1973 hebraicis
681 1946 717 1974 al.
733 1963 774 1968 —
791 1948 836 1974 ita
853 1952 894 1974 cst
912 1946 1013 1975 addidi
1037 1955 1051 1974 e
1066 1946 1123 1975 Gu.
1167 1962 1209 1966 ——
1231 1947 1263 1973 in
1285 1956 1395 1972 morem
1417 1954 1472 1983 pro
1494 1945 1527 1971 ιἰι
1550 1954 1630 1971 more
1656 1944 1764 1982 scripsi
1787 1954 1854 1972 curn
1879 1944 1978 1974 Gu.2.
2004 1943 2053 1971 Ar.
2079 1960 2118 1966 -ο

173 1992 202 2021 1.
220 1991 247 2019 2.
262 1997 306 2026 pr.
321 1997 385 2025 va.,
408 1997 483 2025 quae
507 1988 684 2017 Hebraicum
707 1999 813 2018 nornen
828 2000 886 2018 om.
907 2007 945 2011 —
968 1992 995 2024 7)
1014 1988 1124 2026 Scphcr
1169 1986 1215 2027 18)
1239 1988 1286 2016 Sic
1310 1988 1366 2016 Gu.
1383 1989 1409 2018 1.
1425 1987 1471 2015 Ar.
1485 2002 1519 2008 ——
1532 1986 1662 2024 elegiaco
1686 1986 1767 2021 vulg.
1785 2002 1826 2007 —
1847 1990 2012 2025 personant
2025 1990 2118 2013 metro

173 2030 332 2068 legendum
356 2030 483 2059 coniecit
503 2031 588 2059 Arev.
601 2041 616 2059 e
634 2037 775 2070 corrupta
791 2032 918 2061 lectione
932 2031 998 2060 cod.
1014 2031 1036 2062 I.
1060 2031 1122 2059 To-

173 2074 223 2102 let.
248 2073 447 2110 Sasartallim
469 2073 489 2100 i.
504 2084 528 2103 e.
547 2074 622 2102 liber
644 2074 777 2103 laudum.
823 2075 855 2103 ln
877 2074 944 2103 cod.
962 2075 1018 2103 Gu.
1037 2076 1062 2104 1-
1080 2078 1123 2102 est

174 2115 384 2154 Isplzirtalim,
409 2115 438 2143 in
461 2116 517 2144 Gu.
536 2119 564 2148 2.
583 2126 628 2145 va.
674 2117 775 2155 lspltir
797 2117 946 2146 athalln'n.
980 2117 1044 2145 Om.
1069 2115 1125 2144 He-

174 2158 309 2187 braicum
332 2158 512 2187 vocabulum
536 2159 615 2195 vulg.
640 2163 669 2187 et
692 2159 762 2187 edit.
785 2170 831 2198 pr,
848 2160 934 2189 Arev.
959 2177 996 2181 —
1021 2162 1123 2191 8)c1u-

175 2206 234 2228 tem
256 2211 313 2231 om.
338 2201 395 2230 Gu.
410 2203 438 2231 2.
462 2217 502 2223 -—
524 2201 553 2241 9)
572 2202 620 2229 Sic
636 2202 692 2229 Gu.
713 2204 737 2233 1.
760 2200 832 2242 (qui
856 2202 905 2230 Ar.
929 2212 976 2241 pr.
989 2200 1051 2240 va.)
1066 2202 1122 2232 Gu.

177 2246 206 2274 2.
231 2243 269 2272 al.
289 2261 323 2265 -
343 2243 429 2280 Vulg.
453 2249 542 2282 sant,
568 2254 657 2282 quae,
675 2261 711 2264 —
739 2248 780 2277 10)
800 2250 1016 2283 proponuntur
1038 2245 1125 2272 al.—

181 2284 223 2324 11)
248 2285 297 2314 Sic
315 2286 371 2316 Gu.
389 2288 452 2317 1.2.
469 2297 512 2315 va.
528 2304 568 2308 —
582 2286 673 2314 titulo
694 2286 774 2323 vulg.
799 2303 838 2307 -—
864 2287 910 2324 12)
927 2287 1040 2314 scilicet
1065 2298 1124 2317 om.

179 2338 224 2356 va.
247 2345 288 2350 —
324 2326 368 2367 13)
389 2329 438 2357 Sic
457 2328 507 2360 Ar.
530 2339 574 2368 pr.
604 2346 640 2350 —
676 2334 701 2356 et
724 2328 847 2357 idithun
878 2330 935 2358 Gu.
971 2332 999 2360 2.
1016 2339 1060 2357 va.
1084 2346 1124 2351 —

183 2370 306 2399 Iditln'm
329 2371 409 2408 vulg.
435 2389 472 2395 —
498 2371 542 2412 14)
562 2371 611 2400 Sic
633 2371 758 2400 coniecit
781 2372 884 2407 Arev„
907 2369 957 2410 qui
980 2372 1042 2410 ipse
1066 2382 1123 2410 po-

181 2414 237 2442 nuit
262 2413 432 2444 Ezmitlzae.
470 2414 527 2443 Gu.
551 2418 575 2446 1.
599 2416 628 2447 2.
649 2425 695 2454 pr.
712 2425 757 2444 va.
781 2413 922 2444 exhibent
946 2415 1124 2445 Ezraclt'tae.

1167 2030 1205 2059 al.
1230 2047 1271 2052 —-
1296 2031 1342 2068 19)
1360 2029 1482 2058 Israelis
1500 2028 1537 2057 al.
1561 2046 1599 2050 ——
1628 2030 1675 2064 20)
1702 2029 1752 2056 Sic
1775 2029 1832 2057 Gu.
1852 2032 1875 2059 1.
1899 2032 1927 2059 2.
1953 2038 1997 2066 pr.
2012 2038 2056 2057 va.
2078 2044 2117 2050 -·

1167 2073 1257 2101 Misle
1280 2073 1380 2110 vulg.,
1414 2081 1487 2110 quae
1510 2070 1632 2100 exhibet
1655 2072 1805 2099 Ilchraice
1836 2071 1942 2107 Ma'sle,
1969 2070 2021 2098 sed
2053 2072 2117 2099 Ile—

1167 2116 1268 2143 l›raice
1289 2126 1345 2144 orn.
1370 2115 1425 2144 Gu.
1446 2117 1471 2145 1.
1487 2116 1515 2144 2.
1532 2130 1573 2135 -
1595 2115 1642 2151 21)
1659 2116 1714 2153 qui
1739 2115 1852 2142 Graece
1864 2134 1871 2143 .
1885 2134 1894 2142 .
1910 2135 1919 2142 .
1940 2116 2117 2142 nominatur

1167 2160 1223 2188 Gu.
1240 2161 1270 2189 2.
1290 2174 1330 2179 -
1348 2156 1395 2197 ΞΞ)
1414 2155 1576 2184 ostenderet
1591 2156 1646 2184 Gn.
1663 2161 1691 2189 2.
1710 2167 1757 2196 pr.
1771 2172 1813 2178 -
1833 2158 1880 2193 93)
1897 2158 2040 2185 reseravit
2058 2157 2115 2186 Gu.

1170 2204 1196 2232 1.
1220 2201 1257 2229 al.
1277 2217 1313 2221 --
1343 2200 1390 2236 24)
1405 2199 1553 2227 Heln-alce
1574 2199 1674 2228 addidi
1693 2210 1709 2229 e
1732 2200 1788 2227 Gu.
1808 2201 1834 2230 1.
1858 2215 1899 2220 —
1921 2199 1968 2234 95)
1988 2201 2042 2238 qui
2057 2209 2115 2229 om.

1167 2254 1214 2273 va.
1236 2260 1278 2264 —
1300 2245 1344 2278 26)
1364 2241 1513 2280 dirigitur
1537 2242 1573 2270 al.
1596 2259 1633 2263 —
1657 2241 1705 2282 27)
1723 2247 1795 2269 sunt
1811 2241 1850 2271 al.
1873 2251 1919 2280 pr.
1937 2251 1983 2270 va.
2002 2258 2044 2264 —·
2067 2242 2115 2279 28)

1167 2288 1200 2315 in
1224 2285 1326 2313 latina
1349 2285 1460 2322 lingua
1484 2284 1521 2313 al.
1542 2300 1585 2306 —
1614 2286 1661 2322 ⁶29)
1681 2286 1833 2313 canticum
1857 2285 2045 2312 canticorum
2068 2294 2115 2313 va.

1166 2346 1207 2350 —
1228 2329 1383 2356 canticum
1405 2328 1516 2355 cantici
1535 2328 1571 2356 al.
1595 2345 1632 2349 -
1656 2330 1701 2364 30)
1723 2328 1771 2355 Sic
1785 2326 1877 2357 Gu.1.
1894 2332 1975 2354 —ec
1989 2328 2115 2356 Hieron.

1166 2371 1248 2409 vulg.
1276 2387 1317 2392 —
1353 2372 1398 2406 31)
1425 2371 1472 2398 Sic
1495 2370 1549 2398 Gu.
1570 2374 1595 2401 1.
1614 2370 1665 2399 Ar.
1684 2386 1726 2391 —
1746 2370 1861 2397 Esaias
1883 2369 1965 2407 vulg.
1995 2386 2033 2391 —
2063 2369 2114 2407 32)

1167 2414 1216 2443 Sic
1235 2414 1291 2442 Gu.
1307 2416 1332 2446 1.
1347 2429 1387 2434 —
1409 2412 1495 2452 Vulg.
1521 2414 1618 2441 omnis
1640 2417 1801 2442 contextas.
1817 2427 1858 2433 —-
1872 2422 1986 2440 omnem
2000 2417 2114 2440 textum
