2255 2819
245 101 321 135 434
942 100 1118 136 lSlDORl
1143 101 1324 136 HISPAL.
1350 102 1497 137 EPISC.

411 192 445 226 3.
498 192 599 226 Unde
625 191 794 225 evidenter
820 192 937 225 orbem
965 193 1139 227 dimidium
1168 195 1254 229 duae
1276 201 1389 229 tenent
1415 196 1555 241 Europa
1583 202 1615 230 et
1629 197 1761 236 Africa,
1789 197 1890 231 alium
1906 209 1986 231 vero
2014 198 2188 233 dimidium

245 246 316 279 sola
342 244 438 285 Asia,
465 245 522 277 sed
550 244 627 276 ideo
650 243 730 274 istae
757 242 843 276 duae
870 250 981 288 partes
1008 246 1116 279 factae
1132 253 1221 288 sunt,
1249 248 1326 290 quia
1353 249 1435 280 inter
1461 253 1636 291 utramque
1663 249 1705 281 ab
1722 248 1860 282 Oceano
1884 261 1975 282 mare
2002 248 2186 295 magnum¹

245 297 448 342 ingreditur,
489 291 607 337 qu0d²
633 305 687 326 eas
714 294 897 328 intersecat.
951 296 1168 342 Quapropter
1194 300 1218 331 si
1247 300 1280 331 in
1316 299 1397 331 duas
1423 305 1533 343 partes
1561 301 1692 333 orientis
1723 306 1755 334 et
1781 301 1963 335 occidentis
1990 302 2107 335 orbem
2134 302 2188 335 di-

245 349 353 391 vidas,
381 347 456 380 Asia
484 346 544 378 erit
570 345 602 377 in
629 356 709 388 una,
737 346 768 378 in
795 347 900 380 altera
928 359 1005 380 vero
1031 350 1169 394 Europa
1197 355 1229 383 et
1255 350 1379 384 Africa.

883 432 1148 468 CAP.111.
1228 435 1538 469 DeAsia.

407 498 440 533 l.
494 499 571 531 Asia
600 510 638 531 ex
662 500 795 533 nomine
822 500 993 534 cuiusdam
1020 503 1164 535 mulieris
1193 500 1268 536 est3
1295 504 1486 548 appellata,
1522 516 1607 547 quae
1634 506 1725 549 apud
1754 506 1905 548 antiquos
1931 505 2110 549 imperium
2136 510 2187 539 te—

241 551 311 584 nuit
336 549 468 582 orientis
483 546 503 581 ⁴¹.
568 548 689 585 Haec⁵
717 552 749 584 in
786 553 880 585 tertia
907 554 998 586 orbis
1025 560 1120 599 parte
1148 555 1322 599 disposita,
1350 556 1393 588 ab
1421 554 1570 588 oriente⁶
1598 563 1671 589 ortu
1698 557 1802 597 Solis,
1828 569 1847 589 a
1871 557 2010 589 meridie
2036 556 2187 598 Oceano,

240 603 283 635 ab
299 601 441 635 occiduo
461 606 572 634 nostro
592 603 673 635 mari
688 603 805 646 finitur,
823 616 842 636 a
856 607 1079 648 septentrione
1096 603 1288 639 Maeotia&
1303 607 1378 640 lacu
1397 613 1428 640 et
1445 608 1551 640 Tanai
1570 608 1669 640 fluvio
1687 609 1888 642 terminatur.
1922 608 2037 641 Habet
2054 605 2187 640 autem8

239 653 425 699 provincias
452 653 572 686 multas
593 659 625 687 et
647 655 817 700 regiones,
844 667 983 699 quarum
1003 658 1146 691 breviter
1163 659 1240 691 situs
1263 662 1294 691 et
1309 655 1466 691 nomina⁹
1491 659 1688 703 expediam,
1716 665 1849 704 sumpto
1877 660 1968 692 initio
1985 671 2003 691 a
2018 660 2186 704 paradiso.

403 704 436 737 2.
490 705 665 739 Paradisus
693 712 740 739 est
767 708 859 741 locus
886 708 917 740 in
946 709 1077 742 orientis
1103 711 1251 754 partibus
1283 711 1494 752 constitutus,
1538 711 1629 744 cuius
1665 712 1865 745 vocabulum
1901 712 1932 743 in
1959 711 2117 744 Latinum
2146 722 2187 744 ex

239 755 374 790 Graeco
389 752 415 772 ¹⁰
443 758 579 789 vertitur
594 754 616 774 ¹¹
644 757 760 791 hortus
774 756 805 792 ¹².
859 760 965 792 Porro
990 761 1160 795 Hebraice
1175 762 1273 794 Eden
1297 762 1433 804 dicitur,
1461 763 1554 805 quod
1584 763 1615 795 in
1643 768 1788 796 nostram
1816 759 1999 808 linguam¹3
2026 762 2149 796 delicia
2163 758 2187 779 ¹⁴

238 805 520 852 interpretatur-¹³.
591 809 693 850 Quod
708 807 731 826 ¹¹⁵
766 815 943 855 utrumque
975 812 1121 846 iunctum
1158 814 1237 846 facit
1264 813 1399 846 hortum
1437 814 1642 848 deliciarum.
1707 815 1769 847 Est
1796 815 1881 847 enim
1893 811 1917 830 ¹⁷
1944 815 2034 847 omni
2060 825 2186 859 genere

237 858 320 903 ligni
348 864 381 891 et
414 859 657 903 pomiferarum
686 862 843 895 arborum
856 860 881 879 ¹⁸
907 864 1069 905 consitus,
1106 864 1233 897 habens
1260 866 1358 898 etiam
1387 871 1419 898 et
1432 862 1455 881 ¹⁹
1482 866 1613 911 lignum
1641 866 1735 898 vitae.
1789 866 1865 898 Non
1891 865 1937 897 ibi
1967 865 2090 910 frigus,
2121 876 2186 898 non

236 907 396 951 aestus²⁰‚
423 911 481 943 sed
502 917 665 955 perpetua
692 913 774 945 aeris
788 911 811 930 ²¹
840 915 1026 959 temperies.

402 961 436 996 3.
478 959 540 995 E²2
556 964 644 996 cuius
659 964 770 997 medio
788 965 862 997 fons
875 978 1098 1011 prorumpens
1117 963 1257 1000 totum²³
1274 979 1389 1000 nemus
1413 968 1538 1012 irrigat,
1562 967 1789 1012 dividiturque
1812 968 1844 1000 in
1860 972 2003 1011 quatuor
2020 968 2187 1001 nascentia

236 1010 389 1044 flumina:
413 1013 504 1046 cuius
520 1013 586 1047 loci
598 1020 676 1059 post
693 1021 867 1060 peccatum
886 1017 1030 1051 hominis
1046 1019 1152 1051 aditus
1171 1020 1365 1052 interclusus
1389 1024 1446 1055 est.
1476 1020 1598 1063 Septus
1621 1024 1670 1052 est
1681 1017 1706 1036 Ἠ
1723 1020 1810 1052 enim
1828 1019 1975 1063 undique
1993 1017 2187 1064 rhomphea

235 1060 443 1106 flammea²⁵,
484 1065 519 1097 id
549 1071 595 1098 est
623 1078 717 1099 muro
748 1068 848 1112 igneo
877 1070 1062 1111 accinctus,
1103 1071 1147 1102 ita
1182 1075 1217 1103 ut
1252 1071 1320 1103 eius
1355 1083 1430 1104 cum
1469 1072 1566 1103 coelo
1602 1082 1690 1115 pene
1725 1071 1880 1116 iungatur
1893 1068 1918 1088 ²⁶
1944 1070 2146 1105 incendium.

399 1113 433 1146 4.
488 1115 660 1149 Cherubin
688 1129 834 1161 quoqne,
862 1120 895 1152 id
926 1126 972 1153 est
997 1121 1194 1166 angelorum
1224 1123 1424 1165 praesidium
1454 1122 1605 1156 arcendis
1628 1122 1794 1166 spiritibus
1822 1123 1916 1155 malis
1943 1134 2042 1166 super
2068 1121 2186 1155 rhom-

234 1164 345 1210 pheae
372 1166 581 1210 flagrantiam
609 1168 796 1202 ordinatum
825 1175 890 1211 est,
925 1178 960 1204 nt
988 1172 1141 1205 homines
1168 1173 1342 1213 flammae,
1370 1174 1509 1217 angelos
1540 1185 1618 1206 vero
1645 1171 1784 1206 malos²⁷
1813 1174 1924 1219 angeli
1958 1170 2072 1205 Βοηί28
2106 1174 2186 1206 sub-

234 1222 407 1257 moveant,
432 1229 472 1251 ne
501 1219 553 1251 cui
582 1221 688 1261 carni,
716 1218 805 1253 vel²⁹
832 1223 960 1266 spiritui
988 1224 1251 1268 transgressionis
1276 1225 1382 1256 aditus
1409 1225 1553 1268 paradisi
1581 1229 1704 1268 pateat.

396 1266 430 1301 5.
484 1269 579 1302 India
608 1277 725 1305 vocata
754 1272 797 1305 ab
826 1273 909 1305 lndo
946 1274 1099 1317 flumine,
1144 1286 1212 1318 quo
1248 1287 1286 1308 ex
1319 1281 1414 1319 parte
1446 1275 1646 1308 occidentali
1682 1275 1856 1308 clauditur.
1918 1275 2012 1308 Haec
2040 1287 2059 1307 a
2085 1276 2185 1308 meri-

234 1318 334 1351 diano
360 1320 442 1352 inari
465 1327 620 1365 porrecta
644 1336 748 1367 usqne
777 1325 820 1357 ad
848 1330 957 1358 ortum
980 1326 1088 1365 Solis,
1118 1332 1150 1360 et
1178 1338 1196 1358 a
1224 1327 1447 1371 septentrione
1474 1338 1576 1370 usque
1606 1325 1649 1359 ad
1677 1332 1824 1359 montem
1853 1325 2038 1359 Caucasum
2063 1338 2185 1370 perve-

233 1371 295 1411 nit,
321 1370 448 1404 habens
472 1378 589 1417 gentes
617 1376 735 1408 multas
763 1381 795 1408 et
822 1378 969 1421 oppida:
997 1379 1136 1411 insulam
1164 1390 1299 1421 quoque
1322 1375 1603 1423 Taprobanam³⁰
1628 1375 1805 1422 gemmis³¹
1829 1382 1861 1410 et
1883 1373 2105 1421 elephantis³²
2131 1389 2185 1411 re-

233 1421 363 1455 fertam.
417 1423 567 1468 Chrysen
581 1422 606 1442 ³³
633 1432 664 1459 et
690 1425 884 1472 Argyren³¹
911 1441 992 1462 auro
1020 1436 1053 1463 et
1080 1435 1221 1475 argento
1234 1427 1259 1447 ³5
1286 1430 1470 1463 foecundas
1481 1427 1523 1470 ³⁰,
1558 1429 1685 1473 Tylum
1698 1426 1722 1446 ³⁷
1750 1440 1886 1474 quoque
1909 1430 2066 1462 arborum
2078 1424 2103 1444 ³⁸
2129 1430 2185 1462 so-

343 1485 511 1517 nunquam
539 1482 706 1511 carentem
717 1476 751 1513 ⁴⁰.

316 1563 346 1605 1)
370 1576 518 1605 magnum
541 1579 623 1597 mare
638 1570 668 1599 Z.
695 1587 734 1592 —
754 1569 784 1610 Q)
803 1575 856 1611 qui
870 1574 899 1601 Z.
924 1574 980 1602 Gu.
1000 1576 1030 1605 2.
1056 1574 1088 1602 In
1106 1575 1186 1605 editt.
1231 1575 1288 1602 Gu.
1309 1576 1335 1604 1.
1369 1590 1403 1594 -
1441 1575 1468 1609 7)
1499 1573 1649 1601 Maeotidi
1679 1573 1734 1601 Gu.
1764 1575 1791 1603 1.
1814 1589 1854 1593 ——
1881 1574 1908 1606 8)
1933 1573 2010 1600 enim
2032 1573 2061 1600 Z.
2085 1587 2126 1593 —-
2155 1572 2185 1611 9)

231 1616 278 1646 pr.
302 1611 332 1637 et
353 1617 402 1638 va.
429 1609 502 1639 haec
524 1611 595 1640 huic
619 1613 709 1652 capiti
732 1614 871 1645 adiicitur
891 1616 1000 1654 figura:
1230 1617 1278 1644 Sic
1301 1617 1357 1644 Gu.
1382 1619 1407 1646 1.
1429 1632 1471 1637 -
1493 1618 1617 1643 nomina
1640 1621 1665 1643 et
1688 1617 1767 1642 situs
1788 1615 1871 1652 vulg.
1888 1631 1922 1635 --
1946 1618 1988 1648 10)
2012 1614 2061 1642 Sic
2083 1614 2137 1642 Gu.
2157 1617 2184 1644 1.

1232 1676 1271 1681 —-
1295 1670 1327 1686 ex
1353 1660 1467 1686 Graeco
1491 1660 1522 1686 ιή
1544 1660 1648 1686 Latin.
1672 1657 1753 1693 vulg.
1776 1673 1816 1677 —
1850 1655 1895 1695 11)
1921 1657 2185 1687 convertantur-Z.

1230 1718 1272 1724 -—
1297 1702 1343 1739 12)
1363 1706 1404 1729 est
1432 1699 1612 1728 deliciarum
1634 1700 1700 1728 add.
1724 1700 1780 1727 Gu.
1803 1701 1831 1729 2.
1866 1715 1908 1719 —
1939 1697 1984 1737 13)
2007 1700 2056 1726 Sic
2077 1699 2132 1727 Gu.
2156 1702 2184 1730 1.

1235 1762 1269 1766 ——
1296 1746 1328 1771 in
1350 1749 1457 1771 nostra
1479 1744 1589 1781 lingua
1614 1743 1670 1770 Gu.
1685 1745 1713 1773 2.
1734 1757 1776 1762 —
1802 1739 1845 1779 14)
1869 1741 1917 1769 Sic
1941 1742 1997 1771 Gn.
2017 1744 2043 1772 1.
2063 1757 2106 1763 —-
2128 1740 2184 1769 de·-

1232 1788 1317 1814 liliae
1339 1786 1418 1823 vulg.
1441 1802 1482 1807 —-
1505 1786 1552 1823 15)
1567 1786 1802 1822 interpretantur
1818 1784 1848 1812 Z.
1868 1800 1910 1805 —-
1934 1783 1982 1821 16)
2006 1784 2054 1811 vel
2065 1789 2184 1812 utrum-

1232 1841 1289 1868 que
1311 1829 1341 1857 Ζ.
1365 1843 1406 1850 —-
1432 1830 1474 1864 17)
1501 1833 1602 1855 autem
1634 1828 1689 1855 Gn.
1709 1830 1735 1857 1.
1764 1842 1807 1848 —
1836 1824 1882 1864 13)
1905 1831 1933 1852 et
1955 1826 2100 1854 arborum
2124 1827 2182 1856 Gu.

1234 1876 1258 1903 1.
1286 1889 1320 1893 ·-—
1346 1872 1392 1909 19)
1412 1876 1437 1898 et
1461 1870 1563 1899 addidi
1586 1880 1601 1898 e
1625 1871 1681 1898 Gu.
1700 1872 1724 1899 1-
1742 1871 1770 1899 2.
1792 1886 1829 1890 ——·
1853 1870 1886 1896 in
1908 1879 1939 1895 se
1960 1874 1986 1896 et
2009 1869 2040 1897 Z.
2063 1885 2104 1890 —
2132 1870 2181 1906 20)

1230 1920 1257 1942 et
1280 1920 1382 1942 aestas
1402 1914 1433 1941 Z.
1456 1929 1497 1934 —
1519 1918 1622 1940 aestus
1649 1922 1705 1951 pro
1735 1917 1838 1939 aestas
1859 1910 1966 1950 scripsi
1988 1921 2055 1940 cum
2080 1911 2135 1940 Gu.
2153 1914 2180 1942 1.

1231 1960 1259 1988 2.
1283 1967 1330 1985 va.
1357 1975 1395 1978 —
1434 1956 1482 1993 21)
1509 1957 1587 1983 veris
1611 1955 1697 1983 Arev.
1727 1970 1769 1976 —
1801 1952 1849 1993 22)
1872 1955 1903 1982 Ε
1929 1964 1987 1982 om.
2010 1954 2067 1982 Gu.
2087 1956 2118 1986 2.
2142 1970 2176 1974 —

1230 2000 1277 2036 ⁶23)
1302 2004 1399 2027 totum
1422 2008 1478 2026 om.
1501 1999 1533 2026 Z.
1558 2014 1600 2019 —-
1632 1998 1678 2034 24)
1703 2002 1745 2024 cst
1769 2007 1825 2024 om.
1849 2006 1895 2035 pr.
1924 2013 1965 2018 -—
2005 1996 2052 2033 25)
2075 1996 2125 2023 Sic
2150 1995 2181 2023 Z.

1233 2043 1290 2071 Gu.
1308 2044 1333 2072 1.
1349 2044 1377 2073 2.
1399 2041 1434 2069 al.
1447 2051 1493 2079 pr.
1510 2045 1539 2069 et
1562 2040 1599 2068 ita
1623 2039 1779 2077 legendum
1799 2043 1898 2068 censet
1921 2039 2007 2067 Arev.
2029 2054 2072 2059 —
2093 2037 2180 2076 Vulg.

1229 2085 1368 2120 flamma.
1390 2099 1432 2104 —
1454 2085 1499 2118 26)
1524 2084 1636 2121 iungat
1660 2083 1717 2110 Gu.
1734 2085 1760 2113 1.
1775 2083 1802 2112 2.
1825 2097 1867 2102 —
1889 2079 1936 2119 97)
1952 2086 1979 2108 et
2001 2080 2099 2119 angel.
2115 2091 2181 2108 ma-

1230 2127 1276 2155 los
1300 2129 1332 2155 Z.
1357 2142 1398 2148 —
1421 2124 1466 2165 28)
1489 2125 1560 2153 huni
1581 2137 1652 2164 ang.
1676 2125 1706 2155 Z.
1728 2140 1770 2146 —
1794 2123 1866 2151 honi
1887 2123 2007 2152 inclusit
2031 2124 2119 2152 Arev.
2138 2137 2181 2144 —·

1230 2167 1276 2208 29)
1308 2168 1357 2196 vel
1383 2178 1438 2197 om.
1469 2169 1524 2196 Gu.
1542 2171 1570 2199 2,
1600 2184 1643 2190 —-
1676 2165 1725 2207 30)
1753 2165 1933 2205 Taprobane
1961 2166 1991 2196 Ζ,
2023 2165 2079 2194 Gu.
2102 2167 2128 2195 1.
2149 2167 2179 2196 2.

1230 2222 1275 2250 pr.
1304 2227 1345 2233 -
1374 2211 1423 2247 31)
1454 2211 1540 2247 Vulg.
1570 2222 1584 2238 e
1609 2211 1753 2249 gummi-9,
1786 2208 1867 2247 quod
1893 2220 1941 2238 orn
1972 2208 2060 2237 Arev.
2091 2206 2179 2235 simul

1229 2264 1297 2282 cum
1320 2259 1355 2282 et.
1378 2269 1418 2275 —-
1440 2265 1454 2281 e
1477 2264 1534 2282 om.
1557 2253 1588 2281 Z.
1608 2253 1677 2292 (pro
1698 2253 1826 2290 gemmis
1849 2251 1917 2281 exli.
1935 2250 2050 2290 gentis)
2074 2249 2129 2277 Gu.
2150 2252 2176 2280 1.

1229 2298 1260 2327 2.
1280 2306 1326 2334 pr.
1345 2306 1393 2324 va.
1412 2312 1452 2317 —
1482 2299 1527 2334 3-2)
1551 2295 1757 2334 elephantibus
1779 2304 1825 2323 va.
1850 2312 1888 2316 —
1909 2294 1956 2330 33)
1980 2292 2121 2329 erssam
2144 2292 2177 2321 Ζ.

1230 2338 1286 2367 Gu.
1306 2341 1333 2370 1.
1360 2342 1388 2371 2.
1411 2349 1456 2377 pr.
1472 2348 1518 2367 va.
1542 2354 1583 2360 —
1604 2336 1652 2377 34)
1676 2338 1819 2376 A1·gi1·em
1838 2336 1870 2364 Z.
1892 2352 1925 2356 —
1947 2334 2096 2373 Argimm
2118 2334 2175 2362 Gu.

234 2389 271 2393 --
305 2369 339 2409 3)
366 2377 408 2399 est
438 2371 540 2402 addidi
573 2384 588 2403 e
617 2375 648 2406 Z.
682 2375 740 2405 Gu.
770 2378 795 2407 1.
818 2379 847 2408 2.
876 2388 921 2416 pr.
942 2389 987 2407 va.
1011 2379 1059 2407 Ar.
1088 2398 1125 2403 —
1154 2381 1185 2418 4)
1231 2384 1257 2413 1.
1281 2391 1327 2409 va.
1352 2398 1389 2402 —
1416 2381 1529 2419 Argire
1552 2381 1608 2409 Gu.
1632 2383 1661 2411 2.
1683 2390 1728 2418 pr.
1753 2396 1792 2400 —
1815 2377 1863 2417 35)
1884 2377 1932 2405 Sic
1957 2377 2013 2405 Gu.
2038 2379 2063 2407 1.
2087 2379 2115 2407 2.
2134 2394 2173 2398 —

236 2414 368 2443 Orientis
397 2416 495 2444 tenuit
516 2425 561 2446 va.
592 2434 631 2440 —
653 2418 684 2457 5)
709 2419 794 2447 ,Ηίηο
822 2419 854 2448 Ζ.
884 2436 919 2441 -
945 2418 976 2461 6)
1002 2424 1111 2451 oriente
1133 2433 1190 2452 om.
1231 2429 1414 2462 argentoque
1435 2424 1517 2461 vulg.
1541 2439 1580 2444 -—
1603 2425 1651 2457 36)
1663 2419 1855 2458 foecundam
1870 2419 1900 2447 Z.
1922 2435 1964 2442 —
1985 2418 2032 2457 37)
2049 2419 2098 2447 Sic
2116 2419 2172 2448 Gu.

418 1932 450 2088 Septentrio.

978 1967 1010 2104 'sall’lnw

629 2265 766 2294 Occidens.
