2264 2830
802 85 1046 120 ORIGINUM
1083 87 1230 120 LIBER
1255 88 1348 121 xlll.

271 185 304 217 ⁴.
358 184 544 217 Lucernam
574 192 747 216 accensam
782 181 892 214 serunt
917 186 1148 225 supernatare,
1194 183 1338 216 extincto
1373 177 1487 214 νυτο36
1521 179 1675 224 demergi
1711 179 1843 212 lumine.

1985 88 2061 122 427

1913 182 1991 216 noc
2029 188 2061 216 et

106 249 198 272 mare
225 236 414 270 Salinarum
428 232 452 252 ³⁷
480 236 616 275 dicitur,
644 234 711 266 sive
740 233 830 266 lacus
857 233 1030 277 Asphalti,
1058 234 1091 266 id
1122 240 1168 267 est
1196 235 1378 275 bituminis,
1408 239 1440 267 et
1468 238 1514 265 est
1540 232 1572 264 in
1599 232 1724 264 Iudaea
1751 232 1836 264 inter
1862 232 2000 268 Hierico
2030 240 2062 267 et

106 290 248 323 Zoaran.

106 341 188 374 tudo
216 340 456 384 quinquaginta
483 343 616 371 centum
643 336 755 369 stadiis
768 333 792 352 ³⁰

301 287 497 333 Longitudo
525 287 591 320 eius
616 297 720 328 usque
747 285 791 317 ad
826 285 951 318 Zoaras
979 286 1123 318 Arabiae
1151 286 1306 331 dirigitur
1339 286 1451 318 stadiis
1478 285 1694 330 septingentis

816 348 920 380 usque
949 337 992 369 ad
1019 338 1125 371 vicina
1137 335 1161 354 ⁴⁰
1189 339 1430 371 Sodomorum.

1705 280 1730 300 ¹¹⁸
1763 284 1934 329 octoginta
1945 296 1953 317 z
1982 286 2059 319 lati-

273 399 306 433 5.
360 400 468 433 Lacus
495 396 685 431 Tiberiadis
712 397 755 429 ab
777 397 909 441 oppido
936 397 1120 430 Tiberiade
1132 394 1153 414 '¹¹
1182 404 1335 439 vocatus,
1375 397 1467 441 quod
1498 395 1669 439 quondam
1705 394 1862 428 Herodes
1888 396 1921 428 in
1949 395 2060 430 hono-

107 462 177 484 rem
204 452 332 484 Tiberii
359 449 509 484 Caesaris
536 447 696 483 condidit.

107 513 228 547 porum
255 503 508 547 quodammodo
537 496 751 535 efficacior⁴2‚

749 449 808 481 Est
835 454 944 482 autem
973 450 1005 482 in
1027 450 1151 483 Iudaea
1179 451 1330 483 omnibus
1359 450 1440 483 lacis
1467 448 1649 488 salubrior,
1676 452 1708 480 et
1725 447 1767 479 ad
1786 447 1956 481 sanitatem
1982 460 2059 482 cor-

271 562 304 596 6.
360 563 511 596 Genesar
546 562 637 595 lacus
683 559 902 605 amplissimus
946 561 979 593 in
1020 561 1146 594 Iudaea
1190 559 1401 606 longitudine
1442 563 1572 593 centum
1615 557 1837 603 quadraginta
1872 558 2060 592 extenditur

108 614 236 655 stadiis,
275 614 448 648 latitudine
481 613 704 658 quadraginta
720 609 742 628 ¹³
775 611 991 652 diffunditur,
1028 612 1246 657 crispantibus
1259 609 1283 629 ⁴⁴
1318 612 1430 656 aquis,
1473 621 1586 643 auram
1622 621 1688 642 non
1724 610 1841 650 ventis,
1889 610 1947 643 sed
1987 611 2060 655 ipso

108 667 235 699 sibimet
247 662 270 682 ⁴³
298 677 464 700 excreans.

107 717 251 760 denique
291 729 353 762 per
392 718 566 751 diffusiora
609 717 722 761 spacia
758 716 849 749 lacus
885 716 1113 759 frequentibus
1153 716 1239 748 auris
1278 716 1476 760 spirantibus
1510 715 1664 759 agitatur.

106 768 241 802 haustus
276 770 360 810 eius,
407 776 440 802 et
474 770 516 802 ad
545 768 729 813 potandum
759 767 866 800 dulcis
893 771 926 799 et
955 767 1085 802 habilis.

533 666 634 698 Unde
662 668 694 697 et
724 664 875 696 Genesar
911 664 1032 697 dicitur
1064 665 1199 697 Graeco
1238 664 1431 703 vocabum,
1486 662 1579 706 quasi
1620 673 1784 706 generans
1823 660 1884 694 sibi
1926 673 2061 695 auram:

1741 713 1840 746 Unde
1874 719 1906 746 et
1944 715 2061 758 purior

270 828 304 863 7.
356 830 466 864 Lacus
493 830 608 862 ltaliae
635 829 786 862 Benacus
797 824 821 844 ⁴⁰
848 827 879 858 in
907 827 1065 868 Venetia,
1085 827 1127 860 de
1152 837 1219 870 quo
1235 826 1353 860 fluvius
1380 826 1525 859 nascitur
1542 824 1702 867 Mincius,
1724 823 1781 866 qui
1808 823 1900 856 lacus
1928 825 2061 868 magni—

105 879 219 913 tudine
245 881 292 913 sui
305 878 328 899 Π
357 887 572 927 tempestates
599 880 742 913 imitatur
769 878 917 912 marinas.

274 944 307 974 ὅ.
360 942 522 976 Lucrinus
551 947 583 975 et
606 943 755 975 Avernus
782 941 873 974 lacus
902 937 1107 982 Campaniae
1139 944 1220 971 sunt.

108 998 182 1036 pter
210 993 342 1038 copiam
371 995 512 1038 piscium
540 993 716 1038 vectigalia
743 1004 866 1037 magna
894 991 1094 1036 praestabat.

730 1044 817 1077 Nam
845 1049 941 1077 antea
976 1043 1131 1074 silvarum
1162 1043 1324 1075 densitate
1351 1042 1396 1075 sic
1430 1040 1661 1081 ambiebatur,

107 1046 322 1088 supervolare
333 1042 357 1062 ⁴⁹
389 1057 455 1078 non
482 1043 661 1090 possentffl.

1276 938 1438 972 Lucrinus
1465 942 1575 970 autem
1604 936 1727 975 dictus,
1760 934 1838 978 quia
1868 935 1951 967 olim
1979 946 2061 979 pro-

1148 992 1299 1024 Avernus
1327 995 1436 1023 autern
1465 989 1557 1021 lacus
1586 993 1722 1022 vocatur
1735 982 1777 1027 ¹¹⁸,
1805 986 1885 1029 quia
1913 998 1991 1019 aves
2017 987 2062 1020 ibi

1708 1042 1745 1072 ut
1772 1038 1956 1071 exhalantis
1984 1038 2062 1070 inde

107 1107 169 1140 per
196 1098 361 1142 angustias
389 1109 495 1140 aquae
523 1096 725 1140 sulphureae
754 1096 840 1128 odor
852 1092 877 1112 ⁵¹
903 1094 1114 1140 gravissimus
1142 1094 1393 1138 supervolantes
1418 1093 1524 1125 halitu
1540 1103 1598 1124 suo
1624 1103 1700 1124 aves
1712 1087 1737 1107 5²
1763 1095 1905 1123 necaret.
1950 1089 2061 1130 Quam

108 1160 177 1180 rem
205 1149 375 1193 Augustus
399 1149 522 1182 Caesar
545 1149 748 1192 intelligens,
777 1147 914 1180 deiectis
941 1146 1027 1179 silvis
1055 1157 1095 1178 ex
1129 1146 1360 1190 pestilentibus
1388 1156 1530 1177 amoena
1557 1143 1706 1177 reddidit
1731 1142 1808 1175 loca
1820 1138 1854 1176 ⁵³.

273 1207 306 1242 9.
358 1209 468 1242 Lacus
490 1212 600 1241 autem
628 1208 717 1240 idem
743 1212 774 1240 et
787 1203 811 1224 ω
838 1212 1010 1251 stagnum,
1038 1207 1095 1238 ubi
1121 1206 1281 1239 immensa
1309 1217 1397 1248 aqua
1425 1204 1588 1238 convenit.

107 1270 228 1304 gnum,
257 1261 300 1292 ab
325 1272 365 1292 eo
392 1260 486 1303 quod
513 1261 582 1294 illic
609 1271 696 1302 aqua
722 1263 801 1298 stet,
829 1269 891 1291 nec
919 1258 1082 1290 decurrat.

705 1359 732 1393 C
762 1360 789 1392 A
817 1360 854 1392 P.
908 1359 981 1392 XX.

283 1438 314 1469 l.
386 1439 529 1482 Abyssus
583 1442 630 1469 est
642 1433 667 1453 55
725 1436 934 1480 profunditas

109 1490 277 1521 latentium
292 1514 300 1526 ,

110 1545 142 1572 et
170 1541 303 1583 abyssus
333 1541 449 1574 dictus.

109 1597 324 1624 revertuntur.

276 1643 309 1677 2.
371 1643 509 1676 Fluctus
557 1642 662 1680 dicti,
717 1641 809 1684 quod
852 1640 983 1673 flatibus
1031 1641 1120 1673 fiant.

109 1695 279 1728 fluctuant.

213 1747 310 1789 Aqua
338 1752 385 1779 est
411 1745 526 1778 stativa
556 1750 589 1777 et
615 1744 682 1777 sine
710 1749 804 1777 motu
833 1743 990 1787 aequalis,

112 1864 222 1893 magno
246 1855 326 1892 vulg.
348 1870 388 1875 -—
424 1856 471 1891 27)
495 1860 530 1881 at
552 1853 641 1881 lacus
670 1854 724 1882 Gu,
747 1856 770 1883 1.
796 1863 842 1891 pr.
875 1871 913 1875 —
950 1851 994 1890 2ts)
1019 1852 1066 1880 Sic

112 1897 167 1924 Gu.
194 1899 219 1928 1.
253 1913 291 1918 -—
318 1897 426 1925 Graeci
448 1895 569 1935 λιμένας
590 1896 668 1933 vulg.
699 1911 741 1916 —
769 1897 816 1932 29)
839 1900 986 1933 ,stagnum
1009 1895 1066 1924 Gu.

111 1942 140 1971 2.
163 1949 211 1968 va.
236 1954 276 1961 -—-
298 1945 424 1978 stagno-s
446 1938 483 1966 al.
506 1948 552 1977 pr.
571 1954 612 1960 —
634 1935 682 1977 30)
706 1938 755 1966 Sic
771 1939 827 1966 Gu.
844 1941 871 1969 1.
889 1952 930 1959 —-
953 1938 986 1964 ln
999 1938 1065 1973 slu-

111 1983 172 2009 sii-v
195 1981 276 2018 vulg.
302 1998 339 2002 -
363 1982 412 2019 31)
430 1981 480 2009 Sic
499 1982 555 2009 Gu.
572 1983 598 2011 1.
620 1996 659 2002 —
680 1982 810 2019 profluit
833 1980 914 2017 vulg.
945 1996 986 2001 —-
1016 1979 1067 2017 32)

112 2024 161 2052 sic
185 2023 241 2054 Gu.
263 2027 288 2054 1.
303 2026 333 2054 2.
357 2033 403 2062 pr.
420 2033 468 2051 va.
497 2023 547 2051 Ar.
572 2037 611 2044 —
632 2023 826 2062 Asphaltites
848 2023 930 2061 vulg.
955 2039 992 2043 ——
1017 2020 1064 2061 33)

108 2065 338 2105 propterquod
364 2065 459 2103 vulg,
496 2066 546 2094 sed
571 2071 693 2103 propter
723 2077 780 2095 orn.
811 2066 868 2095 Gu,
895 2068 920 2096 1-
949 2081 991 2086 —
1018 2067 1063 2099 34)

113 2109 247 2137 demersa
277 2109 332 2139 Gu.
356 2110 384 2139 2.
407 2109 455 2137 Ar.
486 2124 520 2129 ·-—
556 2107 603 2144 35)
633 2109 686 2146 qai
712 2110 768 2139 Gu.
798 2112 823 2140 1.
853 2125 896 2130 --
924 2107 1063 2145 36)1*ero

113 2151 215 2181 addidi
239 2161 253 2179 e
278 2151 335 2180 Gu.
358 2154 385 2181 1.
415 2155 443 2178 et
466 2149 540 2178 dem.
564 2150 638 2179 lum.
665 2161 721 2188 pro
750 2152 823 2180 lum.
854 2150 928 2178 dem.
957 2149 1064 2187 scripsi

113 2205 129 2223 e
149 2194 206 2224 Gu.
231 2197 257 2223 l.
278 2197 306 2225 2.
329 2203 375 2232 pr.
398 2209 440 2214 —-
472 2194 520 2228 37)
545 2192 737 2220 Salinas-tum
759 2205 804 2222 va.
829 2209 866 2216 -—
889 2193 939 2230 33)
968 2194 1064 2231 qum-

110 2237 211 2276 gentis
234 2235 284 2263 Ar.
304 2252 345 2256 ———
367 2235 415 2272 39)
439 2235 488 2263 Sic
509 2235 565 2264 Gu.
585 2236 610 2264 1.
632 2244 675 2272 pr.
699 2252 740 2257 —-
765 2236 845 2264 stad.
868 2241 939 2263 cent.
961 2236 1063 2273 quinq.

113 2280 194 2318 vulg.
221 2294 254 2299 —
281 2278 329 2313 40)
343 2277 391 2305 Sic
408 2278 456 2307 Ar.
475 2292 517 2298 —-
540 2278 655 2304 vicinia
672 2278 752 2315 vulg.
777 2295 819 2300 —
842 2277 892 2318 41)
910 2277 1065 2306 Τιῖἰιενίαόί

115 2323 171 2351 Gu,
192 2323 219 2351 2.
242 2330 288 2349 va.
324 2337 364 2342 —
400 2318 448 2359 42)
465 2321 574 2348 circuit
596 2318 702 2347 stadia
729 2319 824 2349 decem
852 2321 920 2350 add.
956 2321 1012 2349 Gu.
1035 2322 1064 2351 2.

991 1445 1152 1477 aquarum
1206 1433 1466 1477 impenetrabilis
1483 1456 1492 1472 ,

355 1486 409 1522 e⁵⁶
446 1490 564 1533 quibus
608 1489 716 1520 fontes
750 1493 781 1520 et
824 1487 958 1519 flumina
995 1486 1207 1529 procedunt,
1256 1485 1310 1517 vel
1353 1495 1440 1528 quae
1480 1483 1613 1516 occulte
1662 1483 1775 1514 subter
1820 1485 1922 1520 eunt,
1975 1480 2064 1512 unde

512 1541 596 1573 Nam
629 1550 744 1572 omnes
772 1550 893 1582 aqum,
936 1538 1003 1570 sive
1032 1542 1194 1570 torrentes
1228 1547 1291 1581 per
1325 1535 1474 1569 occultas
1502 1545 1601 1566 venas
1637 1533 1679 1565 ad
1709 1533 1880 1565 matricem
1910 1531 2064 1574 abyssum

1643 1203 1728 1235 Nam
1760 1201 1885 1234 dictum
1921 1204 1968 1232 est
1994 1204 2061 1232 sta-

1063 1357 1146 1390 De
1200 1356 1463 1401 abysso.

1555 1431 1621 1463 sive
1669 1431 1850 1475 speluncae
1900 1439 2062 1472 aquarum

1201 1638 1385 1671 Ventorum
1435 1637 1521 1670 enim
1571 1636 1716 1680 impulsu
1765 1634 1910 1679 agitatae
1959 1644 2064 1676 aquae

1113 1852 1180 1887 An,
1205 1850 1256 1888 qui
1282 1860 1339 1879 orn.
1364 1848 1478 1885 decem,
1502 1849 1623 1876 lacunae
1645 1846 1730 1883 signo
1754 1845 1861 1884 posito.
1885 1860 1927 1866 ——
1949 1847 1994 1877 43)
2005 1854 2064 1882 pro

1110 1894 1161 1921 Sui
1184 1898 1285 1921 aulem
1308 1891 1474 1920 latitudine
1496 1889 1709 1929 quadraginta
1732 1898 1854 1916 numero
1870 1886 1983 1915 stadc‘c's
1998 1885 2065 1925 diff.

1109 1945 1157 1964 va.
1182 1952 1221 1957 —
1253 1937 1298 1965 44)
1323 1937 1410 1972 cri-sp.
1436 1933 1587 1972 siquidem
1612 1943 1660 1970 aq.
1690 1941 1738 1959 va.
1762 1947 1795 1952 -—
1823 1932 1868 1965 45)
1893 1930 1941 1958 Sic
1965 1929 2020 1958 Gu.
2039 1932 2065 1960 1.

1108 1994 1149 2000 -
1173 1977 1209 2006 de
1231 1989 1261 2005 se
1286 1979 1351 2016 ipso
1374 1976 1434 2004 sibi
1455 1977 1535 2014 vulg.
1558 1992 1592 1996 —-
1621 1973 1668 2014 46)
1698 1974 1745 2002 Sic
1767 1974 1824 2001 Gu.
1848 1976 1873 2004 1.
1896 1988 1937 1994 —
1959 1974 2064 2000 Bena-

1108 2032 1163 2049 cus
1185 2022 1271 2049 lacus
1295 2021 1405 2048 Italiae
1426 2019 1506 2057 vulg.
1529 2035 1572 2040 ——-
1600 2017 1648 2054 47)
1672 2014 1898 2055 magnitudini-9
1920 2016 1952 2043 vi
1973 2015 2009 2043 al.
2031 2029 2064 2034 —-

1107 2062 1155 2103 48)
1185 2064 1234 2092 Sic
1266 2063 1322 2093 Gu,
1345 2066 1370 2094 1.
1396 2078 1433 2084 —
1469 2067 1597 2090 vocatus
1620 2060 1702 2097 vulg.
1730 2075 1767 2081 —-
1797 2059 1846 2095 49)
1867 2058 1916 2086 Sic
1949 2057 2004 2085 Gu.
2038 2059 2062 2085 l.

1108 2106 1157 2136 Ar.
1180 2122 1222 2128 —-
1245 2106 1467 2144 supervolitare
1489 2105 1572 2141 vulg.
1603 2119 1645 2125 ·——-
1674 2102 1722 2142 50)
1741 2102 1864 2140 possint
1894 2101 1950 2129 Gu.
1975 2101 2002 2130 2.
2026 2098 2063 2126 al.

1105 2159 1152 2177 va.
1181 2163 1223 2171 ——·
1259 2147 1304 2187 51)
1328 2148 1376 2176 Sic
1406 2148 1462 2176 Gu.
1488 2150 1515 2177 1.
1541 2149 1571 2177 2.
1595 2146 1633 2174 al.
1666 2160 1708 2167 —-
1728 2146 1812 2182 fetor
1843 2143 1921 2181 vulg.
1942 2157 1985 2164 —
2013 2140 2061 2176 52)

1107 2191 1155 2219 sie
1171 2192 1227 2220 Gn.
1252 2195 1278 2222 1.
1306 2208 1348 2212 —
1376 2200 1446 2218 aves
1467 2190 1530 2217 Ιιαί.
1561 2199 1617 2216 suo
1645 2188 1728 2225 vulg.
1757 2203 1798 2209 —-
1834 2185 1882 2226 53)
1903 2190 2060 2214 amoenum

1107 2255 1113 2261 .
1142 2255 1149 2261 .
1172 2234 1273 2262 locum
1296 2234 1333 2261 al.
1359 2249 1402 2254 —
1435 2232 1482 2270 54)
1505 2231 1584 2260 idem
1607 2236 1649 2259 est
1674 2236 1700 2258 et
1723 2240 1769 2258 va.
1800 2246 1842 2251 —
1872 2227 1918 2266 55)
1940 2231 1981 2253 est
2003 2222 2058 2251 ad-

1107 2275 1170 2304 didi
1199 2287 1214 2305 e
1245 2279 1299 2304 Gu.
1327 2278 1354 2307 1.
1378 2291 1419 2298 -·
1453 2276 1509 2303 Gu.
1530 2277 1559 2305 2.
1590 2273 1711 2302 exhibet
1748 2278 1817 2312 post
1842 2265 1986 2308 presumi.
2017 2281 2053 2286 -—

1106 2322 1150 2353 56)
1175 2331 1188 2347 ε
1210 2330 1266 2358 pro
1290 2318 1326 2347 de
1348 2318 1453 2358 scripsi
1475 2327 1543 2346 cum
1567 2317 1624 2346 Gu.
1644 2320 1671 2347 1.
1692 2319 1722 2348 2.
1750 2325 1795 2345 va.
1824 2314 1870 2341 Ar·

1498 2362 1532 2394 H
1548 2361 1572 2393 h
1587 2360 1611 2393 h
1638 2360 1659 2384 *
