2203 2829
221 109 295 144 172

918 106 1093 142 ISIDORI
1120 107 1301 142 HISPAL.
1328 108 1470 144 EPISC.

386 201 420 234 2.
472 200 634 245 Aegyptii
669 197 802 233 autem¹
831 205 972 246 propter
998 203 1097 235 lunae
1131 203 1334 237 velociorem
1363 214 1510 245 cursum,
1547 207 1580 236 et
1612 215 1654 236 ne
1687 215 1779 237 error
1811 206 2067 250 computationis
2101 208 2168 242 eius

220 254 396 288 velocitate
432 250 640 294 accideret'l,
675 263 714 285 ex
747 252 823 285 solis
850 264 948 286 cursu
972 252 1087 287 diem3
1123 256 1242 289 mensis
1277 256 1532 297 adinvenerunt,
1574 253 1758 299 quoniam*
1789 257 1915 290 tardior
1950 259 2027 292 solis
2061 265 2169 294 motus

220 306 350 341 facilius
377 305 474 337 lunae
499 300 616 337 motu⁵
642 300 798 347 poterat⁶
824 305 1078 350 comprehendi.

384 364 418 398 3.
471 364 639 396 Ianuarius
667 364 784 396 mensis
809 364 852 397 ab
880 363 984 398 lano⁷
1024 367 1151 407 dictus,
1186 363 1262 400 cui⁹
1303 367 1363 399 fuit
1391 377 1409 398 a
1436 363 1637 410 gentilibus⁹
1678 372 1905 410 consecratus,
1940 370 1992 403 vel
2021 370 2099 413 quia
2126 371 2169 403 li-

220 429 290 450 mes
317 422 350 449 et
372 416 467 448 ianua
495 415 534 447 sit
557 416 641 447 anui.

218 472 456 502 monstraretur
469 462 500 499 ¹².

696 415 798 449 Unde
824 422 856 450 et
883 418 1011 451 bifrons
1026 415 1049 435 ¹⁰
1076 415 1201 451 idem¹¹
1230 419 1326 451 lanus
1353 418 1520 463 pingitur,
1556 423 1592 451 ut
1619 419 1770 452 introitus
1797 420 1872 452 anni
1906 425 1939 453 et
1974 422 2079 455 exitus
2106 422 2169 456 de-

382 518 416 552 4.
470 517 672 551 Februarius
706 525 916 564 nuncupatur
951 532 970 553 a
999 521 1136 554 Februo
1149 519 1191 562 ¹³,
1226 521 1260 553 id
1300 526 1347 554 est
1375 521 1520 553 Plutone
1533 517 1574 562 ¹⁴,
1611 521 1665 555 cui
1697 533 1738 555 eo
1772 534 1884 556 mense
1910 524 2167 558 sacrificabatur.

218 571 305 604 Nam
332 569 519 602 Ianuarium
549 569 609 602 (liis
637 571 780 614 superis,
822 572 1040 605 Februarium
1078 574 1138 605 diis
1166 574 1314 606 manibus
1347 573 1491 604 Romani
1520 580 1795 607 consecraverunt
1810 572 1841 607 ¹⁵.

1894 576 1989 620 Ergo
2017 576 2166 609 Februa-

218 623 283 655 rius
310 634 329 654 a
356 622 496 661 februo,
524 621 559 653 id
588 626 635 654 est
662 634 681 654 a
709 623 867 665 Plutone,
895 636 960 657 non
989 637 1006 657 a
1034 625 1146 665 febre,
1174 625 1207 657 id
1236 630 1283 657 est
1311 624 1521 668 aegritudine
1549 626 1746 660 nominatur.

383 679 418 716 5.
472 681 613 714 Martius
640 680 863 726 appellatusffi
889 690 1030 729 propter
1056 685 1202 718 Martem
1231 685 1404 717 Romanae
1436 684 1543 729 gentis
1577 690 1762 725 auctorem,
1798 685 1851 718 vel
1883 686 1975 728 quod
2009 686 2130 719 eodem
2142 683 2167 703 ¹²

217 738 370 777 tempore
399 738 517 766 cuncta
545 734 721 767 animantia
748 740 888 779 agantur
915 736 958 769 ad
981 748 1087 769 mares
1100 733 1123 753 ¹⁸
1151 742 1181 769 et
1211 736 1253 768 ad
1282 736 1527 769 concumbendi
1562 737 1779 781 voluptatem.

670 811 679 827 ,
707 787 785 829 quia
813 788 887 820 anni
914 788 1040 820 initium
1066 789 1183 821 mensis
1211 792 1258 821 est
1287 788 1435 820 Martius.
1464 814 1465 819 ,

218 790 252 817 et
264 781 287 801 '⁹
314 785 433 817 mensis
460 796 622 817 novorum
636 782 661 802 ²⁰

1842 737 1939 770 Idem
1975 738 2166 783 appellatur

382 843 414 878 6.
467 844 563 876 Idem
592 850 623 878 et
650 846 843 879 November
853 845 876 864 ²¹
905 849 947 880 ab
974 848 1101 881 indiciis
1128 849 1254 883 scilicet
1280 849 1468 894 germinum
1481 844 1518 891 ²²,
1548 848 1625 891 quia
1652 848 1685 880 in
1713 859 1753 881 eo
1772 848 1988 882 viridantibus
2000 845 2026 866 ²³
2051 849 2165 883 fructi·

218 895 278 928 bus
306 896 400 928 novis
427 900 665 930 transactorum
694 899 855 942 probatur
867 895 891 916 ²⁴
919 911 1065 934 occasus.

382 955 414 990 7.
466 956 591 1000 Aprilis
618 969 682 1001 pro
713 959 843 992 Venere
867 959 1005 1001 dicitur,
1041 960 1136 1003 quasi
1164 959 1338 1004 Aphrodis
1351 956 1386 991 ²5.

1436 958 1569 994 Graece
1597 960 1682 993 enim
1706 958 1908 1008 Ἀφροδίτη
1921 956 1945 976 ²⁶
1972 960 2083 994 Venus
2110 960 2163 993 di-

217 1006 316 1049 citur,
346 1008 397 1039 vel
426 1008 503 1051 quia
530 1008 563 1040 in
591 1020 631 1041 eo
660 1021 772 1043 mense
800 1011 911 1043 omnia
936 1008 1162 1056 aperiuntur²⁷
1189 1012 1221 1044 in
1248 1012 1365 1044 florem
1376 1008 1419 1051 ²³,
1449 1012 1541 1054 quasi
1570 1012 1712 1056 aperilis.

379 1066 413 1100 8.
468 1067 577 1101 Maius
604 1068 710 1102 dictus
737 1082 755 1102 a
780 1070 871 1103 Maia
898 1077 1002 1104 matre
1030 1071 1205 1111 Mercurii,
1233 1072 1286 1105 vel
1314 1084 1333 1104 a
1361 1071 1538 1104 maioribus
1565 1077 1662 1113 natu,
1693 1070 1749 1115 qui
1777 1076 1869 1104 erant
1898 1071 2068 1116 principes
2096 1072 2163 1105 rei·

214 1118 384 1162 publicae.

379 1176 413 1212 9.
468 1178 569 1212 Unde
596 1185 628 1213 et
654 1181 763 1214 lunius
791 1182 919 1216 dicitur.

214 1228 335 1261 divisus
363 1233 443 1262 erat.

382 1279 439 1313 10.

975 1180 1097 1215 Ante²⁹
1132 1184 1218 1216 enim
1253 1184 1401 1228 populus
1435 1184 1468 1216 in
1502 1184 1662 1217 centurias
1692 1183 1859 1216 seniorum
1896 1189 1928 1215 et
1964 1179 2149 1216 iuniorum³¹

438 1119 523 1152 Nam
552 1119 641 1154 hunc
668 1133 814 1154 mensem
850 1123 1048 1163 maioribus,
1081 1128 1274 1166 sequentem
1298 1135 1376 1156 vero
1406 1123 1586 1156 minoribus
1614 1123 1758 1156 Romani
1786 1129 2072 1156 consecraverunt.

2151 1179 2164 1200 ⁰

494 1281 595 1314 lulius
623 1293 702 1315 vero
732 1288 763 1315 et
790 1284 960 1328 Augustus
982 1285 1026 1317 de
1047 1281 1269 1317 nominibus³¹
1297 1285 1471 1318 hominum
1499 1285 1572 1316 lulii
1600 1290 1631 1317 et
1660 1286 1802 1329 Augusti
1826 1285 2005 1318 Caesarum
2034 1297 2161 1319 nuncu-

213 1330 282 1374 pati
309 1335 390 1364 sunt.
420 1332 505 1364 Nam
534 1334 624 1376 prius
652 1334 806 1375 Quintilis
834 1342 865 1368 et
892 1337 1022 1368 Sextilis
1050 1337 1271 1370 vocabantur:
1303 1337 1476 1378 Quintilis,
1505 1337 1581 1379 quia
1608 1337 1738 1379 quintus
1761 1343 1829 1369 erat
1849 1349 1868 1369 a
1892 1337 2032 1376 Martio,
2060 1349 2161 1380 quem

213 1382 401 1425 principem
411 1379 436 1399 ³²

379 1441 397 1472 l
406 1442 436 1474 1.

213 1492 289 1525 bres
316 1490 429 1525 habet.

214 1594 348 1628 dentem
369 1607 543 1629 numerum
554 1595 579 1614 ³⁶
605 1599 741 1634 claudit.

300 1704 329 1741 1)
348 1704 434 1743 Vulg.
459 1705 542 1734 addit
558 1710 672 1746 primi,
697 1709 778 1747 quod
802 1720 857 1738 om.
883 1711 937 1739 Gu.
954 1714 979 1742 1.
1004 1729 1039 1733 —
1072 1712 1100 1748 2)
1117 1721 1166 1739 ac-

214 1745 325 1775 eederet
340 1748 396 1776 Gu.
416 1751 443 1778 1.
460 1751 487 1779 2.
510 1767 551 1771 —
574 1750 604 1791 3)
623 1751 686 1779 ‹lie-s·
710 1752 765 1780 Gu.
784 1756 813 1784 2.
835 1769 877 1774 -
898 1754 929 1790 4)
943 1754 991 1781 Sic
1008 1754 1064 1782 Gu.
1090 1757 1115 1785 1.
1134 1757 1163 1785 2.

213 1801 261 1819 va.
285 1790 335 1818 Ar.
358 1806 399 1810 —
423 1802 516 1828 quum
534 1793 564 1821 Z.
587 1811 628 1815 —
656 1806 713 1832 qno
732 1796 810 1833 vulg.
833 1813 873 1817 —
906 1798 937 1833 5)
961 1797 1053 1824 Ιιιιιαε
1079 1803 1160 1824 motu

213 1832 317 1862 addidi
341 1843 355 1860 e
384 1833 439 1863 Gu.
457 1837 481 1864 1.
505 1850 546 1856 —
576 1835 604 1875 6)
618 1839 731 1875 polerit
756 1839 813 1869 Gu.
836 1841 862 1870 1.
886 1855 927 1859 —
950 1842 977 1874 7)
1000 1839 1037 1867 ab
1063 1850 1118 1878 pro
1143 1851 1161 1867 α

214 1875 321 1913 scripsi
345 1885 360 1902 c
382 1876 436 1903 Gu.
456 1879 479 1906 1.
525 1878 601 1908 Edit.
621 1879 759 1909 Gothofr.
779 1894 792 1908 e
812 1882 894 1911 Iano.
918 1897 959 1903 --
989 1884 1016 1915 S)
1034 1884 1088 1920 qai
1105 1883 1161 1910 Gu.

214 1920 242 1949 2,
264 1934 305 1940 -—
334 1915 363 1956 9)
386 1919 530 1956 gentibus
557 1922 612 1949 Gu.
633 1925 660 1953 2,
684 1939 725 1945 —
757 1922 803 1963 10)
827 1924 969 1962 biformis
992 1924 1048 1953 Gu.
1069 1928 1097 1956 2.
1120 1941 1161 1946 —-

216 1958 261 2000 11)
275 1959 310 1988 id
331 1965 374 1987 est
394 1971 439 1999 pr.
462 1978 504 1983 --
528 1962 571 2002 1⁶2)
590 1964 637 1992 Sic
663 1966 718 1994 Gu.
736 1969 759 1997 1.
778 1984 815 1987 —
840 1967 1059 1995 demonstretm*
1081 1967 1159 2003 vulg.

215 2020 252 2024 -
278 2001 324 2040 13)
341 2003 459 2031 Februa
478 2003 507 2033 h.
526 2006 544 2035 l.
559 2011 587 2034 et
603 2013 705 2045 postea
731 2009 786 2039 Gu.
800 2011 829 2039 2.
847 2010 883 2039 al.
911 2027 944 2031 ——
974 2009 1016 2048 14)
1043 2021 1062 2037 ιι
1078 2011 1161 2038 I’lut.

214 2044 284 2075 edit.
302 2045 440 2075 Gothosr.
464 2063 503 2068 ——
524 2047 569 2088 15)
588 2058 831 2079 consecraverant
853 2053 986 2080 Romani
1010 2054 1067 2082 (ἆυ.
1085 2056 1161 2084 2.-

213 2090 259 2122 16)
274 2088 323 2116 Sic
345 2089 400 2117 Gu.
430 2092 454 2119 1.
478 2106 518 2111 —
549 2094 724 2129 appellatur
746 2094 826 2132 vulg.
855 2111 897 2116 —
927 2094 970 2134 17)
992 2095 1040 2123 Sic
1061 2095 1116 2123 Gu.
1137 2098 1161 2126 1.

214 2146 256 2152 —-
278 2142 308 2158 eo
334 2131 416 2169 vulg.
438 2148 478 2153 —
512 2137 552 2167 18)
577 2134 625 2162 Sic
659 2136 716 2165 Gu.
740 2139 765 2166 1.
797 2153 837 2157 —
868 2143 1005 2176 agantur
1028 2137 1072 2165 ατί
1093 2148 1162 2165 nm-

214 2184 274 2200 rem
297 2174 327 2202 Z.
352 2174 409 2203 Gu.
432 2177 459 2205 2.
488 2194 523 2197 -
558 2176 645 2215 Vulg.
663 2178 707 2206 ml
724 2189 834 2206 ›nam-m
855 2186 991 2217 agantur
1010 2181 1162 2218 (aguntur

215 2214 282 2255 al.).
305 2231 345 2237 —
371 2218 412 2254 19)
437 2222 463 2244 et
485 2228 541 2246 om.
565 2220 595 2247 Z.
619 2237 659 2241 —
682 2219 730 2260 ΞΟ)
755 2221 786 2249 In
809 2223 900 2250 sacris
923 2223 1038 2251 scilicet
1066 2223 1158 2252 libris.

214 2275 254 2280 —
277 2259 391 2296 21)ve1·
421 2259 478 2287 Gu.
500 2264 527 2292 2.
551 2278 593 2283 ——
622 2274 735 2290 novum
760 2275 807 2291 ι’(ν
831 2275 874 2292 va.
903 2281 943 2286 -—
973 2265 1020 2302 22)
1045 2265 1097 2294 Vv.
1122 2266 1160 2294 ab

215 2300 277 2329 md.
301 2302 365 2330 scil.
379 2313 473 2340 germ.
497 2313 554 2334 om,
580 2306 634 2332 Gu.
651 2308 679 2336 2.
699 2323 732 2327 —
762 2307 808 2342 23)
825 2307 871 2334 Sic
889 2309 945 2335 Uu.
958 2311 983 2338 1.
1001 2311 1028 2339 2.
1044 2318 1088 2337 va.
1109 2308 1158 2337 Ar.

218 2362 253 2366 —-
280 2343 528 2374 wit-islesccnlibus
557 2347 635 2386 vulg.
663 2364 699 2371 -
733 2350 944 2378 virescenttbas
968 2350 997 2377 Z.
1024 2351 1070 2379 ed.
1097 2354 1158 2380 Go-

443 1381 572 1416 vanni³3
600 1391 759 1418 testantur
786 1398 856 1420 esse
885 1388 1045 1427 Romanu
1073 1388 1206 1421 Sextilis
1231 1389 1397 1429 similiter,
1425 1388 1502 1431 quia
1529 1393 1636 1420 sextus
1647 1385 1681 1421 ³⁴.

490 1443 691 1487 September
718 1457 838 1479 nomen
866 1446 969 1479 habet
995 1460 1015 1480 a
1042 1460 1180 1480 numero
1208 1453 1241 1480 et
1267 1449 1390 1489 imbre,
1423 1448 1499 1491 quia
1513 1444 1537 1464 ³⁵
1564 1448 1723 1492 septimus
1755 1452 1802 1480 est
1829 1459 1848 1480 a
1876 1446 2001 1480 Martio
2038 1452 2071 1480 et
2096 1447 2161 1481 im-

480 1494 538 1527 Sic
562 1501 593 1527 et
621 1495 790 1537 October,
828 1498 1019 1531 November
1045 1505 1145 1542 atque
1173 1500 1361 1533 December
1389 1511 1427 1531 ex
1455 1510 1594 1531 numero
1622 1504 1654 1531 et
1681 1499 1842 1531 imbribus
1870 1505 2072 1543 acceperunt
2099 1510 2160 1532 vo-

213 1540 382 1585 cabula³⁶,
405 1555 505 1586 quem
533 1557 707 1580 numerum
735 1548 965 1583 decurrentem
992 1551 1181 1585 December

1208 1551 1296 1592 finit,
1333 1562 1396 1595 pro
1424 1561 1465 1583 eo
1492 1550 1586 1593 quod
1613 1550 1767 1584 denarius
1801 1562 1956 1584 numerus
1967 1547 1990 1567 ³¹
2017 1562 2161 1596 praece·

1208 1711 1298 1741 thosr.
1326 1728 1359 1732 -—
1386 1709 1433 1750 24)
1454 1711 1599 1749 probetur
1623 1710 1679 1739 Gu.
1704 1712 1733 1741 2.
1753 1726 1794 1732 —-
1817 1710 1865 1747 25)
1887 1709 2032 1747 ast-omlis
2054 1711 2110 1739 Gu.
2133 1715 2159 1744 1.

1208 1772 1248 1776 -
1270 1757 1315 1788 ΞΘ)
1340 1753 1462 1792 “frodi-5
1482 1755 1512 1784 Ζ,
1537 1754 1593 1782 Cu.
1621 1756 1650 1784 2.
1675 1763 1721 1792 pr.
1744 1763 1791 1782 va.
1815 1769 1857 1773 —
1879 1752 2022 1789 as'rontlis
2052 1754 2108 1782 Gu.
2134 1757 2159 1785 1.

1207 1814 1245 1819 —-
1269 1796 1318 1838 27)
1341 1799 1514 1836 aperie-ntur
1537 1797 1592 1824 Gu.
1607 1799 1635 1828 2.
1660 1813 1699 1818 -—
1730 1797 1762 1823 in
1784 1807 1815 1824 eo
1848 1806 1903 1834 pro
1933 1795 1990 1824 lzoc
2012 1796 2119 1835 scripsi
2142 1805 2158 1825 e

1207 1840 1263 1868 Gu.
1282 1843 1308 1870 1.
1332 1857 1373 1862 —
1396 1838 1443 1880 2⁸)
1467 1840 1590 1878 instore
1614 1839 1670 1868 Gu.
1690 1841 1719 1869 2.
1739 1854 1781 1860 —-
1810 1838 1862 1873 20)
1885 1844 1975 1866 antea
1996 1839 2027 1867 Z.
2051 1839 2106 1867 Gu.
2127 1841 2156 1871 2.

1205 1893 1249 1911 va.
1272 1899 1315 1905 -—
1336 1881 1385 1923 30)
1407 1884 1560 1910 minorum»
1584 1882 1640 1910 Gu.
1663 1884 1688 1912 1.
1714 1897 1750 1902 —
1774 1879 1820 1919 31)
1837 1881 1886 1909 Sic
1900 1881 1936 1909 al.
1950 1886 1978 1909 el.
2001 1882 2063 1911 Pal.
2084 1883 2156 1914 281.

1204 1925 1240 1953 ad
1264 1935 1355 1963 marg.
1380 1942 1422 1946 —
1451 1924 1591 1953 omnihus
1613 1925 1671 1952 Gu.
1696 1927 1723 1954 1.
1744 1940 1786 1945 —-
1813 1923 1981 1952 honoribus
2012 1924 2092 1962 vulg.
2114 1939 2156 1946 —

1204 1967 1250 2006 3⁴2)
1269 1969 1459 2006 principiam
1483 1968 1512 1995 Z.
1537 1984 1573 1988 -—
1598 1968 1644 2004 33)
1668 1968 1743 1994 (mni
1765 1977 1824 1996 om.
1848 1967 1946 1999 Gu.2.
1970 1981 2009 1988 -—
2040 1966 2086 2005 34)
2106 1967 2155 1994 Sic

1206 2012 1261 2038 Gu.
1282 2013 1306 2040 1.
1330 2027 1363 2032 —
1394 2009 1477 2049 quod
1494 2015 1595 2037 sextus
1617 2011 1657 2036 sit
1680 2009 1762 2046 vulg.
1784 2025 1826 2031 —
1855 2008 1941 2048 quod
1959 2011 2001 2037 sit
2020 2014 2092 2037 sext.
2120 2009 2153 2037 Z.

1207 2054 1262 2081 Gu.
1279 2055 1307 2084 2.
1330 2063 1376 2082 va.
1400 2069 1441 2074 —
1464 2054 1504 2079 sit
1528 2063 1585 2081 om.
1614 2052 1700 2080 etiam
1723 2052 1773 2080 Ar.
1801 2067 1845 2074 —
1872 2050 1920 2091 35)
1944 2053 2017 2089 quia
2041 2062 2097 2081 om.
2121 2051 2154 2080 Z.

1209 2113 1242 2116 —
1269 2096 1317 2133 36)
1346 2095 1529 2123 vocabalum
1552 2105 1596 2123 va.
1619 2111 1659 2115 —
1681 2092 1728 2134 37)
1751 2105 1894 2122 numerus
1908 2093 1974 2122 den.
1999 2095 2053 2122 Gu.
2073 2097 2153 2126 2.—

1204 2135 1251 2177 38)
1262 2139 1309 2166 Sic
1319 2139 1377 2167 Gu.
1390 2138 1461 2170 Lal.
1474 2155 1510 2159 —
1523 2136 1731 2175 praecedentes
1752 2147 1891 2165 numeros
1902 2136 2077 2174 vulg—al.
2092 2146 2151 2165 om.

1198 2180 1407 2219 praecedentes
1434 2197 1469 2202 —
1502 2181 1550 2218 39)
1573 2179 1637 2208 dies
1655 2181 1757 2217 festos
1779 2180 1810 2208 Z.
1835 2195 1878 2201 —-
1914 2180 1963 2216 40)
1998 2178 2082 2216 Vulg.
2106 2177 2153 2206 vel

1197 2229 1322 2262 propter
1336 2224 1403 2263 off,
1428 2223 1479 2252 scd
1489 2228 1613 2261 propter
1636 2233 1691 2251 om.
1702 2223 1759 2251 Gu.
1774 2226 1800 2255 1.
1817 2239 1859 2245 —
1880 2219 1927 2259 41)
1943 2221 1991 2249 Sic
2005 2222 2036 2250 Z.
2051 2222 2107 2251 Gu.
2123 2223 2150 2253 1.

1203 2268 1231 2296 2.
1251 2283 1292 2287 —
1314 2268 1354 2293 iis
1377 2266 1458 2303 vulg.
1481 2283 1521 2286 —
1544 2266 1592 2302 4⁶2)
1616 2265 1664 2293 Sic
1688 2266 1841 2295 Gu.1.—
1867 2264 2098 2293 conveniebatur
2118 2264 2152 2291 in

1203 2309 1331 2336 urbibus
1354 2309 1432 2346 vulg.
1463 2325 1497 2329 »-
1530 2308 1792 2348 conimigebantur
1815 2307 1908 2336 al.—
1939 2306 2150 2335 conveniebant

1203 2351 1259 2380 Gu.
1278 2354 1307 2382 2.
1333 2369 1373 2373 -
1396 2350 1441 2390 43)
1466 2351 1513 2379 Sic
1540 2352 1596 2382 Gu.
1621 2353 1648 2383 1.
1672 2368 1710 2373 --
1735 2352 1907 2379 existimant
1928 2349 2007 2388 vulg.
2031 2365 2067 2371 —
2098 2347 2149 2388 44)
