<?xml version="1.0" encoding="UTF-8"?>
<!DOCTYPE html PUBLIC "-//W3C//DTD XHTML 1.0 Transitional//EN"
    "http://www.w3.org/TR/xhtml1/DTD/xhtml1-transitional.dtd">
<html xmlns="http://www.w3.org/1999/xhtml" xml:lang="en" lang="en">
 <head>
  <title>
</title>
<meta http-equiv="Content-Type" content="text/html;charset=utf-8" />
  <meta name='ocr-system' content='tesseract 3.04.00' />
  <meta name='ocr-capabilities' content='ocr_page ocr_carea ocr_par ocr_line ocrx_word'/>
</head>
<body>
  <div class='ocr_page' id='page_1' title='image "./corpusgrammatico03linduoft_0221.png"; bbox 0 0 2264 2830; ppageno 0'>
   <div class='ocr_carea' id='block_1_1' title="bbox 806 110 1306 149">
    <p class='ocr_par' dir='ltr' id='par_1_1' title="bbox 806 110 1306 149">
     <span class='ocr_line' id='line_1_1' title="bbox 806 110 1306 149; baseline 0.006 -3"><span class='ocrx_word' id='word_1_1' title='bbox 806 110 1051 146; x_wconf 83' lang='lat' dir='ltr'>ORIGINUM</span> <span class='ocrx_word' id='word_1_2' title='bbox 1077 113 1222 149; x_wconf 83' lang='lat' dir='ltr'>LIBER</span> <span class='ocrx_word' id='word_1_3' title='bbox 1249 114 1306 149; x_wconf 83' lang='lat' dir='ltr'>Vl.</span> 
     </span>
    </p>
   </div>
   <div class='ocr_carea' id='block_1_2' title="bbox 80 203 1649 305">
    <p class='ocr_par' dir='ltr' id='par_1_2' title="bbox 80 203 1649 305">
     <span class='ocr_line' id='line_1_2' title="bbox 247 203 1366 250; baseline -0.001 -8"><span class='ocrx_word' id='word_1_4' title='bbox 247 209 303 242; x_wconf 88' lang='lat' dir='ltr'>lo.</span> <span class='ocrx_word' id='word_1_5' title='bbox 356 209 387 241; x_wconf 85' lang='lat' dir='ltr'>A</span> <span class='ocrx_word' id='word_1_6' title='bbox 415 203 629 242; x_wconf 82' lang='lat' dir='ltr'>conditione¹</span> <span class='ocrx_word' id='word_1_7' title='bbox 658 206 773 240; x_wconf 89' lang='lat' dir='ltr'>mundi</span> <span class='ocrx_word' id='word_1_8' title='bbox 800 217 904 250; x_wconf 85' lang='lat' dir='ltr'>usque</span> <span class='ocrx_word' id='word_1_9' title='bbox 937 207 982 240; x_wconf 88' lang='lat' dir='ltr'>ad</span> <span class='ocrx_word' id='word_1_10' title='bbox 1010 207 1101 242; x_wconf 86' lang='lat' dir='ltr'>hunc</span> <span class='ocrx_word' id='word_1_11' title='bbox 1127 205 1366 243; x_wconf 83' lang='lat' dir='ltr'>novissimum²</span> 
     </span>
     <span class='ocr_line' id='line_1_3' title="bbox 80 257 1649 305; baseline -0.001 -12"><span class='ocrx_word' id='word_1_12' title='bbox 80 257 411 301; x_wconf 74' lang='lat' dir='ltr'>VMDCCCCXX&#39;,</span> <span class='ocrx_word' id='word_1_13' title='bbox 446 266 523 305; x_wconf 74' lang='lat' dir='ltr'>post</span> <span class='ocrx_word' id='word_1_14' title='bbox 552 259 644 293; x_wconf 79' lang='lat' dir='ltr'>cuius</span> <span class='ocrx_word' id='word_1_15' title='bbox 677 259 902 303; x_wconf 73' lang='lat' dir='ltr'>expletionem</span> <span class='ocrx_word' id='word_1_16' title='bbox 929 259 972 291; x_wconf 83' lang='lat' dir='ltr'>ad</span> <span class='ocrx_word' id='word_1_17' title='bbox 1008 260 1153 304; x_wconf 86' lang='lat' dir='ltr'>primum</span> <span class='ocrx_word' id='word_1_18' title='bbox 1182 261 1354 294; x_wconf 75' lang='lat' dir='ltr'>exordium</span> <span class='ocrx_word' id='word_1_19' title='bbox 1378 261 1617 294; x_wconf 89' lang='lat' dir='ltr'>recurrendum</span> <span class='ocrx_word' id='word_1_20' title='bbox 1629 257 1649 292; x_wconf 80' lang='lat'>⁵.</span> 
     </span>
    </p>
   </div>
   <div class='ocr_carea' id='block_1_3' title="bbox 80 309 1857 356">
    <p class='ocr_par' dir='ltr' id='par_1_3' title="bbox 80 309 1857 356">
     <span class='ocr_line' id='line_1_4' title="bbox 80 309 1857 356; baseline 0.002 -12"><span class='ocrx_word' id='word_1_21' title='bbox 80 310 150 344; x_wconf 72' lang='lat' dir='ltr'>sia¹⁵</span> <span class='ocrx_word' id='word_1_22' title='bbox 183 319 301 356; x_wconf 81' lang='lat' dir='ltr'>quarta</span> <span class='ocrx_word' id='word_1_23' title='bbox 337 312 469 345; x_wconf 85' lang='lat' dir='ltr'>decima</span> <span class='ocrx_word' id='word_1_24' title='bbox 509 312 588 345; x_wconf 85' lang='lat' dir='ltr'>luna</span> <span class='ocrx_word' id='word_1_25' title='bbox 628 321 705 344; x_wconf 88' lang='lat' dir='ltr'>cum</span> <span class='ocrx_word' id='word_1_26' title='bbox 737 311 868 344; x_wconf 83' lang='lat' dir='ltr'>ludaeis</span> <span class='ocrx_word' id='word_1_27' title='bbox 899 310 1027 355; x_wconf 73' lang='lat' dir='ltr'>pascha</span> <span class='ocrx_word' id='word_1_28' title='bbox 1061 309 1298 353; x_wconf 76' lang='lat' dir='ltr'>celebrabat⁷,</span> <span class='ocrx_word' id='word_1_29' title='bbox 1333 323 1533 356; x_wconf 82' lang='lat' dir='ltr'>quocunque</span> <span class='ocrx_word' id='word_1_30' title='bbox 1567 313 1622 346; x_wconf 90' lang='lat' dir='ltr'>die</span> <span class='ocrx_word' id='word_1_31' title='bbox 1657 318 1857 347; x_wconf 85' lang='lat' dir='ltr'>occurreret.</span> 
     </span>
    </p>
   </div>
   <div class='ocr_carea' id='block_1_4' title="bbox 1951 117 2026 152">
    <p class='ocr_par' dir='ltr' id='par_1_4' title="bbox 1951 117 2026 152">
     <span class='ocr_line' id='line_1_5' title="bbox 1951 117 2026 152; baseline 0.027 -2"><span class='ocrx_word' id='word_1_32' title='bbox 1951 117 2026 152; x_wconf 77' lang='lat'>2⁰3</span> 
     </span>
    </p>
   </div>
   <div class='ocr_carea' id='block_1_5' title="bbox 1393 204 2026 305">
    <p class='ocr_par' dir='ltr' id='par_1_5' title="bbox 1393 204 2026 305">
     <span class='ocr_line' id='line_1_6' title="bbox 1393 204 2024 253; baseline 0.005 -11"><span class='ocrx_word' id='word_1_33' title='bbox 1393 207 1480 251; x_wconf 82' lang='lat' dir='ltr'>cycli</span> <span class='ocrx_word' id='word_1_34' title='bbox 1508 204 1655 242; x_wconf 79' lang='lat' dir='ltr'>annum³</span> <span class='ocrx_word' id='word_1_35' title='bbox 1681 213 1919 253; x_wconf 84' lang='lat' dir='ltr'>computantur</span> <span class='ocrx_word' id='word_1_36' title='bbox 1951 213 2024 245; x_wconf 85' lang='lat' dir='ltr'>anni</span> 
     </span>
     <span class='ocr_line' id='line_1_7' title="bbox 1701 261 2026 305; baseline 0.012 -12"><span class='ocrx_word' id='word_1_37' title='bbox 1701 261 1890 305; x_wconf 80' lang='lat' dir='ltr'>Antiquitus</span> <span class='ocrx_word' id='word_1_38' title='bbox 1916 265 2026 297; x_wconf 85' lang='lat' dir='ltr'>eccle-</span> 
     </span>
    </p>
   </div>
   <div class='ocr_carea' id='block_1_6' title="bbox 1917 314 2026 355">
    <p class='ocr_par' dir='ltr' id='par_1_6' title="bbox 1917 314 2026 355">
     <span class='ocr_line' id='line_1_8' title="bbox 1917 314 2026 355; baseline 0 -7"><span class='ocrx_word' id='word_1_39' title='bbox 1917 314 2026 355; x_wconf 81' lang='lat' dir='ltr'>Quem</span> 
     </span>
    </p>
   </div>
   <div class='ocr_carea' id='block_1_7' title="bbox 81 362 2029 462">
    <p class='ocr_par' dir='ltr' id='par_1_7' title="bbox 81 362 2029 462">
     <span class='ocr_line' id='line_1_9' title="bbox 81 362 2029 410; baseline 0.002 -14"><span class='ocrx_word' id='word_1_40' title='bbox 81 365 178 396; x_wconf 81' lang='lat' dir='ltr'>ritum</span> <span class='ocrx_word' id='word_1_41' title='bbox 203 365 305 397; x_wconf 73' lang='lat' dir='ltr'>sancti</span> <span class='ocrx_word' id='word_1_42' title='bbox 333 364 447 397; x_wconf 81' lang='lat' dir='ltr'>Patres</span> <span class='ocrx_word' id='word_1_43' title='bbox 470 363 502 395; x_wconf 90' lang='lat' dir='ltr'>in</span> <span class='ocrx_word' id='word_1_44' title='bbox 529 364 676 396; x_wconf 68' lang='lat' dir='ltr'>Nicaeum</span> <span class='ocrx_word' id='word_1_45' title='bbox 703 363 834 406; x_wconf 79' lang='lat' dir='ltr'>synodo</span> <span class='ocrx_word' id='word_1_46' title='bbox 861 362 1121 407; x_wconf 84' lang='lat' dir='ltr'>prohibuerunt,</span> <span class='ocrx_word' id='word_1_47' title='bbox 1149 365 1382 397; x_wconf 69' lang='lat' dir='ltr'>constituentes</span> <span class='ocrx_word' id='word_1_48' title='bbox 1408 375 1473 396; x_wconf 91' lang='lat' dir='ltr'>non</span> <span class='ocrx_word' id='word_1_49' title='bbox 1501 365 1609 397; x_wconf 75' lang='lat' dir='ltr'>solum</span> <span class='ocrx_word' id='word_1_50' title='bbox 1636 364 1748 398; x_wconf 89' lang='lat' dir='ltr'>lunam</span> <span class='ocrx_word' id='word_1_51' title='bbox 1772 365 1969 410; x_wconf 71' lang='lat' dir='ltr'><strong>paschalem</strong></span> <span class='ocrx_word' id='word_1_52' title='bbox 1997 373 2029 400; x_wconf 89' lang='lat' dir='ltr'>et</span> 
     </span>
     <span class='ocr_line' id='line_1_10' title="bbox 81 413 2029 462; baseline 0.002 -14"><span class='ocrx_word' id='word_1_53' title='bbox 81 427 227 449; x_wconf 75' lang='lat' dir='ltr'>mensem</span> <span class='ocrx_word' id='word_1_54' title='bbox 256 416 436 459; x_wconf 74' lang='lat' dir='ltr'>inquirere,</span> <span class='ocrx_word' id='word_1_55' title='bbox 463 415 522 448; x_wconf 85' lang='lat' dir='ltr'>sed</span> <span class='ocrx_word' id='word_1_56' title='bbox 550 413 607 447; x_wconf 65' lang='lat' dir='ltr'>et⁶</span> <span class='ocrx_word' id='word_1_57' title='bbox 634 415 723 447; x_wconf 86' lang='lat' dir='ltr'>diem</span> <span class='ocrx_word' id='word_1_58' title='bbox 751 415 997 448; x_wconf 77' lang='lat' dir='ltr'>resurrectionis</span> <span class='ocrx_word' id='word_1_59' title='bbox 1024 415 1219 450; x_wconf 71' lang='lat' dir='ltr'>llominicae</span> <span class='ocrx_word' id='word_1_60' title='bbox 1242 417 1436 455; x_wconf 73' lang='lat' dir='ltr'>observare,</span> <span class='ocrx_word' id='word_1_61' title='bbox 1476 420 1508 448; x_wconf 83' lang='lat' dir='ltr'>et</span> <span class='ocrx_word' id='word_1_62' title='bbox 1535 417 1580 449; x_wconf 91' lang='lat' dir='ltr'>ob</span> <span class='ocrx_word' id='word_1_63' title='bbox 1606 416 1674 450; x_wconf 90' lang='lat' dir='ltr'>hoc</span> <span class='ocrx_word' id='word_1_64' title='bbox 1701 417 1828 462; x_wconf 79' lang='lat' dir='ltr'>pascha</span> <span class='ocrx_word' id='word_1_65' title='bbox 1851 429 1871 450; x_wconf 91' lang='lat' dir='ltr'>a</span> <span class='ocrx_word' id='word_1_66' title='bbox 1898 417 2029 452; x_wconf 88' lang='lat' dir='ltr'>decima</span> 
     </span>
    </p>
   </div>
   <div class='ocr_carea' id='block_1_8' title="bbox 82 464 1280 511">
    <p class='ocr_par' dir='ltr' id='par_1_8' title="bbox 82 464 1280 511">
     <span class='ocr_line' id='line_1_11' title="bbox 82 464 1280 511; baseline 0.001 -11"><span class='ocrx_word' id='word_1_67' title='bbox 82 465 221 511; x_wconf 69' lang='grc' dir='ltr'>(μιίιῐῑει9</span> <span class='ocrx_word' id='word_1_68' title='bbox 244 468 321 500; x_wconf 78' lang='lat' dir='ltr'>luna</span> <span class='ocrx_word' id='word_1_69' title='bbox 348 479 452 510; x_wconf 79' lang='lat' dir='ltr'>usque</span> <span class='ocrx_word' id='word_1_70' title='bbox 481 467 523 499; x_wconf 79' lang='lat' dir='ltr'>ad</span> <span class='ocrx_word' id='word_1_71' title='bbox 550 467 745 511; x_wconf 69' lang='lat' dir='ltr'>vigesimam</span> <span class='ocrx_word' id='word_1_72' title='bbox 772 467 914 510; x_wconf 81' lang='lat' dir='ltr'>primani</span> <span class='ocrx_word' id='word_1_73' title='bbox 943 467 1176 509; x_wconf 83' lang='lat' dir='ltr'>extenderunt,</span> <span class='ocrx_word' id='word_1_74' title='bbox 1210 473 1246 501; x_wconf 89' lang='lat' dir='ltr'>ut</span> <span class='ocrx_word' id='word_1_75' title='bbox 1257 464 1280 484; x_wconf 90' lang='lat'>¹⁰</span> 
     </span>
    </p>
   </div>
   <div class='ocr_carea' id='block_1_9' title="bbox 250 519 307 552">
    <p class='ocr_par' dir='ltr' id='par_1_9' title="bbox 250 519 307 552">
     <span class='ocr_line' id='line_1_12' title="bbox 250 519 307 552; baseline 0.018 -1"><span class='ocrx_word' id='word_1_76' title='bbox 250 519 307 552; x_wconf 88' lang='lat'>11.</span> 
     </span>
    </p>
   </div>
   <div class='ocr_carea' id='block_1_10' title="bbox 83 566 183 602">
    <p class='ocr_par' dir='ltr' id='par_1_10' title="bbox 83 566 183 602">
     <span class='ocr_line' id='line_1_13' title="bbox 83 566 183 602; baseline 0 0"><span class='ocrx_word' id='word_1_77' title='bbox 83 570 161 602; x_wconf 87' lang='lat' dir='ltr'>mini</span> <span class='ocrx_word' id='word_1_78' title='bbox 176 566 183 586; x_wconf 90' lang='lat'>¹</span> 
     </span>
    </p>
   </div>
   <div class='ocr_carea' id='block_1_11' title="bbox 359 515 1534 559">
    <p class='ocr_par' dir='ltr' id='par_1_11' title="bbox 359 515 1534 559">
     <span class='ocr_line' id='line_1_14' title="bbox 359 515 1534 559; baseline 0 -8"><span class='ocrx_word' id='word_1_79' title='bbox 359 518 511 552; x_wconf 73' lang='lat' dir='ltr'>Paschae</span> <span class='ocrx_word' id='word_1_80' title='bbox 537 524 648 551; x_wconf 83' lang='lat' dir='ltr'>autem</span> <span class='ocrx_word' id='word_1_81' title='bbox 672 518 875 552; x_wconf 67' lang='lat' dir='ltr'>vocabulum</span> <span class='ocrx_word' id='word_1_82' title='bbox 901 529 968 551; x_wconf 86' lang='lat' dir='ltr'>non</span> <span class='ocrx_word' id='word_1_83' title='bbox 996 518 1184 559; x_wconf 86' lang='lat' dir='ltr'>Graecum,</span> <span class='ocrx_word' id='word_1_84' title='bbox 1218 519 1278 551; x_wconf 85' lang='lat' dir='ltr'>sed</span> <span class='ocrx_word' id='word_1_85' title='bbox 1307 515 1534 552; x_wconf 84' lang='lat' dir='ltr'>Hebraeum¹¹</span> 
     </span>
    </p>
   </div>
   <div class='ocr_carea' id='block_1_12' title="bbox 83 566 2028 667">
    <p class='ocr_par' dir='ltr' id='par_1_12' title="bbox 83 566 2028 667">
     <span class='ocr_line' id='line_1_15' title="bbox 187 566 2028 617; baseline 0.002 -14"><span class='ocrx_word' id='word_1_86' title='bbox 187 566 208 611; x_wconf 81' lang='lat'>²,</span> <span class='ocrx_word' id='word_1_87' title='bbox 237 571 394 614; x_wconf 73' lang='lat' dir='ltr'>quoniam</span> <span class='ocrx_word' id='word_1_88' title='bbox 422 568 573 614; x_wconf 75' lang='grc' dir='ltr'><em>πάσχειν</em></span> <span class='ocrx_word' id='word_1_89' title='bbox 588 567 610 586; x_wconf 74' lang='lat'>¹³</span> <span class='ocrx_word' id='word_1_90' title='bbox 623 570 756 604; x_wconf 79' lang='lat' dir='ltr'>Graece</span> <span class='ocrx_word' id='word_1_91' title='bbox 773 570 894 604; x_wconf 86' lang='lat' dir='ltr'>dicitur</span> <span class='ocrx_word' id='word_1_92' title='bbox 921 570 1001 615; x_wconf 83' lang='lat' dir='ltr'>pati,</span> <span class='ocrx_word' id='word_1_93' title='bbox 1028 570 1120 603; x_wconf 83' lang='lat' dir='ltr'>seda</span> <span class='ocrx_word' id='word_1_94' title='bbox 1144 571 1278 604; x_wconf 84' lang='lat' dir='ltr'>transitu</span> <span class='ocrx_word' id='word_1_95' title='bbox 1311 571 1470 604; x_wconf 83' lang='lat' dir='ltr'>Hebraeo</span> <span class='ocrx_word' id='word_1_96' title='bbox 1498 571 1600 603; x_wconf 84' lang='lat' dir='ltr'>verbo</span> <span class='ocrx_word' id='word_1_97' title='bbox 1627 572 1755 615; x_wconf 83' lang='lat' dir='ltr'>pascha</span> <span class='ocrx_word' id='word_1_98' title='bbox 1781 573 1993 617; x_wconf 80' lang='lat' dir='ltr'>appellatum</span> <span class='ocrx_word' id='word_1_99' title='bbox 2006 570 2028 590; x_wconf 75' lang='lat'>¹⁴</span> 
     </span>
     <span class='ocr_line' id='line_1_16' title="bbox 83 619 1188 667; baseline 0.002 -14"><span class='ocrx_word' id='word_1_100' title='bbox 83 628 148 662; x_wconf 69' lang='lat' dir='ltr'>est,</span> <span class='ocrx_word' id='word_1_101' title='bbox 176 634 216 654; x_wconf 87' lang='lat' dir='ltr'>eo</span> <span class='ocrx_word' id='word_1_102' title='bbox 244 622 335 665; x_wconf 85' lang='lat' dir='ltr'>quod</span> <span class='ocrx_word' id='word_1_103' title='bbox 364 628 442 655; x_wconf 88' lang='lat' dir='ltr'>tunc</span> <span class='ocrx_word' id='word_1_104' title='bbox 469 623 616 667; x_wconf 84' lang='lat' dir='ltr'>populus</span> <span class='ocrx_word' id='word_1_105' title='bbox 644 622 707 654; x_wconf 87' lang='lat' dir='ltr'>Dei</span> <span class='ocrx_word' id='word_1_106' title='bbox 730 633 769 654; x_wconf 78' lang='lat' dir='ltr'>ex</span> <span class='ocrx_word' id='word_1_107' title='bbox 794 623 953 667; x_wconf 78' lang='lat' dir='ltr'>Aegypto</span> <span class='ocrx_word' id='word_1_108' title='bbox 981 623 1141 655; x_wconf 83' lang='lat' dir='ltr'>transierit</span> <span class='ocrx_word' id='word_1_109' title='bbox 1156 619 1188 655; x_wconf 75' lang='lat'>¹³.</span> 
     </span>
    </p>
   </div>
   <div class='ocr_carea' id='block_1_13' title="bbox 1307 467 2028 565">
    <p class='ocr_par' dir='ltr' id='par_1_13' title="bbox 1307 467 2028 565">
     <span class='ocr_line' id='line_1_17' title="bbox 1307 467 1930 504; baseline 0.006 -5"><span class='ocrx_word' id='word_1_110' title='bbox 1307 468 1377 500; x_wconf 70' lang='lat' dir='ltr'>dies</span> <span class='ocrx_word' id='word_1_111' title='bbox 1404 467 1597 501; x_wconf 79' lang='lat' dir='ltr'>Dominicus</span> <span class='ocrx_word' id='word_1_112' title='bbox 1619 479 1686 501; x_wconf 92' lang='lat' dir='ltr'>non</span> <span class='ocrx_word' id='word_1_113' title='bbox 1713 470 1930 504; x_wconf 81' lang='lat' dir='ltr'>omitteretur.</span> 
     </span>
     <span class='ocr_line' id='line_1_18' title="bbox 1564 521 2028 565; baseline 0.006 -14"><span class='ocrx_word' id='word_1_114' title='bbox 1564 524 1626 561; x_wconf 81' lang='lat' dir='ltr'>est,</span> <span class='ocrx_word' id='word_1_115' title='bbox 1653 531 1716 554; x_wconf 92' lang='lat' dir='ltr'>nec</span> <span class='ocrx_word' id='word_1_116' title='bbox 1743 533 1762 553; x_wconf 89' lang='lat' dir='ltr'>a</span> <span class='ocrx_word' id='word_1_117' title='bbox 1784 521 1938 565; x_wconf 70' lang='lat' dir='ltr'>passione</span> <span class='ocrx_word' id='word_1_118' title='bbox 1965 522 2028 554; x_wconf 89' lang='lat' dir='ltr'>do-</span> 
     </span>
    </p>
   </div>
   <div class='ocr_carea' id='block_1_14' title="bbox 1241 619 2028 667">
    <p class='ocr_par' dir='ltr' id='par_1_14' title="bbox 1241 619 2028 667">
     <span class='ocr_line' id='line_1_19' title="bbox 1241 619 2028 667; baseline 0.003 -11"><span class='ocrx_word' id='word_1_119' title='bbox 1241 623 1343 656; x_wconf 88' lang='lat' dir='ltr'>Unde</span> <span class='ocrx_word' id='word_1_120' title='bbox 1370 619 1437 656; x_wconf 73' lang='lat' dir='ltr'>et¹¹⁵</span> <span class='ocrx_word' id='word_1_121' title='bbox 1463 622 1495 655; x_wconf 91' lang='lat' dir='ltr'>in</span> <span class='ocrx_word' id='word_1_122' title='bbox 1521 622 1728 667; x_wconf 82' lang='lat' dir='ltr'>Evangelio:</span> <span class='ocrx_word' id='word_1_123' title='bbox 1759 624 1848 658; x_wconf 83' lang='lat' dir='ltr'>Cum</span> <span class='ocrx_word' id='word_1_124' title='bbox 1873 625 2028 667; x_wconf 74' lang='lat' dir='ltr'>vidisset,</span> 
     </span>
    </p>
   </div>
   <div class='ocr_carea' id='block_1_15' title="bbox 84 670 1763 718">
    <p class='ocr_par' dir='ltr' id='par_1_15' title="bbox 84 670 1763 718">
     <span class='ocr_line' id='line_1_20' title="bbox 84 670 1763 718; baseline 0.003 -14"><span class='ocrx_word' id='word_1_125' title='bbox 84 674 206 716; x_wconf 87' lang='lat' dir='ltr'>inquit,</span> <span class='ocrx_word' id='word_1_126' title='bbox 235 671 446 713; x_wconf 74' lang='lat' dir='ltr'>‹l‹›111im1s¹⁷,</span> <span class='ocrx_word' id='word_1_127' title='bbox 475 671 594 718; x_wconf 55' lang='lat' dir='ltr'>quiam</span> <span class='ocrx_word' id='word_1_128' title='bbox 620 670 711 707; x_wconf 63' lang='lat' dir='ltr'>venit</span> <span class='ocrx_word' id='word_1_129' title='bbox 739 671 885 715; x_wconf 61' lang='lat' dir='ltr'>horam,</span> <span class='ocrx_word' id='word_1_130' title='bbox 912 678 949 707; x_wconf 85' lang='lat' dir='ltr'>ut</span> <span class='ocrx_word' id='word_1_131' title='bbox 977 675 1143 707; x_wconf 78' lang='lat' dir='ltr'>transiret</span> <span class='ocrx_word' id='word_1_132' title='bbox 1171 674 1218 707; x_wconf 78' lang='lat' dir='ltr'>cle</span> <span class='ocrx_word' id='word_1_133' title='bbox 1245 674 1310 708; x_wconf 82' lang='lat' dir='ltr'>hoc</span> <span class='ocrx_word' id='word_1_134' title='bbox 1324 672 1348 691; x_wconf 88' lang='lat'>²⁰</span> <span class='ocrx_word' id='word_1_135' title='bbox 1372 674 1502 706; x_wconf 73' lang='lat' dir='ltr'>maudo</span> <span class='ocrx_word' id='word_1_136' title='bbox 1530 674 1581 707; x_wconf 80' lang='lat' dir='ltr'>ud</span> <span class='ocrx_word' id='word_1_137' title='bbox 1608 675 1763 709; x_wconf 75' lang='lat' dir='ltr'>Patrem.</span> 
     </span>
    </p>
   </div>
   <div class='ocr_carea' id='block_1_16' title="bbox 254 722 1813 823">
    <p class='ocr_par' dir='ltr' id='par_1_16' title="bbox 254 722 1813 823">
     <span class='ocr_line' id='line_1_21' title="bbox 254 722 1813 771; baseline 0.001 -14"><span class='ocrx_word' id='word_1_138' title='bbox 254 726 310 760; x_wconf 81' lang='lat'>12.</span> <span class='ocrx_word' id='word_1_139' title='bbox 363 725 464 759; x_wconf 86' lang='lat' dir='ltr'>Cuius</span> <span class='ocrx_word' id='word_1_140' title='bbox 491 736 557 758; x_wconf 79' lang='lat' dir='ltr'>nox</span> <span class='ocrx_word' id='word_1_141' title='bbox 583 722 695 758; x_wconf 84' lang='lat' dir='ltr'>ideo²¹</span> <span class='ocrx_word' id='word_1_142' title='bbox 721 725 865 770; x_wconf 85' lang='lat' dir='ltr'>pervigil</span> <span class='ocrx_word' id='word_1_143' title='bbox 877 722 902 742; x_wconf 76' lang='lat'>²²</span> <span class='ocrx_word' id='word_1_144' title='bbox 928 723 1116 767; x_wconf 67' lang='lat' dir='ltr'>ducitur-²³,</span> <span class='ocrx_word' id='word_1_145' title='bbox 1150 731 1291 771; x_wconf 82' lang='lat' dir='ltr'>propter</span> <span class='ocrx_word' id='word_1_146' title='bbox 1319 726 1501 759; x_wconf 87' lang='lat' dir='ltr'>adventum</span> <span class='ocrx_word' id='word_1_147' title='bbox 1527 726 1616 770; x_wconf 74' lang='lat' dir='ltr'>regis</span> <span class='ocrx_word' id='word_1_148' title='bbox 1649 738 1689 761; x_wconf 86' lang='lat' dir='ltr'>ac</span> <span class='ocrx_word' id='word_1_149' title='bbox 1716 723 1813 760; x_wconf 77' lang='lat' dir='ltr'>Dei²¹</span> 
     </span>
     <span class='ocr_line' id='line_1_22' title="bbox 552 776 1446 823; baseline 0.001 -14"><span class='ocrx_word' id='word_1_150' title='bbox 552 788 611 810; x_wconf 80' lang='lat' dir='ltr'>nos</span> <span class='ocrx_word' id='word_1_151' title='bbox 643 788 709 810; x_wconf 90' lang='lat' dir='ltr'>non</span> <span class='ocrx_word' id='word_1_152' title='bbox 743 776 966 819; x_wconf 82' lang='lat' dir='ltr'>dormientes,</span> <span class='ocrx_word' id='word_1_153' title='bbox 999 778 1059 811; x_wconf 81' lang='lat' dir='ltr'>sed</span> <span class='ocrx_word' id='word_1_154' title='bbox 1086 778 1261 823; x_wconf 80' lang='lat' dir='ltr'>vigilantes</span> <span class='ocrx_word' id='word_1_155' title='bbox 1294 778 1446 812; x_wconf 79' lang='lat' dir='ltr'>inveniat.</span> 
     </span>
    </p>
   </div>
   <div class='ocr_carea' id='block_1_17' title="bbox 84 774 526 820">
    <p class='ocr_par' dir='ltr' id='par_1_17' title="bbox 84 774 526 820">
     <span class='ocr_line' id='line_1_23' title="bbox 84 774 526 820; baseline 0.007 -13"><span class='ocrx_word' id='word_1_156' title='bbox 84 780 216 820; x_wconf 79' lang='lat' dir='ltr'>tempus</span> <span class='ocrx_word' id='word_1_157' title='bbox 242 778 489 812; x_wconf 73' lang='lat' dir='ltr'>resurrectionis</span> <span class='ocrx_word' id='word_1_158' title='bbox 501 774 526 794; x_wconf 66' lang='lat'>²³</span> 
     </span>
    </p>
   </div>
   <div class='ocr_carea' id='block_1_18' title="bbox 1505 728 2030 823">
    <p class='ocr_par' dir='ltr' id='par_1_18' title="bbox 1505 728 2030 823">
     <span class='ocr_line' id='line_1_24' title="bbox 1838 728 2030 768; baseline -0.005 -8"><span class='ocrx_word' id='word_1_159' title='bbox 1838 728 1958 768; x_wconf 80' lang='lat' dir='ltr'>nostri,</span> <span class='ocrx_word' id='word_1_160' title='bbox 1995 732 2030 760; x_wconf 86' lang='lat' dir='ltr'>ut</span> 
     </span>
     <span class='ocr_line' id='line_1_25' title="bbox 1505 776 2029 823; baseline 0.002 -13"><span class='ocrx_word' id='word_1_161' title='bbox 1505 776 1606 810; x_wconf 78' lang='lat' dir='ltr'>Cuius</span> <span class='ocrx_word' id='word_1_162' title='bbox 1640 778 1747 812; x_wconf 84' lang='lat' dir='ltr'>noctis</span> <span class='ocrx_word' id='word_1_163' title='bbox 1782 778 1910 823; x_wconf 82' lang='lat' dir='ltr'>duplex</span> <span class='ocrx_word' id='word_1_164' title='bbox 1946 780 2029 812; x_wconf 85' lang='lat' dir='ltr'>ratio</span> 
     </span>
    </p>
   </div>
   <div class='ocr_carea' id='block_1_19' title="bbox 84 826 2031 874">
    <p class='ocr_par' dir='ltr' id='par_1_19' title="bbox 84 826 2031 874">
     <span class='ocr_line' id='line_1_26' title="bbox 84 826 2031 874; baseline 0.002 -15"><span class='ocrx_word' id='word_1_165' title='bbox 84 833 143 867; x_wconf 61' lang='lat' dir='ltr'>est,</span> <span class='ocrx_word' id='word_1_166' title='bbox 172 828 238 860; x_wconf 47' lang='lat' dir='ltr'>eive</span> <span class='ocrx_word' id='word_1_167' title='bbox 262 830 354 872; x_wconf 85' lang='lat' dir='ltr'>quod</span> <span class='ocrx_word' id='word_1_168' title='bbox 383 830 414 861; x_wconf 92' lang='lat' dir='ltr'>in</span> <span class='ocrx_word' id='word_1_169' title='bbox 442 826 516 862; x_wconf 75' lang='lat' dir='ltr'>ea²⁰</span> <span class='ocrx_word' id='word_1_170' title='bbox 542 829 642 861; x_wconf 75' lang='lat' dir='ltr'>vitam</span> <span class='ocrx_word' id='word_1_171' title='bbox 670 826 784 862; x_wconf 79' lang='lat' dir='ltr'>tunc²⁷</span> <span class='ocrx_word' id='word_1_172' title='bbox 809 829 956 873; x_wconf 87' lang='lat' dir='ltr'>recepit,</span> <span class='ocrx_word' id='word_1_173' title='bbox 979 840 1055 863; x_wconf 89' lang='lat' dir='ltr'>cum</span> <span class='ocrx_word' id='word_1_174' title='bbox 1083 841 1198 874; x_wconf 83' lang='lat' dir='ltr'>passus</span> <span class='ocrx_word' id='word_1_175' title='bbox 1226 834 1293 872; x_wconf 81' lang='lat' dir='ltr'>est,</span> <span class='ocrx_word' id='word_1_176' title='bbox 1327 830 1396 863; x_wconf 81' lang='lat' dir='ltr'>sive</span> <span class='ocrx_word' id='word_1_177' title='bbox 1424 829 1518 873; x_wconf 91' lang='lat' dir='ltr'>quod</span> <span class='ocrx_word' id='word_1_178' title='bbox 1545 834 1663 874; x_wconf 82' lang='lat' dir='ltr'>postea</span> <span class='ocrx_word' id='word_1_179' title='bbox 1689 829 1808 863; x_wconf 87' lang='lat' dir='ltr'>eadem</span> <span class='ocrx_word' id='word_1_180' title='bbox 1837 831 1939 871; x_wconf 83' lang='lat' dir='ltr'>hora,</span> <span class='ocrx_word' id='word_1_181' title='bbox 1965 842 2031 873; x_wconf 84' lang='lat' dir='ltr'>qua</span> 
     </span>
    </p>
   </div>
   <div class='ocr_carea' id='block_1_20' title="bbox 84 878 889 923">
    <p class='ocr_par' dir='ltr' id='par_1_20' title="bbox 84 878 889 923">
     <span class='ocr_line' id='line_1_27' title="bbox 84 878 889 923; baseline 0.004 -13"><span class='ocrx_word' id='word_1_182' title='bbox 84 880 258 913; x_wconf 80' lang='lat' dir='ltr'>resurrexit</span> <span class='ocrx_word' id='word_1_183' title='bbox 269 878 309 923; x_wconf 66' lang='lat'>²⁶,</span> <span class='ocrx_word' id='word_1_184' title='bbox 338 881 380 913; x_wconf 83' lang='lat' dir='ltr'>ad</span> <span class='ocrx_word' id='word_1_185' title='bbox 407 880 623 914; x_wconf 81' lang='lat' dir='ltr'>iudicandum</span> <span class='ocrx_word' id='word_1_186' title='bbox 651 886 805 913; x_wconf 76' lang='lat' dir='ltr'>venturus</span> <span class='ocrx_word' id='word_1_187' title='bbox 832 885 889 913; x_wconf 77' lang='lat' dir='ltr'>est.</span> 
     </span>
    </p>
   </div>
   <div class='ocr_carea' id='block_1_21' title="bbox 251 932 308 965">
    <p class='ocr_par' dir='ltr' id='par_1_21' title="bbox 251 932 308 965">
     <span class='ocr_line' id='line_1_28' title="bbox 251 932 308 965; baseline 0.018 -1"><span class='ocrx_word' id='word_1_188' title='bbox 251 932 308 965; x_wconf 89' lang='lat'>13.</span> 
     </span>
    </p>
   </div>
   <div class='ocr_carea' id='block_1_22' title="bbox 364 931 2032 977">
    <p class='ocr_par' dir='ltr' id='par_1_22' title="bbox 364 931 2032 977">
     <span class='ocr_line' id='line_1_29' title="bbox 364 931 2032 977; baseline -0.001 -11"><span class='ocrx_word' id='word_1_189' title='bbox 364 933 416 966; x_wconf 87' lang='lat' dir='ltr'>Eo</span> <span class='ocrx_word' id='word_1_190' title='bbox 443 938 553 965; x_wconf 80' lang='lat' dir='ltr'>autem</span> <span class='ocrx_word' id='word_1_191' title='bbox 581 932 685 965; x_wconf 88' lang='lat' dir='ltr'>modo</span> <span class='ocrx_word' id='word_1_192' title='bbox 709 932 840 977; x_wconf 86' lang='lat' dir='ltr'>agimus</span> <span class='ocrx_word' id='word_1_193' title='bbox 863 931 1011 976; x_wconf 85' lang='lat' dir='ltr'>pascha,</span> <span class='ocrx_word' id='word_1_194' title='bbox 1053 937 1088 966; x_wconf 82' lang='lat' dir='ltr'>ut</span> <span class='ocrx_word' id='word_1_195' title='bbox 1114 943 1180 965; x_wconf 88' lang='lat' dir='ltr'>non</span> <span class='ocrx_word' id='word_1_196' title='bbox 1218 933 1326 965; x_wconf 79' lang='lat' dir='ltr'>solum</span> <span class='ocrx_word' id='word_1_197' title='bbox 1360 936 1502 965; x_wconf 86' lang='lat' dir='ltr'>mortem</span> <span class='ocrx_word' id='word_1_198' title='bbox 1540 937 1573 965; x_wconf 85' lang='lat' dir='ltr'>et</span> <span class='ocrx_word' id='word_1_199' title='bbox 1607 933 1881 966; x_wconf 85' lang='lat' dir='ltr'>resurrectionem</span> <span class='ocrx_word' id='word_1_200' title='bbox 1909 932 2032 966; x_wconf 80' lang='lat' dir='ltr'>Christi</span> 
     </span>
    </p>
   </div>
   <div class='ocr_carea' id='block_1_23' title="bbox 85 980 2031 1028">
    <p class='ocr_par' dir='ltr' id='par_1_23' title="bbox 85 980 2031 1028">
     <span class='ocr_line' id='line_1_30' title="bbox 85 980 2031 1028; baseline 0.003 -16"><span class='ocrx_word' id='word_1_201' title='bbox 85 980 117 1014; x_wconf 87' lang='lat' dir='ltr'>in</span> <span class='ocrx_word' id='word_1_202' title='bbox 151 985 346 1017; x_wconf 77' lang='lat' dir='ltr'>memoriam</span> <span class='ocrx_word' id='word_1_203' title='bbox 380 996 590 1023; x_wconf 73' lang='lat' dir='ltr'>revocemus,</span> <span class='ocrx_word' id='word_1_204' title='bbox 644 984 701 1017; x_wconf 77' lang='lat' dir='ltr'>sed</span> <span class='ocrx_word' id='word_1_205' title='bbox 731 984 831 1017; x_wconf 89' lang='lat' dir='ltr'>etiam</span> <span class='ocrx_word' id='word_1_206' title='bbox 858 989 1006 1025; x_wconf 85' lang='lat' dir='ltr'>caetera,</span> <span class='ocrx_word' id='word_1_207' title='bbox 1053 996 1141 1028; x_wconf 88' lang='lat' dir='ltr'>quae</span> <span class='ocrx_word' id='word_1_208' title='bbox 1164 984 1253 1019; x_wconf 85' lang='lat' dir='ltr'>circa</span> <span class='ocrx_word' id='word_1_209' title='bbox 1280 995 1356 1017; x_wconf 90' lang='lat' dir='ltr'>eum</span> <span class='ocrx_word' id='word_1_210' title='bbox 1369 980 1394 1000; x_wconf 80' lang='lat'>²⁰</span> <span class='ocrx_word' id='word_1_211' title='bbox 1422 988 1632 1025; x_wconf 80' lang='lat' dir='ltr'>attestantur,</span> <span class='ocrx_word' id='word_1_212' title='bbox 1680 984 1723 1017; x_wconf 84' lang='lat' dir='ltr'>ad</span> <span class='ocrx_word' id='word_1_213' title='bbox 1751 990 2031 1019; x_wconf 80' lang='lat' dir='ltr'>sacramentorum</span> 
     </span>
    </p>
   </div>
   <div class='ocr_carea' id='block_1_24' title="bbox 85 1032 645 1080">
    <p class='ocr_par' dir='ltr' id='par_1_24' title="bbox 85 1032 645 1080">
     <span class='ocr_line' id='line_1_31' title="bbox 85 1032 645 1080; baseline 0.007 -16"><span class='ocrx_word' id='word_1_214' title='bbox 85 1034 359 1078; x_wconf 71' lang='lat' dir='ltr'>significationem</span> <span class='ocrx_word' id='word_1_215' title='bbox 383 1037 599 1080; x_wconf 68' lang='lat' dir='ltr'>respiciamus</span> <span class='ocrx_word' id='word_1_216' title='bbox 610 1032 645 1068; x_wconf 73' lang='lat'>³⁰.</span> 
     </span>
    </p>
   </div>
   <div class='ocr_carea' id='block_1_25' title="bbox 254 1083 808 1132">
    <p class='ocr_par' dir='ltr' id='par_1_25' title="bbox 254 1083 808 1132">
     <span class='ocr_line' id='line_1_32' title="bbox 254 1083 808 1132; baseline -0.004 -12"><span class='ocrx_word' id='word_1_217' title='bbox 254 1088 309 1120; x_wconf 73' lang='lat'>14.</span> <span class='ocrx_word' id='word_1_218' title='bbox 362 1088 507 1132; x_wconf 86' lang='lat' dir='ltr'>Propter</span> <span class='ocrx_word' id='word_1_219' title='bbox 532 1088 659 1120; x_wconf 89' lang='lat' dir='ltr'>initium</span> <span class='ocrx_word' id='word_1_220' title='bbox 687 1087 773 1119; x_wconf 78' lang='lat' dir='ltr'>enim</span> <span class='ocrx_word' id='word_1_221' title='bbox 785 1083 808 1103; x_wconf 79' lang='lat'>³¹</span> 
     </span>
    </p>
   </div>
   <div class='ocr_carea' id='block_1_26' title="bbox 87 1135 941 1183">
    <p class='ocr_par' dir='ltr' id='par_1_26' title="bbox 87 1135 941 1183">
     <span class='ocr_line' id='line_1_33' title="bbox 87 1135 941 1183; baseline 0.004 -15"><span class='ocrx_word' id='word_1_222' title='bbox 87 1137 225 1170; x_wconf 88' lang='lat' dir='ltr'>induere</span> <span class='ocrx_word' id='word_1_223' title='bbox 257 1145 290 1171; x_wconf 89' lang='lat' dir='ltr'>et</span> <span class='ocrx_word' id='word_1_224' title='bbox 323 1151 442 1172; x_wconf 82' lang='lat' dir='ltr'>exuere</span> <span class='ocrx_word' id='word_1_225' title='bbox 477 1144 644 1179; x_wconf 69' lang='lat' dir='ltr'>veterem,</span> <span class='ocrx_word' id='word_1_226' title='bbox 684 1135 941 1183; x_wconf 81' lang='lat' dir='ltr'>expurgantes³³</span> 
     </span>
    </p>
   </div>
   <div class='ocr_carea' id='block_1_27' title="bbox 87 1189 983 1234">
    <p class='ocr_par' dir='ltr' id='par_1_27' title="bbox 87 1189 983 1234">
     <span class='ocr_line' id='line_1_34' title="bbox 87 1189 983 1234; baseline 0.002 -14"><span class='ocrx_word' id='word_1_227' title='bbox 87 1189 174 1221; x_wconf 83' lang='lat' dir='ltr'>uiam</span> <span class='ocrx_word' id='word_1_228' title='bbox 202 1191 329 1234; x_wconf 68' lang='lat' dir='ltr'>pascha</span> <span class='ocrx_word' id='word_1_229' title='bbox 356 1198 502 1224; x_wconf 80' lang='lat' dir='ltr'>nostrum</span> <span class='ocrx_word' id='word_1_230' title='bbox 530 1191 720 1224; x_wconf 81' lang='lat' dir='ltr'>immolatus</span> <span class='ocrx_word' id='word_1_231' title='bbox 747 1195 795 1223; x_wconf 78' lang='lat' dir='ltr'>est</span> <span class='ocrx_word' id='word_1_232' title='bbox 822 1190 983 1225; x_wconf 79' lang='lat' dir='ltr'>Christus.</span> 
     </span>
    </p>
   </div>
   <div class='ocr_carea' id='block_1_28' title="bbox 837 1083 2034 1234">
    <p class='ocr_par' dir='ltr' id='par_1_28' title="bbox 837 1083 2034 1234">
     <span class='ocr_line' id='line_1_35' title="bbox 837 1083 2034 1132; baseline 0.001 -13"><span class='ocrx_word' id='word_1_233' title='bbox 837 1097 945 1119; x_wconf 84' lang='lat' dir='ltr'>novae</span> <span class='ocrx_word' id='word_1_234' title='bbox 979 1087 1066 1120; x_wconf 58' lang='lat' dir='ltr'>witae</span> <span class='ocrx_word' id='word_1_235' title='bbox 1100 1093 1132 1120; x_wconf 87' lang='lat' dir='ltr'>et</span> <span class='ocrx_word' id='word_1_236' title='bbox 1160 1091 1302 1132; x_wconf 87' lang='lat' dir='ltr'>propter</span> <span class='ocrx_word' id='word_1_237' title='bbox 1328 1085 1500 1119; x_wconf 88' lang='lat' dir='ltr'>hominem</span> <span class='ocrx_word' id='word_1_238' title='bbox 1527 1098 1651 1119; x_wconf 90' lang='lat' dir='ltr'>novum</span> <span class='ocrx_word' id='word_1_239' title='bbox 1665 1083 1707 1128; x_wconf 80' lang='lat'>³²,</span> <span class='ocrx_word' id='word_1_240' title='bbox 1749 1098 1850 1130; x_wconf 87' lang='lat' dir='ltr'>quern</span> <span class='ocrx_word' id='word_1_241' title='bbox 1881 1086 2034 1120; x_wconf 88' lang='lat' dir='ltr'>iubemur</span> 
     </span>
     <span class='ocr_line' id='line_1_36' title="bbox 974 1135 2034 1182; baseline -0.002 -10"><span class='ocrx_word' id='word_1_242' title='bbox 974 1145 1066 1172; x_wconf 81' lang='lat' dir='ltr'>vetus</span> <span class='ocrx_word' id='word_1_243' title='bbox 1099 1139 1318 1179; x_wconf 85' lang='lat' dir='ltr'>fermentum,</span> <span class='ocrx_word' id='word_1_244' title='bbox 1356 1143 1392 1170; x_wconf 86' lang='lat' dir='ltr'>ut</span> <span class='ocrx_word' id='word_1_245' title='bbox 1424 1135 1562 1171; x_wconf 61' lang='grc' dir='ltr'>εἰηιιιε34</span> <span class='ocrx_word' id='word_1_246' title='bbox 1588 1149 1676 1171; x_wconf 83' lang='lat' dir='ltr'>nova</span> <span class='ocrx_word' id='word_1_247' title='bbox 1703 1138 1915 1182; x_wconf 72' lang='lat' dir='ltr'>conspersio,</span> <span class='ocrx_word' id='word_1_248' title='bbox 1947 1150 2034 1181; x_wconf 91' lang='lat' dir='ltr'>quo-</span> 
     </span>
     <span class='ocr_line' id='line_1_37' title="bbox 1037 1185 2033 1234; baseline -0.001 -11"><span class='ocrx_word' id='word_1_249' title='bbox 1037 1191 1182 1234; x_wconf 87' lang='lat' dir='ltr'>Propter</span> <span class='ocrx_word' id='word_1_250' title='bbox 1207 1190 1297 1223; x_wconf 84' lang='lat' dir='ltr'>hanc</span> <span class='ocrx_word' id='word_1_251' title='bbox 1324 1201 1407 1234; x_wconf 86' lang='lat' dir='ltr'>ergo</span> <span class='ocrx_word' id='word_1_252' title='bbox 1435 1190 1522 1222; x_wconf 84' lang='lat' dir='ltr'>vitae</span> <span class='ocrx_word' id='word_1_253' title='bbox 1532 1185 1556 1206; x_wconf 80' lang='lat'>³⁵</span> <span class='ocrx_word' id='word_1_254' title='bbox 1583 1190 1763 1223; x_wconf 84' lang='lat' dir='ltr'>novitatem</span> <span class='ocrx_word' id='word_1_255' title='bbox 1787 1190 1913 1234; x_wconf 76' lang='lat' dir='ltr'>primus</span> <span class='ocrx_word' id='word_1_256' title='bbox 1940 1201 2033 1223; x_wconf 89' lang='lat' dir='ltr'>men-</span> 
     </span>
    </p>
   </div>
   <div class='ocr_carea' id='block_1_29' title="bbox 88 1237 1679 1285">
    <p class='ocr_par' dir='ltr' id='par_1_29' title="bbox 88 1237 1679 1285">
     <span class='ocr_line' id='line_1_38' title="bbox 88 1237 1679 1285; baseline 0.001 -13"><span class='ocrx_word' id='word_1_257' title='bbox 88 1241 129 1272; x_wconf 70' lang='lat' dir='ltr'>sis</span> <span class='ocrx_word' id='word_1_258' title='bbox 156 1252 318 1275; x_wconf 84' lang='lat' dir='ltr'>novorum</span> <span class='ocrx_word' id='word_1_259' title='bbox 328 1240 352 1259; x_wconf 75' lang='lat'>³⁶</span> <span class='ocrx_word' id='word_1_260' title='bbox 378 1245 411 1276; x_wconf 90' lang='lat' dir='ltr'>in</span> <span class='ocrx_word' id='word_1_261' title='bbox 439 1243 603 1275; x_wconf 79' lang='lat' dir='ltr'>mensibus</span> <span class='ocrx_word' id='word_1_262' title='bbox 630 1238 740 1274; x_wconf 67' lang='grc' dir='ltr'>311ιιί31</span> <span class='ocrx_word' id='word_1_263' title='bbox 767 1241 984 1275; x_wconf 83' lang='lat' dir='ltr'>celebrationi</span> <span class='ocrx_word' id='word_1_264' title='bbox 994 1237 1021 1257; x_wconf 69' lang='lat'>³⁶</span> <span class='ocrx_word' id='word_1_265' title='bbox 1046 1242 1200 1285; x_wconf 82' lang='lat' dir='ltr'>paschali</span> <span class='ocrx_word' id='word_1_266' title='bbox 1225 1241 1362 1284; x_wconf 81' lang='lat' dir='ltr'>mystice</span> <span class='ocrx_word' id='word_1_267' title='bbox 1388 1241 1563 1273; x_wconf 80' lang='lat' dir='ltr'>attributus</span> <span class='ocrx_word' id='word_1_268' title='bbox 1589 1237 1679 1274; x_wconf 79' lang='lat' dir='ltr'>est³⁹.</span> 
     </span>
    </p>
   </div>
   <div class='ocr_carea' id='block_1_30' title="bbox 258 1294 314 1328">
    <p class='ocr_par' dir='ltr' id='par_1_30' title="bbox 258 1294 314 1328">
     <span class='ocr_line' id='line_1_39' title="bbox 258 1294 314 1328; baseline 0.036 -2"><span class='ocrx_word' id='word_1_269' title='bbox 258 1294 314 1328; x_wconf 81' lang='lat'>15.</span> 
     </span>
    </p>
   </div>
   <div class='ocr_carea' id='block_1_31' title="bbox 368 1291 2034 1336">
    <p class='ocr_par' dir='ltr' id='par_1_31' title="bbox 368 1291 2034 1336">
     <span class='ocr_line' id='line_1_40' title="bbox 368 1291 2034 1336; baseline -0.002 -9"><span class='ocrx_word' id='word_1_270' title='bbox 368 1295 471 1335; x_wconf 78' lang='lat' dir='ltr'>Quod</span> <span class='ocrx_word' id='word_1_271' title='bbox 505 1305 583 1327; x_wconf 83' lang='lat' dir='ltr'>vero</span> <span class='ocrx_word' id='word_1_272' title='bbox 619 1294 734 1325; x_wconf 81' lang='lat' dir='ltr'>tertiae</span> <span class='ocrx_word' id='word_1_273' title='bbox 761 1292 999 1325; x_wconf 76' lang='lat' dir='ltr'>hebdomadae</span> <span class='ocrx_word' id='word_1_274' title='bbox 1028 1293 1082 1325; x_wconf 91' lang='lat' dir='ltr'>die</span> <span class='ocrx_word' id='word_1_275' title='bbox 1109 1292 1237 1336; x_wconf 79' lang='lat' dir='ltr'>pascha</span> <span class='ocrx_word' id='word_1_276' title='bbox 1264 1292 1470 1333; x_wconf 81' lang='lat' dir='ltr'>celebratur,</span> <span class='ocrx_word' id='word_1_277' title='bbox 1510 1292 1545 1323; x_wconf 92' lang='lat' dir='ltr'>id</span> <span class='ocrx_word' id='word_1_278' title='bbox 1581 1296 1628 1324; x_wconf 80' lang='lat' dir='ltr'>est</span> <span class='ocrx_word' id='word_1_279' title='bbox 1662 1292 1718 1334; x_wconf 85' lang='lat' dir='ltr'>qui</span> <span class='ocrx_word' id='word_1_280' title='bbox 1746 1291 1817 1324; x_wconf 82' lang='lat' dir='ltr'>dies</span> <span class='ocrx_word' id='word_1_281' title='bbox 1843 1292 1989 1325; x_wconf 85' lang='lat' dir='ltr'>occurrit</span> <span class='ocrx_word' id='word_1_282' title='bbox 2016 1304 2034 1323; x_wconf 85' lang='lat' dir='ltr'>a</span> 
     </span>
    </p>
   </div>
   <div class='ocr_carea' id='block_1_32' title="bbox 90 1339 2035 1440">
    <p class='ocr_par' dir='ltr' id='par_1_32' title="bbox 90 1339 2035 1440">
     <span class='ocr_line' id='line_1_41' title="bbox 90 1339 2035 1388; baseline -0.001 -13"><span class='ocrx_word' id='word_1_283' title='bbox 90 1344 203 1386; x_wconf 78' lang='lat' dir='ltr'>quinta</span> <span class='ocrx_word' id='word_1_284' title='bbox 236 1343 403 1378; x_wconf 67' lang='lat' dir='ltr'>decima⁴⁰</span> <span class='ocrx_word' id='word_1_285' title='bbox 430 1346 508 1377; x_wconf 80' lang='lat' dir='ltr'>luna</span> <span class='ocrx_word' id='word_1_286' title='bbox 541 1341 607 1377; x_wconf 67' lang='grc' dir='ltr'>ὶιιῃ</span> <span class='ocrx_word' id='word_1_287' title='bbox 639 1344 828 1377; x_wconf 76' lang='lat' dir='ltr'>vicesimam</span> <span class='ocrx_word' id='word_1_288' title='bbox 868 1344 1028 1388; x_wconf 84' lang='lat' dir='ltr'>primam,</span> <span class='ocrx_word' id='word_1_289' title='bbox 1069 1343 1139 1377; x_wconf 91' lang='lat' dir='ltr'>hoc</span> <span class='ocrx_word' id='word_1_290' title='bbox 1173 1344 1354 1388; x_wconf 72' lang='lat' dir='ltr'>significat:</span> <span class='ocrx_word' id='word_1_291' title='bbox 1400 1343 1493 1386; x_wconf 85' lang='lat' dir='ltr'>quod</span> <span class='ocrx_word' id='word_1_292' title='bbox 1508 1339 1532 1359; x_wconf 67' lang='lat'>⁴³</span> <span class='ocrx_word' id='word_1_293' title='bbox 1566 1342 1599 1374; x_wconf 92' lang='lat' dir='ltr'>in</span> <span class='ocrx_word' id='word_1_294' title='bbox 1629 1347 1699 1375; x_wconf 86' lang='lat' dir='ltr'>toto</span> <span class='ocrx_word' id='word_1_295' title='bbox 1735 1347 1890 1387; x_wconf 87' lang='lat' dir='ltr'>tempore</span> <span class='ocrx_word' id='word_1_296' title='bbox 1922 1343 2035 1383; x_wconf 82' lang='lat' dir='ltr'>seculi,</span> 
     </span>
     <span class='ocr_line' id='line_1_42' title="bbox 91 1390 1984 1440; baseline 0 -13"><span class='ocrx_word' id='word_1_297' title='bbox 91 1396 184 1438; x_wconf 82' lang='lat' dir='ltr'>quod</span> <span class='ocrx_word' id='word_1_298' title='bbox 196 1392 221 1412; x_wconf 77' lang='lat'>⁴³</span> <span class='ocrx_word' id='word_1_299' title='bbox 247 1397 435 1440; x_wconf 73' lang='lat' dir='ltr'>septenario</span> <span class='ocrx_word' id='word_1_300' title='bbox 463 1397 593 1429; x_wconf 83' lang='lat' dir='ltr'>dierum</span> <span class='ocrx_word' id='word_1_301' title='bbox 620 1406 759 1428; x_wconf 88' lang='lat' dir='ltr'>numero</span> <span class='ocrx_word' id='word_1_302' title='bbox 788 1395 917 1439; x_wconf 84' lang='lat' dir='ltr'>agitur,</span> <span class='ocrx_word' id='word_1_303' title='bbox 944 1406 1031 1428; x_wconf 88' lang='lat' dir='ltr'>nunc</span> <span class='ocrx_word' id='word_1_304' title='bbox 1058 1396 1191 1428; x_wconf 89' lang='lat' dir='ltr'>tertium</span> <span class='ocrx_word' id='word_1_305' title='bbox 1218 1391 1389 1438; x_wconf 71' lang='lat' dir='ltr'>ternpus⁴⁴</span> <span class='ocrx_word' id='word_1_306' title='bbox 1417 1394 1486 1428; x_wconf 89' lang='lat' dir='ltr'>hoc</span> <span class='ocrx_word' id='word_1_307' title='bbox 1513 1399 1755 1427; x_wconf 78' lang='lat' dir='ltr'>sacramentum</span> <span class='ocrx_word' id='word_1_308' title='bbox 1783 1390 1984 1438; x_wconf 55' lang='lat' dir='ltr'>apparuitf’.</span> 
     </span>
    </p>
   </div>
   <div class='ocr_carea' id='block_1_33' title="bbox 258 1448 316 1481">
    <p class='ocr_par' dir='ltr' id='par_1_33' title="bbox 258 1448 316 1481">
     <span class='ocr_line' id='line_1_43' title="bbox 258 1448 316 1481; baseline 0.034 -2"><span class='ocrx_word' id='word_1_309' title='bbox 258 1448 316 1481; x_wconf 69' lang='lat' dir='ltr'>lli.</span> 
     </span>
    </p>
   </div>
   <div class='ocr_carea' id='block_1_34' title="bbox 368 1444 2035 1490">
    <p class='ocr_par' dir='ltr' id='par_1_34' title="bbox 368 1444 2035 1490">
     <span class='ocr_line' id='line_1_44' title="bbox 368 1444 2035 1490; baseline -0.002 -10"><span class='ocrx_word' id='word_1_310' title='bbox 368 1449 517 1481; x_wconf 83' lang='lat' dir='ltr'>Primum</span> <span class='ocrx_word' id='word_1_311' title='bbox 545 1448 631 1480; x_wconf 89' lang='lat' dir='ltr'>enim</span> <span class='ocrx_word' id='word_1_312' title='bbox 658 1452 789 1490; x_wconf 82' lang='lat' dir='ltr'>tempus</span> <span class='ocrx_word' id='word_1_313' title='bbox 817 1452 866 1478; x_wconf 74' lang='lat' dir='ltr'>est</span> <span class='ocrx_word' id='word_1_314' title='bbox 892 1451 968 1479; x_wconf 87' lang='lat' dir='ltr'>ante</span> <span class='ocrx_word' id='word_1_315' title='bbox 995 1447 1118 1490; x_wconf 86' lang='lat' dir='ltr'>legem,</span> <span class='ocrx_word' id='word_1_316' title='bbox 1145 1446 1330 1480; x_wconf 83' lang='lat' dir='ltr'>secundum</span> <span class='ocrx_word' id='word_1_317' title='bbox 1359 1446 1419 1478; x_wconf 86' lang='lat' dir='ltr'>sub</span> <span class='ocrx_word' id='word_1_318' title='bbox 1447 1447 1535 1490; x_wconf 83' lang='lat' dir='ltr'>lege,</span> <span class='ocrx_word' id='word_1_319' title='bbox 1561 1446 1696 1478; x_wconf 87' lang='lat' dir='ltr'>tertium</span> <span class='ocrx_word' id='word_1_320' title='bbox 1724 1445 1786 1478; x_wconf 84' lang='lat' dir='ltr'>sub</span> <span class='ocrx_word' id='word_1_321' title='bbox 1813 1445 1933 1490; x_wconf 78' lang='lat' dir='ltr'>gratia.</span> <span class='ocrx_word' id='word_1_322' title='bbox 1967 1444 2035 1478; x_wconf 91' lang='lat' dir='ltr'>Ubi</span> 
     </span>
    </p>
   </div>
   <div class='ocr_carea' id='block_1_35' title="bbox 93 1496 2037 1594">
    <p class='ocr_par' dir='ltr' id='par_1_35' title="bbox 93 1496 2037 1594">
     <span class='ocr_line' id='line_1_45' title="bbox 93 1496 2037 1542; baseline -0.001 -13"><span class='ocrx_word' id='word_1_323' title='bbox 93 1498 158 1530; x_wconf 81' lang='lat' dir='ltr'>ium</span> <span class='ocrx_word' id='word_1_324' title='bbox 191 1497 469 1532; x_wconf 59' lang='grc' dir='ltr'>ιιιίιιιίίὶτεῐειῐιηηω</span> <span class='ocrx_word' id='word_1_325' title='bbox 501 1506 550 1532; x_wconf 73' lang='lat' dir='ltr'>est</span> <span class='ocrx_word' id='word_1_326' title='bbox 582 1504 824 1532; x_wconf 75' lang='lat' dir='ltr'>sacramentum</span> <span class='ocrx_word' id='word_1_327' title='bbox 857 1497 947 1541; x_wconf 77' lang='lat' dir='ltr'>prius</span> <span class='ocrx_word' id='word_1_328' title='bbox 979 1499 1150 1531; x_wconf 85' lang='lat' dir='ltr'>occultum</span> <span class='ocrx_word' id='word_1_329' title='bbox 1176 1498 1208 1530; x_wconf 94' lang='lat' dir='ltr'>in</span> <span class='ocrx_word' id='word_1_330' title='bbox 1235 1496 1439 1542; x_wconf 86' lang='lat' dir='ltr'>prophetico</span> <span class='ocrx_word' id='word_1_331' title='bbox 1463 1497 1674 1541; x_wconf 82' lang='lat' dir='ltr'>aenigmate,</span> <span class='ocrx_word' id='word_1_332' title='bbox 1718 1496 1797 1529; x_wconf 89' lang='lat' dir='ltr'>ideo</span> <span class='ocrx_word' id='word_1_333' title='bbox 1831 1501 1865 1530; x_wconf 80' lang='lat' dir='ltr'>et</span> <span class='ocrx_word' id='word_1_334' title='bbox 1897 1501 2037 1541; x_wconf 89' lang='lat' dir='ltr'>propter</span> 
     </span>
     <span class='ocr_line' id='line_1_46' title="bbox 94 1547 1259 1594; baseline 0.002 -13"><span class='ocrx_word' id='word_1_335' title='bbox 94 1549 178 1583; x_wconf 73' lang='lat' dir='ltr'>llaec</span> <span class='ocrx_word' id='word_1_336' title='bbox 205 1551 264 1582; x_wconf 80' lang='lat' dir='ltr'>tria</span> <span class='ocrx_word' id='word_1_337' title='bbox 292 1557 446 1594; x_wconf 87' lang='lat' dir='ltr'>tempora</span> <span class='ocrx_word' id='word_1_338' title='bbox 471 1551 573 1584; x_wconf 83' lang='lat' dir='ltr'>seculi</span> <span class='ocrx_word' id='word_1_339' title='bbox 584 1547 608 1567; x_wconf 66' lang='grc' dir='ltr'>’Π</span> <span class='ocrx_word' id='word_1_340' title='bbox 636 1549 831 1582; x_wconf 77' lang='lat' dir='ltr'>resurrectio</span> <span class='ocrx_word' id='word_1_341' title='bbox 858 1549 995 1582; x_wconf 88' lang='lat' dir='ltr'>Domini</span> <span class='ocrx_word' id='word_1_342' title='bbox 1021 1549 1174 1583; x_wconf 87' lang='lat' dir='ltr'>triduana</span> <span class='ocrx_word' id='word_1_343' title='bbox 1201 1554 1259 1583; x_wconf 80' lang='lat' dir='ltr'>est.</span> 
     </span>
    </p>
   </div>
   <div class='ocr_carea' id='block_1_36' title="bbox 87 1633 1044 2440">
    <p class='ocr_par' dir='ltr' id='par_1_36' title="bbox 87 1633 1044 2440">
     <span class='ocr_line' id='line_1_47' title="bbox 178 1633 1040 1672; baseline 0.002 -10"><span class='ocrx_word' id='word_1_344' title='bbox 178 1636 204 1671; x_wconf 90' lang='lat'>1)</span> <span class='ocrx_word' id='word_1_345' title='bbox 229 1635 282 1663; x_wconf 71' lang='lat' dir='ltr'>Vv.</span> <span class='ocrx_word' id='word_1_346' title='bbox 296 1635 328 1663; x_wconf 81' lang='lat' dir='ltr'><em>A</em></span> <span class='ocrx_word' id='word_1_347' title='bbox 339 1633 508 1663; x_wconf 78' lang='lat' dir='ltr'>conditione</span> <span class='ocrx_word' id='word_1_348' title='bbox 531 1643 625 1672; x_wconf 84' lang='lat' dir='ltr'>usque</span> <span class='ocrx_word' id='word_1_349' title='bbox 644 1633 682 1663; x_wconf 87' lang='lat' dir='ltr'>ad</span> <span class='ocrx_word' id='word_1_350' title='bbox 696 1643 853 1662; x_wconf 87' lang='lat' dir='ltr'>numerum</span> <span class='ocrx_word' id='word_1_351' title='bbox 869 1633 1040 1664; x_wconf 80' lang='lat' dir='ltr'>mundium.</span> 
     </span>
     <span class='ocr_line' id='line_1_48' title="bbox 92 1676 1040 1715; baseline -0.002 -10"><span class='ocrx_word' id='word_1_352' title='bbox 92 1677 142 1705; x_wconf 80' lang='lat' dir='ltr'>Ar.</span> <span class='ocrx_word' id='word_1_353' title='bbox 189 1678 246 1705; x_wconf 83' lang='lat' dir='ltr'>Pro</span> <span class='ocrx_word' id='word_1_354' title='bbox 275 1677 445 1706; x_wconf 71' lang='lat' dir='ltr'>conditione</span> <span class='ocrx_word' id='word_1_355' title='bbox 466 1678 502 1708; x_wconf 82' lang='grc'>31,</span> <span class='ocrx_word' id='word_1_356' title='bbox 529 1678 751 1707; x_wconf 67' lang='lat' dir='ltr'>con-stitutione.</span> <span class='ocrx_word' id='word_1_357' title='bbox 791 1692 828 1698; x_wconf 90' lang='lat'>—</span> <span class='ocrx_word' id='word_1_358' title='bbox 873 1676 905 1715; x_wconf 88' lang='lat'>2)</span> <span class='ocrx_word' id='word_1_359' title='bbox 934 1678 1040 1705; x_wconf 65' lang='lat' dir='ltr'>novis-</span> 
     </span>
     <span class='ocr_line' id='line_1_49' title="bbox 91 1718 1042 1759; baseline -0.001 -12"><span class='ocrx_word' id='word_1_360' title='bbox 91 1722 164 1748; x_wconf 56' lang='lat' dir='ltr'>simi</span> <span class='ocrx_word' id='word_1_361' title='bbox 186 1721 241 1748; x_wconf 87' lang='lat' dir='ltr'>Gu.</span> <span class='ocrx_word' id='word_1_362' title='bbox 264 1724 292 1751; x_wconf 76' lang='lat'>2.</span> <span class='ocrx_word' id='word_1_363' title='bbox 321 1737 361 1742; x_wconf 92' lang='lat'><strong>—</strong></span> <span class='ocrx_word' id='word_1_364' title='bbox 391 1718 421 1759; x_wconf 84' lang='lat'>3)</span> <span class='ocrx_word' id='word_1_365' title='bbox 437 1720 555 1758; x_wconf 62' lang='lat' dir='ltr'>cyclum</span> <span class='ocrx_word' id='word_1_366' title='bbox 579 1720 616 1748; x_wconf 83' lang='grc'>31.</span> <span class='ocrx_word' id='word_1_367' title='bbox 646 1737 684 1741; x_wconf 93' lang='lat'>—-</span> <span class='ocrx_word' id='word_1_368' title='bbox 715 1721 742 1753; x_wconf 80' lang='lat'>4)</span> <span class='ocrx_word' id='word_1_369' title='bbox 768 1719 850 1751; x_wconf 84' lang='lat'><strong>5919</strong></span> <span class='ocrx_word' id='word_1_370' title='bbox 875 1719 930 1748; x_wconf 90' lang='lat' dir='ltr'>Gu.</span> <span class='ocrx_word' id='word_1_371' title='bbox 957 1722 982 1750; x_wconf 90' lang='lat'>1.</span> <span class='ocrx_word' id='word_1_372' title='bbox 1004 1719 1042 1747; x_wconf 84' lang='lat' dir='ltr'>al.</span> 
     </span>
     <span class='ocr_line' id='line_1_50' title="bbox 92 1761 1042 1800; baseline -0.002 -10"><span class='ocrx_word' id='word_1_373' title='bbox 92 1764 184 1795; x_wconf 83' lang='lat'>5900.</span> <span class='ocrx_word' id='word_1_374' title='bbox 208 1763 246 1791; x_wconf 86' lang='grc'>31.</span> <span class='ocrx_word' id='word_1_375' title='bbox 274 1764 366 1796; x_wconf 86' lang='grc'><strong>5911.</strong></span> <span class='ocrx_word' id='word_1_376' title='bbox 387 1763 424 1793; x_wconf 82' lang='grc'>31.</span> <span class='ocrx_word' id='word_1_377' title='bbox 455 1765 548 1795; x_wconf 78' lang='grc'><strong>5921.</strong></span> <span class='ocrx_word' id='word_1_378' title='bbox 577 1778 618 1785; x_wconf 90' lang='grc'>·-</span> <span class='ocrx_word' id='word_1_379' title='bbox 652 1761 680 1800; x_wconf 86' lang='grc'>5)</span> <span class='ocrx_word' id='word_1_380' title='bbox 713 1767 755 1789; x_wconf 74' lang='lat' dir='ltr'>est</span> <span class='ocrx_word' id='word_1_381' title='bbox 785 1772 899 1794; x_wconf 77' lang='lat' dir='ltr'>recurr,</span> <span class='ocrx_word' id='word_1_382' title='bbox 927 1762 985 1791; x_wconf 87' lang='lat' dir='ltr'>Gu.</span> <span class='ocrx_word' id='word_1_383' title='bbox 1013 1763 1042 1792; x_wconf 82' lang='grc'>2,</span> 
     </span>
     <span class='ocr_line' id='line_1_51' title="bbox 92 1803 1041 1844; baseline -0.001 -11"><span class='ocrx_word' id='word_1_384' title='bbox 92 1821 134 1827; x_wconf 89' lang='lat'>-—</span> <span class='ocrx_word' id='word_1_385' title='bbox 148 1805 180 1844; x_wconf 85' lang='lat'>6)</span> <span class='ocrx_word' id='word_1_386' title='bbox 201 1807 372 1844; x_wconf 75' lang='lat' dir='ltr'>anliqm&#39;tas</span> <span class='ocrx_word' id='word_1_387' title='bbox 393 1806 532 1834; x_wconf 77' lang='lat' dir='ltr'>ecclesiae</span> <span class='ocrx_word' id='word_1_388' title='bbox 552 1805 590 1835; x_wconf 85' lang='lat' dir='ltr'>al.</span> <span class='ocrx_word' id='word_1_389' title='bbox 608 1821 642 1827; x_wconf 89' lang='lat'>-</span> <span class='ocrx_word' id='word_1_390' title='bbox 667 1803 696 1843; x_wconf 81' lang='lat'>7)</span> <span class='ocrx_word' id='word_1_391' title='bbox 713 1805 761 1833; x_wconf 88' lang='lat' dir='ltr'>Sic</span> <span class='ocrx_word' id='word_1_392' title='bbox 780 1804 836 1833; x_wconf 93' lang='lat' dir='ltr'>Gu.</span> <span class='ocrx_word' id='word_1_393' title='bbox 855 1806 934 1835; x_wconf 88' lang='grc'>1.-</span> <span class='ocrx_word' id='word_1_394' title='bbox 956 1804 1041 1842; x_wconf 89' lang='lat' dir='ltr'>Vulg.</span> 
     </span>
     <span class='ocr_line' id='line_1_52' title="bbox 87 1846 1043 1887; baseline -0.001 -12"><span class='ocrx_word' id='word_1_395' title='bbox 87 1848 209 1886; x_wconf 62' lang='lat' dir='ltr'>pas-elza</span> <span class='ocrx_word' id='word_1_396' title='bbox 231 1847 349 1876; x_wconf 76' lang='lat' dir='ltr'>decima</span> <span class='ocrx_word' id='word_1_397' title='bbox 378 1854 500 1887; x_wconf 79' lang='lat' dir='ltr'>quarta.</span> <span class='ocrx_word' id='word_1_398' title='bbox 548 1847 725 1877; x_wconf 73' lang='lat' dir='ltr'>celebrabat</span> <span class='ocrx_word' id='word_1_399' title='bbox 754 1856 810 1886; x_wconf 88' lang='lat' dir='ltr'>pro</span> <span class='ocrx_word' id='word_1_400' title='bbox 834 1846 1043 1875; x_wconf 73' lang='lat' dir='ltr'>celebrabatur</span> 
     </span>
     <span class='ocr_line' id='line_1_53' title="bbox 94 1888 1044 1931; baseline -0.002 -13"><span class='ocrx_word' id='word_1_401' title='bbox 94 1891 151 1919; x_wconf 82' lang='lat' dir='ltr'>Gu.</span> <span class='ocrx_word' id='word_1_402' title='bbox 175 1894 204 1923; x_wconf 77' lang='lat'>2.</span> <span class='ocrx_word' id='word_1_403' title='bbox 227 1900 276 1919; x_wconf 80' lang='lat' dir='ltr'>va.</span> <span class='ocrx_word' id='word_1_404' title='bbox 293 1891 359 1927; x_wconf 59' lang='lat' dir='ltr'>Aru,</span> <span class='ocrx_word' id='word_1_405' title='bbox 380 1891 462 1929; x_wconf 89' lang='lat' dir='ltr'>quod</span> <span class='ocrx_word' id='word_1_406' title='bbox 487 1891 598 1931; x_wconf 85' lang='lat' dir='ltr'>recepi.</span> <span class='ocrx_word' id='word_1_407' title='bbox 621 1906 664 1912; x_wconf 87' lang='lat'><strong>—</strong></span> <span class='ocrx_word' id='word_1_408' title='bbox 686 1890 716 1927; x_wconf 87' lang='grc'>8)</span> <span class='ocrx_word' id='word_1_409' title='bbox 739 1891 789 1918; x_wconf 84' lang='lat' dir='ltr'>Sic</span> <span class='ocrx_word' id='word_1_410' title='bbox 809 1890 865 1918; x_wconf 91' lang='lat' dir='ltr'>Gu.</span> <span class='ocrx_word' id='word_1_411' title='bbox 884 1892 910 1920; x_wconf 92' lang='lat'>1.</span> <span class='ocrx_word' id='word_1_412' title='bbox 928 1907 967 1911; x_wconf 94' lang='lat'><strong>—</strong></span> <span class='ocrx_word' id='word_1_413' title='bbox 989 1888 1044 1917; x_wconf 75' lang='lat' dir='ltr'>sed</span> 
     </span>
     <span class='ocr_line' id='line_1_54' title="bbox 93 1932 1043 1972; baseline 0 -12"><span class='ocrx_word' id='word_1_414' title='bbox 93 1934 186 1961; x_wconf 81' lang='lat' dir='ltr'>etiam</span> <span class='ocrx_word' id='word_1_415' title='bbox 201 1938 227 1960; x_wconf 74' lang='lat' dir='ltr'>et</span> <span class='ocrx_word' id='word_1_416' title='bbox 247 1933 325 1971; x_wconf 81' lang='lat' dir='ltr'>vulg.</span> <span class='ocrx_word' id='word_1_417' title='bbox 346 1949 388 1956; x_wconf 91' lang='lat'>—-</span> <span class='ocrx_word' id='word_1_418' title='bbox 409 1934 440 1972; x_wconf 84' lang='lat'>9)</span> <span class='ocrx_word' id='word_1_419' title='bbox 457 1939 570 1972; x_wconf 75' lang='lat' dir='ltr'>quarta</span> <span class='ocrx_word' id='word_1_420' title='bbox 592 1932 712 1961; x_wconf 73' lang='lat' dir='ltr'>decima</span> <span class='ocrx_word' id='word_1_421' title='bbox 734 1933 784 1961; x_wconf 80' lang='lat' dir='ltr'>Ar.</span> <span class='ocrx_word' id='word_1_422' title='bbox 801 1942 845 1961; x_wconf 84' lang='lat' dir='ltr'>va.</span> <span class='ocrx_word' id='word_1_423' title='bbox 867 1947 909 1954; x_wconf 92' lang='lat'><em>—</em></span> <span class='ocrx_word' id='word_1_424' title='bbox 932 1933 978 1968; x_wconf 92' lang='grc'>10)</span> <span class='ocrx_word' id='word_1_425' title='bbox 992 1932 1043 1960; x_wconf 86' lang='lat' dir='ltr'>Sic</span> 
     </span>
     <span class='ocr_line' id='line_1_55' title="bbox 94 1975 1041 2015; baseline -0.002 -11"><span class='ocrx_word' id='word_1_426' title='bbox 94 1976 153 2005; x_wconf 89' lang='lat' dir='ltr'>Gu.</span> <span class='ocrx_word' id='word_1_427' title='bbox 176 1979 202 2007; x_wconf 93' lang='lat'>1.</span> <span class='ocrx_word' id='word_1_428' title='bbox 219 1979 246 2008; x_wconf 80' lang='lat'>2.</span> <span class='ocrx_word' id='word_1_429' title='bbox 261 1986 307 2015; x_wconf 87' lang='lat' dir='ltr'>pr.</span> <span class='ocrx_word' id='word_1_430' title='bbox 326 1985 372 2004; x_wconf 86' lang='lat' dir='ltr'>va.</span> <span class='ocrx_word' id='word_1_431' title='bbox 385 1975 434 2004; x_wconf 88' lang='lat' dir='ltr'>Ar.</span> <span class='ocrx_word' id='word_1_432' title='bbox 449 1992 489 1997; x_wconf 96' lang='lat'><strong>—</strong></span> <span class='ocrx_word' id='word_1_433' title='bbox 513 1976 599 2014; x_wconf 88' lang='lat' dir='ltr'>Vulg.</span> <span class='ocrx_word' id='word_1_434' title='bbox 615 1987 669 2012; x_wconf 86' lang='lat' dir='ltr'>ne,</span> <span class='ocrx_word' id='word_1_435' title='bbox 692 1976 801 2004; x_wconf 89' lang='lat' dir='ltr'>omisso</span> <span class='ocrx_word' id='word_1_436' title='bbox 824 1975 889 2004; x_wconf 81' lang='lat' dir='ltr'>scil.</span> <span class='ocrx_word' id='word_1_437' title='bbox 913 1985 982 2003; x_wconf 82' lang='lat' dir='ltr'>non.</span> <span class='ocrx_word' id='word_1_438' title='bbox 1002 1992 1041 1997; x_wconf 90' lang='lat'>-</span> 
     </span>
     <span class='ocr_line' id='line_1_56' title="bbox 96 2017 1043 2058; baseline -0.002 -11"><span class='ocrx_word' id='word_1_439' title='bbox 96 2017 144 2058; x_wconf 87' lang='lat'>11)</span> <span class='ocrx_word' id='word_1_440' title='bbox 168 2019 218 2047; x_wconf 83' lang='lat' dir='ltr'>Sic</span> <span class='ocrx_word' id='word_1_441' title='bbox 239 2020 296 2046; x_wconf 89' lang='lat' dir='ltr'>Gu.</span> <span class='ocrx_word' id='word_1_442' title='bbox 315 2021 341 2049; x_wconf 89' lang='lat'>1.</span> <span class='ocrx_word' id='word_1_443' title='bbox 363 2021 391 2049; x_wconf 68' lang='lat'>2.</span> <span class='ocrx_word' id='word_1_444' title='bbox 412 2028 458 2047; x_wconf 86' lang='lat' dir='ltr'>va.</span> <span class='ocrx_word' id='word_1_445' title='bbox 473 2019 522 2049; x_wconf 88' lang='lat' dir='ltr'>Ar.</span> <span class='ocrx_word' id='word_1_446' title='bbox 540 2035 582 2042; x_wconf 97' lang='lat'>—</span> <span class='ocrx_word' id='word_1_447' title='bbox 606 2019 693 2056; x_wconf 86' lang='lat' dir='ltr'>Vulg.</span> <span class='ocrx_word' id='word_1_448' title='bbox 707 2018 906 2047; x_wconf 80' lang='lat' dir='ltr'>Hebraicum.</span> <span class='ocrx_word' id='word_1_449' title='bbox 931 2033 974 2039; x_wconf 88' lang='lat'>-</span> <span class='ocrx_word' id='word_1_450' title='bbox 996 2017 1043 2054; x_wconf 86' lang='lat'>12)</span> 
     </span>
     <span class='ocr_line' id='line_1_57' title="bbox 94 2059 1044 2093; baseline 0.001 -5"><span class='ocrx_word' id='word_1_451' title='bbox 94 2060 211 2089; x_wconf 76' lang='lat' dir='ltr'>domini</span> <span class='ocrx_word' id='word_1_452' title='bbox 234 2061 339 2090; x_wconf 84' lang='lat' dir='ltr'>addidi</span> <span class='ocrx_word' id='word_1_453' title='bbox 369 2070 384 2089; x_wconf 88' lang='lat' dir='ltr'>e</span> <span class='ocrx_word' id='word_1_454' title='bbox 414 2061 470 2091; x_wconf 88' lang='lat' dir='ltr'>Gu.</span> <span class='ocrx_word' id='word_1_455' title='bbox 494 2064 520 2092; x_wconf 87' lang='lat'>1.</span> <span class='ocrx_word' id='word_1_456' title='bbox 553 2078 589 2083; x_wconf 89' lang='lat'>—</span> <span class='ocrx_word' id='word_1_457' title='bbox 621 2061 678 2089; x_wconf 92' lang='lat' dir='ltr'>Gu.</span> <span class='ocrx_word' id='word_1_458' title='bbox 693 2065 723 2093; x_wconf 85' lang='lat'>2.</span> <span class='ocrx_word' id='word_1_459' title='bbox 747 2071 794 2090; x_wconf 85' lang='lat' dir='ltr'>va.</span> <span class='ocrx_word' id='word_1_460' title='bbox 836 2059 953 2088; x_wconf 63' lang='lat' dir='ltr'>dictum</span> <span class='ocrx_word' id='word_1_461' title='bbox 974 2059 1044 2089; x_wconf 83' lang='lat' dir='ltr'>add.</span> 
     </span>
     <span class='ocr_line' id='line_1_58' title="bbox 93 2103 1043 2142; baseline -0.002 -11"><span class='ocrx_word' id='word_1_462' title='bbox 93 2119 135 2126; x_wconf 90' lang='lat'>-—</span> <span class='ocrx_word' id='word_1_463' title='bbox 159 2106 203 2138; x_wconf 85' lang='lat'>13)</span> <span class='ocrx_word' id='word_1_464' title='bbox 215 2104 329 2142; x_wconf 74' lang='lat' dir='ltr'>pathin</span> <span class='ocrx_word' id='word_1_465' title='bbox 352 2103 409 2132; x_wconf 89' lang='lat' dir='ltr'>Gu.</span> <span class='ocrx_word' id='word_1_466' title='bbox 427 2106 454 2134; x_wconf 84' lang='lat'>1.</span> <span class='ocrx_word' id='word_1_467' title='bbox 480 2119 515 2125; x_wconf 89' lang='lat'>—</span> <span class='ocrx_word' id='word_1_468' title='bbox 549 2104 591 2138; x_wconf 83' lang='lat'>14)</span> <span class='ocrx_word' id='word_1_469' title='bbox 615 2104 772 2142; x_wconf 77' lang='lat' dir='ltr'>appellata</span> <span class='ocrx_word' id='word_1_470' title='bbox 794 2103 852 2132; x_wconf 86' lang='lat' dir='ltr'>Gu.</span> <span class='ocrx_word' id='word_1_471' title='bbox 874 2105 904 2135; x_wconf 78' lang='lat'>2.</span> <span class='ocrx_word' id='word_1_472' title='bbox 926 2118 968 2124; x_wconf 87' lang='lat'>-·</span> <span class='ocrx_word' id='word_1_473' title='bbox 999 2105 1043 2138; x_wconf 91' lang='grc'>15)</span> 
     </span>
     <span class='ocr_line' id='line_1_59' title="bbox 94 2145 1044 2185; baseline -0.001 -11"><span class='ocrx_word' id='word_1_474' title='bbox 94 2148 238 2174; x_wconf 71' lang='lat' dir='ltr'>transiret</span> <span class='ocrx_word' id='word_1_475' title='bbox 252 2157 297 2175; x_wconf 83' lang='lat' dir='ltr'>va.</span> <span class='ocrx_word' id='word_1_476' title='bbox 314 2162 351 2168; x_wconf 94' lang='grc'>-</span> <span class='ocrx_word' id='word_1_477' title='bbox 370 2145 412 2184; x_wconf 86' lang='grc'>16)</span> <span class='ocrx_word' id='word_1_478' title='bbox 429 2147 521 2173; x_wconf 71' lang='lat' dir='ltr'>etiam</span> <span class='ocrx_word' id='word_1_479' title='bbox 535 2156 582 2175; x_wconf 86' lang='lat' dir='ltr'>va.</span> <span class='ocrx_word' id='word_1_480' title='bbox 596 2162 634 2167; x_wconf 87' lang='lat'>——</span> <span class='ocrx_word' id='word_1_481' title='bbox 659 2146 706 2185; x_wconf 88' lang='lat'>17)</span> <span class='ocrx_word' id='word_1_482' title='bbox 724 2146 773 2174; x_wconf 87' lang='lat' dir='ltr'>Sic</span> <span class='ocrx_word' id='word_1_483' title='bbox 784 2147 839 2174; x_wconf 91' lang='lat' dir='ltr'>Gu.</span> <span class='ocrx_word' id='word_1_484' title='bbox 857 2148 935 2176; x_wconf 85' lang='lat'>1.-</span> <span class='ocrx_word' id='word_1_485' title='bbox 957 2145 1044 2183; x_wconf 79' lang='lat' dir='ltr'>Vulg.</span> 
     </span>
     <span class='ocr_line' id='line_1_60' title="bbox 96 2187 1042 2226; baseline -0.001 -8"><span class='ocrx_word' id='word_1_486' title='bbox 96 2188 190 2218; x_wconf 70' lang='lat' dir='ltr'>lesus.</span> <span class='ocrx_word' id='word_1_487' title='bbox 214 2205 255 2211; x_wconf 89' lang='lat'><strong>—</strong></span> <span class='ocrx_word' id='word_1_488' title='bbox 281 2191 324 2223; x_wconf 90' lang='lat'>18)</span> <span class='ocrx_word' id='word_1_489' title='bbox 345 2189 394 2216; x_wconf 89' lang='lat' dir='ltr'>Sic</span> <span class='ocrx_word' id='word_1_490' title='bbox 409 2188 465 2216; x_wconf 91' lang='lat' dir='ltr'>Gu.</span> <span class='ocrx_word' id='word_1_491' title='bbox 483 2191 509 2219; x_wconf 88' lang='lat'>1.</span> <span class='ocrx_word' id='word_1_492' title='bbox 527 2191 556 2219; x_wconf 84' lang='lat'>2.</span> <span class='ocrx_word' id='word_1_493' title='bbox 572 2198 618 2226; x_wconf 88' lang='lat' dir='ltr'>pr.</span> <span class='ocrx_word' id='word_1_494' title='bbox 637 2198 683 2216; x_wconf 82' lang='lat' dir='ltr'>va.</span> <span class='ocrx_word' id='word_1_495' title='bbox 705 2190 752 2218; x_wconf 80' lang='lat' dir='ltr'>Ar.</span> <span class='ocrx_word' id='word_1_496' title='bbox 771 2193 801 2218; x_wconf 84' lang='lat' dir='ltr'>et</span> <span class='ocrx_word' id='word_1_497' title='bbox 816 2188 902 2226; x_wconf 85' lang='lat' dir='ltr'>Vulg.</span> <span class='ocrx_word' id='word_1_498' title='bbox 918 2187 1042 2217; x_wconf 86' lang='lat' dir='ltr'>Biblior.</span> 
     </span>
     <span class='ocr_line' id='line_1_61' title="bbox 96 2230 1044 2270; baseline -0.001 -11"><span class='ocrx_word' id='word_1_499' title='bbox 96 2248 134 2254; x_wconf 92' lang='grc'>--</span> <span class='ocrx_word' id='word_1_500' title='bbox 159 2231 243 2270; x_wconf 77' lang='lat' dir='ltr'>quod</span> <span class='ocrx_word' id='word_1_501' title='bbox 263 2231 345 2269; x_wconf 82' lang='lat' dir='ltr'>vulg.</span> <span class='ocrx_word' id='word_1_502' title='bbox 358 2231 472 2260; x_wconf 83' lang='lat' dir='ltr'>Isidori.</span> <span class='ocrx_word' id='word_1_503' title='bbox 496 2247 530 2252; x_wconf 80' lang='lat'>—-</span> <span class='ocrx_word' id='word_1_504' title='bbox 553 2230 602 2270; x_wconf 88' lang='lat'>19)</span> <span class='ocrx_word' id='word_1_505' title='bbox 617 2230 702 2268; x_wconf 76' lang='lat' dir='ltr'>Vulg.</span> <span class='ocrx_word' id='word_1_506' title='bbox 718 2233 783 2259; x_wconf 78' lang='lat' dir='ltr'>eius</span> <span class='ocrx_word' id='word_1_507' title='bbox 804 2231 892 2267; x_wconf 79' lang='lat' dir='ltr'>hora,</span> <span class='ocrx_word' id='word_1_508' title='bbox 912 2230 963 2259; x_wconf 84' lang='lat' dir='ltr'>sed</span> <span class='ocrx_word' id='word_1_509' title='bbox 978 2232 1044 2258; x_wconf 73' lang='lat' dir='ltr'>eius</span> 
     </span>
     <span class='ocr_line' id='line_1_62' title="bbox 95 2273 1042 2312; baseline -0.001 -9"><span class='ocrx_word' id='word_1_510' title='bbox 95 2285 152 2303; x_wconf 87' lang='lat' dir='ltr'>om.</span> <span class='ocrx_word' id='word_1_511' title='bbox 175 2275 232 2302; x_wconf 92' lang='lat' dir='ltr'>Gu.</span> <span class='ocrx_word' id='word_1_512' title='bbox 248 2277 274 2305; x_wconf 87' lang='lat'>1.</span> <span class='ocrx_word' id='word_1_513' title='bbox 288 2276 317 2304; x_wconf 85' lang='grc'>2.</span> <span class='ocrx_word' id='word_1_514' title='bbox 335 2275 384 2304; x_wconf 85' lang='lat' dir='ltr'>Ar.</span> <span class='ocrx_word' id='word_1_515' title='bbox 405 2285 452 2312; x_wconf 88' lang='lat' dir='ltr'>pr.</span> <span class='ocrx_word' id='word_1_516' title='bbox 468 2284 514 2302; x_wconf 73' lang='lat' dir='ltr'>va.</span> <span class='ocrx_word' id='word_1_517' title='bbox 558 2273 656 2302; x_wconf 83' lang='lat' dir='ltr'>Locus</span> <span class='ocrx_word' id='word_1_518' title='bbox 679 2277 725 2302; x_wconf 81' lang='lat' dir='ltr'>est</span> <span class='ocrx_word' id='word_1_519' title='bbox 746 2274 848 2302; x_wconf 87' lang='lat' dir='ltr'>Ioann.</span> <span class='ocrx_word' id='word_1_520' title='bbox 873 2275 929 2309; x_wconf 82' lang='lat'>13,</span> <span class='ocrx_word' id='word_1_521' title='bbox 954 2276 980 2304; x_wconf 83' lang='lat'>1.</span> <span class='ocrx_word' id='word_1_522' title='bbox 999 2289 1042 2294; x_wconf 92' lang='lat'>—</span> 
     </span>
     <span class='ocr_line' id='line_1_63' title="bbox 94 2314 1039 2356; baseline -0.001 -12"><span class='ocrx_word' id='word_1_523' title='bbox 94 2316 141 2356; x_wconf 86' lang='grc'>20)</span> <span class='ocrx_word' id='word_1_524' title='bbox 157 2316 213 2345; x_wconf 81' lang='lat' dir='ltr'>lzoc</span> <span class='ocrx_word' id='word_1_525' title='bbox 235 2317 336 2345; x_wconf 83' lang='lat' dir='ltr'>addidi</span> <span class='ocrx_word' id='word_1_526' title='bbox 360 2327 374 2345; x_wconf 84' lang='lat' dir='ltr'>e</span> <span class='ocrx_word' id='word_1_527' title='bbox 397 2318 452 2345; x_wconf 67' lang='lat' dir='ltr'>(iu.</span> <span class='ocrx_word' id='word_1_528' title='bbox 470 2319 496 2347; x_wconf 84' lang='lat'>1.</span> <span class='ocrx_word' id='word_1_529' title='bbox 517 2331 559 2337; x_wconf 92' lang='lat'>—</span> <span class='ocrx_word' id='word_1_530' title='bbox 580 2319 624 2349; x_wconf 84' lang='lat'>21)</span> <span class='ocrx_word' id='word_1_531' title='bbox 642 2314 708 2343; x_wconf 76' lang='lat' dir='ltr'>ideo</span> <span class='ocrx_word' id='word_1_532' title='bbox 729 2326 788 2343; x_wconf 85' lang='lat' dir='ltr'>nox</span> <span class='ocrx_word' id='word_1_533' title='bbox 813 2317 869 2344; x_wconf 89' lang='lat' dir='ltr'>Gu.</span> <span class='ocrx_word' id='word_1_534' title='bbox 884 2319 913 2348; x_wconf 81' lang='lat'>2.</span> <span class='ocrx_word' id='word_1_535' title='bbox 932 2333 969 2337; x_wconf 98' lang='lat'><strong>—</strong></span> <span class='ocrx_word' id='word_1_536' title='bbox 994 2318 1039 2349; x_wconf 85' lang='lat'>22)</span> 
     </span>
     <span class='ocr_line' id='line_1_64' title="bbox 92 2357 1040 2397; baseline -0.002 -10"><span class='ocrx_word' id='word_1_537' title='bbox 92 2360 259 2397; x_wconf 75' lang='lat' dir='ltr'>pervigilia</span> <span class='ocrx_word' id='word_1_538' title='bbox 280 2360 336 2388; x_wconf 83' lang='lat' dir='ltr'>Gu.</span> <span class='ocrx_word' id='word_1_539' title='bbox 350 2362 378 2390; x_wconf 83' lang='grc'>2.</span> <span class='ocrx_word' id='word_1_540' title='bbox 396 2359 432 2387; x_wconf 89' lang='grc'>31.</span> <span class='ocrx_word' id='word_1_541' title='bbox 456 2375 492 2380; x_wconf 91' lang='grc'>-</span> <span class='ocrx_word' id='word_1_542' title='bbox 525 2358 572 2394; x_wconf 82' lang='grc'>23)</span> <span class='ocrx_word' id='word_1_543' title='bbox 598 2357 714 2385; x_wconf 76' lang='lat' dir='ltr'>dicitur</span> <span class='ocrx_word' id='word_1_544' title='bbox 736 2358 793 2389; x_wconf 81' lang='lat' dir='ltr'>Gu,</span> <span class='ocrx_word' id='word_1_545' title='bbox 816 2361 845 2390; x_wconf 80' lang='lat'>2.</span> <span class='ocrx_word' id='word_1_546' title='bbox 867 2358 903 2386; x_wconf 79' lang='grc'>31.</span> <span class='ocrx_word' id='word_1_547' title='bbox 927 2374 962 2379; x_wconf 94' lang='grc'>-</span> <span class='ocrx_word' id='word_1_548' title='bbox 991 2359 1040 2394; x_wconf 66' lang='grc'>24)</span> 
     </span>
     <span class='ocr_line' id='line_1_65' title="bbox 96 2399 1039 2440; baseline -0.001 -10"><span class='ocrx_word' id='word_1_549' title='bbox 96 2402 145 2430; x_wconf 86' lang='lat' dir='ltr'>Sic</span> <span class='ocrx_word' id='word_1_550' title='bbox 163 2402 219 2431; x_wconf 90' lang='lat' dir='ltr'>Gu.</span> <span class='ocrx_word' id='word_1_551' title='bbox 233 2405 258 2432; x_wconf 93' lang='lat'>1.</span> <span class='ocrx_word' id='word_1_552' title='bbox 268 2403 367 2432; x_wconf 84' lang='lat' dir='ltr'>Ar.—</span> <span class='ocrx_word' id='word_1_553' title='bbox 384 2402 470 2440; x_wconf 80' lang='lat' dir='ltr'>Vulg.</span> <span class='ocrx_word' id='word_1_554' title='bbox 484 2402 622 2430; x_wconf 76' lang='lat' dir='ltr'>Domini.</span> <span class='ocrx_word' id='word_1_555' title='bbox 647 2400 686 2429; x_wconf 80' lang='lat' dir='ltr'>At</span> <span class='ocrx_word' id='word_1_556' title='bbox 701 2399 749 2429; x_wconf 75' lang='lat' dir='ltr'>dei</span> <span class='ocrx_word' id='word_1_557' title='bbox 761 2405 805 2430; x_wconf 81' lang='lat' dir='ltr'>est</span> <span class='ocrx_word' id='word_1_558' title='bbox 818 2401 1039 2440; x_wconf 73' lang='lat' dir='ltr'>apudLactant.</span> 
     </span>
    </p>
   </div>
   <div class='ocr_carea' id='block_1_37' title="bbox 1081 1630 2039 2394">
    <p class='ocr_par' dir='ltr' id='par_1_37' title="bbox 1081 1630 2039 2394">
     <span class='ocr_line' id='line_1_66' title="bbox 1085 1630 2038 1671; baseline -0.004 -9"><span class='ocrx_word' id='word_1_559' title='bbox 1085 1633 1148 1671; x_wconf 77' lang='lat' dir='ltr'>VII,</span> <span class='ocrx_word' id='word_1_560' title='bbox 1167 1636 1215 1666; x_wconf 85' lang='lat'>19.</span> <span class='ocrx_word' id='word_1_561' title='bbox 1246 1632 1326 1661; x_wconf 83' lang='lat' dir='ltr'>unde</span> <span class='ocrx_word' id='word_1_562' title='bbox 1356 1641 1408 1660; x_wconf 87' lang='lat' dir='ltr'>sua</span> <span class='ocrx_word' id='word_1_563' title='bbox 1431 1632 1522 1660; x_wconf 82' lang='lat' dir='ltr'>habet</span> <span class='ocrx_word' id='word_1_564' title='bbox 1544 1632 1685 1660; x_wconf 47' lang='lat' dir='ltr'>Isidorum</span> <span class='ocrx_word' id='word_1_565' title='bbox 1730 1630 1763 1659; x_wconf 85' lang='lat' dir='ltr'>In</span> <span class='ocrx_word' id='word_1_566' title='bbox 1787 1631 1842 1659; x_wconf 92' lang='lat' dir='ltr'>Gu.</span> <span class='ocrx_word' id='word_1_567' title='bbox 1865 1634 1890 1662; x_wconf 87' lang='lat'>1.</span> <span class='ocrx_word' id='word_1_568' title='bbox 1920 1630 2038 1659; x_wconf 78' lang='lat' dir='ltr'>additur</span> 
     </span>
     <span class='ocr_line' id='line_1_67' title="bbox 1084 1673 2039 1715; baseline -0.004 -10"><span class='ocrx_word' id='word_1_569' title='bbox 1084 1676 1293 1715; x_wconf 84' lang='lat' dir='ltr'>interpretatio</span> <span class='ocrx_word' id='word_1_570' title='bbox 1317 1675 1384 1704; x_wconf 72' lang='lat' dir='ltr'>lesa</span> <span class='ocrx_word' id='word_1_571' title='bbox 1410 1676 1536 1704; x_wconf 72' lang='lat' dir='ltr'>Christi.</span> <span class='ocrx_word' id='word_1_572' title='bbox 1555 1692 1593 1697; x_wconf 83' lang='lat'>—-</span> <span class='ocrx_word' id='word_1_573' title='bbox 1617 1676 1666 1711; x_wconf 85' lang='lat'>25)</span> <span class='ocrx_word' id='word_1_574' title='bbox 1682 1673 1768 1711; x_wconf 82' lang='lat' dir='ltr'>Vulg.</span> <span class='ocrx_word' id='word_1_575' title='bbox 1786 1675 1850 1701; x_wconf 70' lang='lat' dir='ltr'>eius</span> <span class='ocrx_word' id='word_1_576' title='bbox 1865 1673 1943 1709; x_wconf 59' lang='lat' dir='ltr'>add„</span> <span class='ocrx_word' id='word_1_577' title='bbox 1959 1673 2039 1711; x_wconf 89' lang='lat' dir='ltr'>quod</span> 
     </span>
     <span class='ocr_line' id='line_1_68' title="bbox 1085 1715 2038 1755; baseline -0.005 -7"><span class='ocrx_word' id='word_1_578' title='bbox 1085 1730 1142 1748; x_wconf 90' lang='lat' dir='ltr'>om.</span> <span class='ocrx_word' id='word_1_579' title='bbox 1168 1719 1225 1747; x_wconf 89' lang='lat' dir='ltr'>Gu.</span> <span class='ocrx_word' id='word_1_580' title='bbox 1243 1722 1270 1750; x_wconf 77' lang='lat'>1.</span> <span class='ocrx_word' id='word_1_581' title='bbox 1284 1719 1322 1747; x_wconf 81' lang='grc'>31.</span> <span class='ocrx_word' id='word_1_582' title='bbox 1341 1734 1383 1739; x_wconf 94' lang='grc'><strong>-</strong></span> <span class='ocrx_word' id='word_1_583' title='bbox 1405 1718 1453 1755; x_wconf 80' lang='grc'>26)</span> <span class='ocrx_word' id='word_1_584' title='bbox 1472 1718 1521 1746; x_wconf 91' lang='lat' dir='ltr'>Sic</span> <span class='ocrx_word' id='word_1_585' title='bbox 1537 1718 1591 1745; x_wconf 88' lang='lat' dir='ltr'>Gu.</span> <span class='ocrx_word' id='word_1_586' title='bbox 1610 1719 1637 1747; x_wconf 93' lang='lat'>1.</span> <span class='ocrx_word' id='word_1_587' title='bbox 1652 1719 1681 1747; x_wconf 80' lang='grc'>2.</span> <span class='ocrx_word' id='word_1_588' title='bbox 1697 1716 1748 1744; x_wconf 86' lang='lat' dir='ltr'>Ar.</span> <span class='ocrx_word' id='word_1_589' title='bbox 1762 1733 1803 1738; x_wconf 91' lang='lat'>—-</span> <span class='ocrx_word' id='word_1_590' title='bbox 1827 1716 1914 1754; x_wconf 54' lang='lat' dir='ltr'>Vulg⁴</span> <span class='ocrx_word' id='word_1_591' title='bbox 1930 1715 2038 1743; x_wconf 65' lang='lat' dir='ltr'>euclem.</span> 
     </span>
     <span class='ocr_line' id='line_1_69' title="bbox 1087 1759 2039 1799; baseline -0.004 -10"><span class='ocrx_word' id='word_1_592' title='bbox 1087 1781 1125 1785; x_wconf 86' lang='lat'><em>-</em></span> <span class='ocrx_word' id='word_1_593' title='bbox 1149 1763 1195 1799; x_wconf 87' lang='lat'>27)</span> <span class='ocrx_word' id='word_1_594' title='bbox 1219 1763 1267 1790; x_wconf 88' lang='lat' dir='ltr'>Sic</span> <span class='ocrx_word' id='word_1_595' title='bbox 1289 1762 1345 1790; x_wconf 90' lang='lat' dir='ltr'>Gu.</span> <span class='ocrx_word' id='word_1_596' title='bbox 1365 1762 1390 1790; x_wconf 93' lang='lat'>1.</span> <span class='ocrx_word' id='word_1_597' title='bbox 1406 1763 1437 1791; x_wconf 80' lang='grc'>2.</span> <span class='ocrx_word' id='word_1_598' title='bbox 1455 1760 1504 1789; x_wconf 79' lang='lat' dir='ltr'>Ar.</span> <span class='ocrx_word' id='word_1_599' title='bbox 1521 1775 1563 1781; x_wconf 92' lang='lat'>-</span> <span class='ocrx_word' id='word_1_600' title='bbox 1587 1759 1673 1797; x_wconf 84' lang='lat' dir='ltr'>Vulg.</span> <span class='ocrx_word' id='word_1_601' title='bbox 1697 1764 1772 1786; x_wconf 75' lang='lat' dir='ltr'>tune</span> <span class='ocrx_word' id='word_1_602' title='bbox 1794 1760 1901 1789; x_wconf 80' lang='lat' dir='ltr'>vitam.</span> <span class='ocrx_word' id='word_1_603' title='bbox 1923 1773 1965 1780; x_wconf 92' lang='lat'>-—</span> <span class='ocrx_word' id='word_1_604' title='bbox 1993 1760 2039 1793; x_wconf 83' lang='grc'>28)</span> 
     </span>
     <span class='ocr_line' id='line_1_70' title="bbox 1085 1802 2038 1841; baseline -0.005 -8"><span class='ocrx_word' id='word_1_605' title='bbox 1085 1805 1136 1833; x_wconf 89' lang='lat' dir='ltr'>Sic</span> <span class='ocrx_word' id='word_1_606' title='bbox 1159 1804 1216 1835; x_wconf 93' lang='lat' dir='ltr'>Gu.</span> <span class='ocrx_word' id='word_1_607' title='bbox 1243 1807 1268 1835; x_wconf 89' lang='lat'>1.</span> <span class='ocrx_word' id='word_1_608' title='bbox 1290 1807 1318 1837; x_wconf 81' lang='lat'>2.</span> <span class='ocrx_word' id='word_1_609' title='bbox 1342 1802 1392 1831; x_wconf 75' lang='lat' dir='ltr'>Ar.</span> <span class='ocrx_word' id='word_1_610' title='bbox 1415 1819 1454 1825; x_wconf 85' lang='lat'>-—</span> <span class='ocrx_word' id='word_1_611' title='bbox 1484 1802 1573 1841; x_wconf 78' lang='lat' dir='ltr'>Vulg.</span> <span class='ocrx_word' id='word_1_612' title='bbox 1594 1802 1797 1832; x_wconf 61' lang='lat' dir='ltr'>resurrexerit.</span> <span class='ocrx_word' id='word_1_613' title='bbox 1827 1816 1864 1823; x_wconf 92' lang='lat'>—-</span> <span class='ocrx_word' id='word_1_614' title='bbox 1901 1802 1950 1838; x_wconf 86' lang='lat'>29)</span> <span class='ocrx_word' id='word_1_615' title='bbox 1974 1811 2038 1828; x_wconf 79' lang='lat' dir='ltr'>eam</span> 
     </span>
     <span class='ocr_line' id='line_1_71' title="bbox 1084 1844 2038 1885; baseline -0.005 -9"><span class='ocrx_word' id='word_1_616' title='bbox 1084 1858 1131 1877; x_wconf 83' lang='lat' dir='ltr'>va.</span> <span class='ocrx_word' id='word_1_617' title='bbox 1156 1862 1194 1868; x_wconf 98' lang='lat'><strong>—</strong></span> <span class='ocrx_word' id='word_1_618' title='bbox 1223 1846 1270 1885; x_wconf 80' lang='lat'>30)</span> <span class='ocrx_word' id='word_1_619' title='bbox 1295 1847 1343 1875; x_wconf 90' lang='lat' dir='ltr'>Sic</span> <span class='ocrx_word' id='word_1_620' title='bbox 1367 1846 1423 1875; x_wconf 88' lang='lat' dir='ltr'>Gu.</span> <span class='ocrx_word' id='word_1_621' title='bbox 1448 1848 1474 1876; x_wconf 91' lang='lat'>1.</span> <span class='ocrx_word' id='word_1_622' title='bbox 1493 1861 1534 1866; x_wconf 91' lang='lat'>—</span> <span class='ocrx_word' id='word_1_623' title='bbox 1557 1846 1666 1883; x_wconf 67' lang='lat' dir='ltr'>inspic.</span> <span class='ocrx_word' id='word_1_624' title='bbox 1689 1844 1769 1882; x_wconf 82' lang='lat' dir='ltr'>vulg.</span> <span class='ocrx_word' id='word_1_625' title='bbox 1800 1859 1837 1865; x_wconf 93' lang='lat'><em>—</em></span> <span class='ocrx_word' id='word_1_626' title='bbox 1868 1846 1914 1881; x_wconf 83' lang='lat'>31)</span> <span class='ocrx_word' id='word_1_627' title='bbox 1938 1849 2038 1872; x_wconf 80' lang='lat' dir='ltr'>autem</span> 
     </span>
     <span class='ocr_line' id='line_1_72' title="bbox 1086 1886 2038 1925; baseline -0.005 -6"><span class='ocrx_word' id='word_1_628' title='bbox 1086 1891 1143 1919; x_wconf 92' lang='lat' dir='ltr'>Gu.</span> <span class='ocrx_word' id='word_1_629' title='bbox 1163 1892 1192 1921; x_wconf 77' lang='lat'>2.</span> <span class='ocrx_word' id='word_1_630' title='bbox 1218 1906 1260 1911; x_wconf 90' lang='lat'>-—</span> <span class='ocrx_word' id='word_1_631' title='bbox 1291 1891 1339 1925; x_wconf 87' lang='grc'>32)</span> <span class='ocrx_word' id='word_1_632' title='bbox 1361 1888 1410 1916; x_wconf 89' lang='lat' dir='ltr'>Sic</span> <span class='ocrx_word' id='word_1_633' title='bbox 1434 1888 1491 1918; x_wconf 86' lang='lat' dir='ltr'>Gu.</span> <span class='ocrx_word' id='word_1_634' title='bbox 1512 1890 1539 1919; x_wconf 90' lang='lat'>1.</span> <span class='ocrx_word' id='word_1_635' title='bbox 1561 1903 1603 1909; x_wconf 91' lang='lat'>-—</span> <span class='ocrx_word' id='word_1_636' title='bbox 1624 1898 1695 1916; x_wconf 80' lang='lat' dir='ltr'>nov.</span> <span class='ocrx_word' id='word_1_637' title='bbox 1720 1887 1800 1916; x_wconf 74' lang='lat' dir='ltr'>hom.</span> <span class='ocrx_word' id='word_1_638' title='bbox 1822 1886 1904 1924; x_wconf 88' lang='lat' dir='ltr'>vulg.</span> <span class='ocrx_word' id='word_1_639' title='bbox 1930 1903 1966 1909; x_wconf 88' lang='lat'><em>-</em></span> <span class='ocrx_word' id='word_1_640' title='bbox 1994 1889 2038 1923; x_wconf 83' lang='lat'>33)</span> 
     </span>
     <span class='ocr_line' id='line_1_73' title="bbox 1085 1928 2038 1969; baseline -0.004 -8"><span class='ocrx_word' id='word_1_641' title='bbox 1085 1933 1134 1961; x_wconf 91' lang='lat' dir='ltr'>Sic</span> <span class='ocrx_word' id='word_1_642' title='bbox 1154 1932 1211 1960; x_wconf 88' lang='lat' dir='ltr'>Gu.</span> <span class='ocrx_word' id='word_1_643' title='bbox 1232 1934 1258 1963; x_wconf 90' lang='lat'>1.</span> <span class='ocrx_word' id='word_1_644' title='bbox 1274 1935 1303 1963; x_wconf 81' lang='lat'>2.</span> <span class='ocrx_word' id='word_1_645' title='bbox 1330 1931 1380 1959; x_wconf 82' lang='lat' dir='ltr'>Ar.</span> <span class='ocrx_word' id='word_1_646' title='bbox 1397 1946 1439 1952; x_wconf 90' lang='lat'>—</span> <span class='ocrx_word' id='word_1_647' title='bbox 1460 1940 1668 1969; x_wconf 66' lang='lat' dir='ltr'>expurgamus</span> <span class='ocrx_word' id='word_1_648' title='bbox 1689 1930 1772 1968; x_wconf 80' lang='lat' dir='ltr'>vulg.</span> <span class='ocrx_word' id='word_1_649' title='bbox 1814 1928 1974 1968; x_wconf 74' lang='lat' dir='ltr'>Analepsis</span> <span class='ocrx_word' id='word_1_650' title='bbox 1997 1933 2038 1957; x_wconf 82' lang='lat' dir='ltr'>est</span> 
     </span>
     <span class='ocr_line' id='line_1_74' title="bbox 1084 1972 2038 2013; baseline -0.007 -9"><span class='ocrx_word' id='word_1_651' title='bbox 1084 1975 1115 2004; x_wconf 90' lang='lat' dir='ltr'>in</span> <span class='ocrx_word' id='word_1_652' title='bbox 1136 1974 1237 2004; x_wconf 74' lang='lat' dir='ltr'>verbis</span> <span class='ocrx_word' id='word_1_653' title='bbox 1257 1976 1386 2013; x_wconf 82' lang='lat' dir='ltr'>Propter</span> <span class='ocrx_word' id='word_1_654' title='bbox 1411 1973 1491 2002; x_wconf 82' lang='lat' dir='ltr'>lzanc</span> <span class='ocrx_word' id='word_1_655' title='bbox 1512 1984 1582 2011; x_wconf 80' lang='lat' dir='ltr'>ergo</span> <span class='ocrx_word' id='word_1_656' title='bbox 1604 1978 1660 2002; x_wconf 87' lang='lat' dir='ltr'>etc.</span> <span class='ocrx_word' id='word_1_657' title='bbox 1690 1989 1728 1994; x_wconf 93' lang='lat'>—-</span> <span class='ocrx_word' id='word_1_658' title='bbox 1765 1972 1814 2007; x_wconf 81' lang='lat'>34)</span> <span class='ocrx_word' id='word_1_659' title='bbox 1835 1973 1905 1999; x_wconf 63' lang='lat' dir='ltr'>sitis</span> <span class='ocrx_word' id='word_1_660' title='bbox 1937 1972 1991 2000; x_wconf 87' lang='lat' dir='ltr'>Gu.</span> <span class='ocrx_word' id='word_1_661' title='bbox 2011 1972 2038 2001; x_wconf 91' lang='lat'>1.</span> 
     </span>
     <span class='ocr_line' id='line_1_75' title="bbox 1085 2013 2036 2052; baseline -0.005 -5"><span class='ocrx_word' id='word_1_662' title='bbox 1085 2034 1126 2040; x_wconf 95' lang='lat'>—</span> <span class='ocrx_word' id='word_1_663' title='bbox 1146 2020 1192 2052; x_wconf 86' lang='lat'>35)</span> <span class='ocrx_word' id='word_1_664' title='bbox 1208 2019 1289 2045; x_wconf 73' lang='lat' dir='ltr'>vitae</span> <span class='ocrx_word' id='word_1_665' title='bbox 1302 2017 1339 2046; x_wconf 86' lang='grc'>31.</span> <span class='ocrx_word' id='word_1_666' title='bbox 1357 2026 1414 2044; x_wconf 88' lang='lat' dir='ltr'>om.</span> <span class='ocrx_word' id='word_1_667' title='bbox 1436 2033 1479 2038; x_wconf 92' lang='lat'><strong>—</strong></span> <span class='ocrx_word' id='word_1_668' title='bbox 1501 2017 1548 2052; x_wconf 81' lang='lat'>36)</span> <span class='ocrx_word' id='word_1_669' title='bbox 1559 2026 1707 2044; x_wconf 77' lang='lat' dir='ltr'>novorum</span> <span class='ocrx_word' id='word_1_670' title='bbox 1723 2025 1778 2043; x_wconf 85' lang='lat' dir='ltr'>om.</span> <span class='ocrx_word' id='word_1_671' title='bbox 1793 2014 1846 2043; x_wconf 81' lang='lat' dir='ltr'>Ar.</span> <span class='ocrx_word' id='word_1_672' title='bbox 1862 2030 1904 2036; x_wconf 92' lang='lat'><strong>—</strong></span> <span class='ocrx_word' id='word_1_673' title='bbox 1924 2015 1973 2050; x_wconf 78' lang='grc'>37)</span> <span class='ocrx_word' id='word_1_674' title='bbox 1989 2013 2036 2040; x_wconf 85' lang='lat' dir='ltr'>Sic</span> 
     </span>
     <span class='ocr_line' id='line_1_76' title="bbox 1087 2054 2034 2095; baseline -0.007 -6"><span class='ocrx_word' id='word_1_675' title='bbox 1087 2061 1143 2089; x_wconf 86' lang='lat' dir='ltr'>Gu.</span> <span class='ocrx_word' id='word_1_676' title='bbox 1162 2062 1190 2092; x_wconf 89' lang='lat'>1.</span> <span class='ocrx_word' id='word_1_677' title='bbox 1208 2075 1246 2082; x_wconf 93' lang='lat'><em>—</em></span> <span class='ocrx_word' id='word_1_678' title='bbox 1263 2060 1340 2088; x_wconf 71' lang='lat' dir='ltr'>anni</span> <span class='ocrx_word' id='word_1_679' title='bbox 1361 2069 1452 2089; x_wconf 76' lang='lat' dir='ltr'>men-5.</span> <span class='ocrx_word' id='word_1_680' title='bbox 1476 2058 1560 2095; x_wconf 83' lang='lat' dir='ltr'>vulg.</span> <span class='ocrx_word' id='word_1_681' title='bbox 1582 2074 1625 2079; x_wconf 90' lang='lat'>—</span> <span class='ocrx_word' id='word_1_682' title='bbox 1647 2059 1696 2094; x_wconf 84' lang='grc'>38)</span> <span class='ocrx_word' id='word_1_683' title='bbox 1719 2056 1912 2085; x_wconf 64' lang='lat' dir='ltr'>celebratione</span> <span class='ocrx_word' id='word_1_684' title='bbox 1932 2054 1990 2083; x_wconf 85' lang='lat' dir='ltr'>Gu.</span> <span class='ocrx_word' id='word_1_685' title='bbox 2008 2059 2034 2086; x_wconf 87' lang='lat'>1.</span> 
     </span>
     <span class='ocr_line' id='line_1_77' title="bbox 1083 2096 2032 2142; baseline -0.007 -10"><span class='ocrx_word' id='word_1_686' title='bbox 1083 2119 1128 2125; x_wconf 91' lang='lat'>-—</span> <span class='ocrx_word' id='word_1_687' title='bbox 1149 2101 1196 2142; x_wconf 77' lang='lat'>39)</span> <span class='ocrx_word' id='word_1_688' title='bbox 1218 2108 1262 2130; x_wconf 71' lang='lat' dir='ltr'>est</span> <span class='ocrx_word' id='word_1_689' title='bbox 1286 2112 1344 2131; x_wconf 85' lang='lat' dir='ltr'>om.</span> <span class='ocrx_word' id='word_1_690' title='bbox 1367 2111 1413 2130; x_wconf 86' lang='lat' dir='ltr'>va.</span> <span class='ocrx_word' id='word_1_691' title='bbox 1441 2119 1476 2123; x_wconf 95' lang='lat'>—</span> <span class='ocrx_word' id='word_1_692' title='bbox 1506 2099 1555 2141; x_wconf 76' lang='lat'>40)</span> <span class='ocrx_word' id='word_1_693' title='bbox 1572 2100 1621 2129; x_wconf 91' lang='lat' dir='ltr'>Sic</span> <span class='ocrx_word' id='word_1_694' title='bbox 1641 2100 1702 2131; x_wconf 91' lang='lat' dir='ltr'>Gu.</span> <span class='ocrx_word' id='word_1_695' title='bbox 1727 2103 1753 2132; x_wconf 86' lang='lat'>1.</span> <span class='ocrx_word' id='word_1_696' title='bbox 1772 2099 1811 2128; x_wconf 88' lang='grc'>31.</span> <span class='ocrx_word' id='word_1_697' title='bbox 1828 2109 1872 2125; x_wconf 70' lang='lat' dir='ltr'>va.</span> <span class='ocrx_word' id='word_1_698' title='bbox 1888 2112 1930 2118; x_wconf 93' lang='lat'>-—</span> <span class='ocrx_word' id='word_1_699' title='bbox 1949 2096 2032 2134; x_wconf 86' lang='lat' dir='ltr'>Vulg.</span> 
     </span>
     <span class='ocr_line' id='line_1_78' title="bbox 1086 2139 2032 2184; baseline -0.008 -10"><span class='ocrx_word' id='word_1_700' title='bbox 1086 2144 1148 2174; x_wconf 77' lang='lat' dir='ltr'>dec.</span> <span class='ocrx_word' id='word_1_701' title='bbox 1171 2147 1290 2184; x_wconf 76' lang='lat' dir='ltr'>quinta.</span> <span class='ocrx_word' id='word_1_702' title='bbox 1305 2161 1347 2167; x_wconf 91' lang='lat'>—</span> <span class='ocrx_word' id='word_1_703' title='bbox 1371 2145 1422 2174; x_wconf 85' lang='lat' dir='ltr'>Ar.</span> <span class='ocrx_word' id='word_1_704' title='bbox 1437 2150 1552 2182; x_wconf 79' lang='lat' dir='ltr'>quarta</span> <span class='ocrx_word' id='word_1_705' title='bbox 1569 2143 1630 2172; x_wconf 79' lang='lat' dir='ltr'>dec.</span> <span class='ocrx_word' id='word_1_706' title='bbox 1650 2159 1689 2165; x_wconf 90' lang='grc'>--</span> <span class='ocrx_word' id='word_1_707' title='bbox 1712 2143 1760 2176; x_wconf 75' lang='lat'>41)</span> <span class='ocrx_word' id='word_1_708' title='bbox 1778 2139 1862 2178; x_wconf 87' lang='lat' dir='ltr'>Vulg.</span> <span class='ocrx_word' id='word_1_709' title='bbox 1881 2149 1976 2177; x_wconf 74' lang='lat' dir='ltr'>usque</span> <span class='ocrx_word' id='word_1_710' title='bbox 1992 2140 2032 2175; x_wconf 81' lang='lat' dir='ltr'>in,</span> 
     </span>
     <span class='ocr_line' id='line_1_79' title="bbox 1085 2182 2032 2227; baseline -0.01 -10"><span class='ocrx_word' id='word_1_711' title='bbox 1085 2189 1137 2217; x_wconf 83' lang='lat' dir='ltr'>sed</span> <span class='ocrx_word' id='word_1_712' title='bbox 1161 2199 1257 2227; x_wconf 72' lang='lat' dir='ltr'>usque</span> <span class='ocrx_word' id='word_1_713' title='bbox 1279 2198 1336 2216; x_wconf 89' lang='lat' dir='ltr'>om.</span> <span class='ocrx_word' id='word_1_714' title='bbox 1350 2187 1407 2215; x_wconf 89' lang='lat' dir='ltr'>Gu.</span> <span class='ocrx_word' id='word_1_715' title='bbox 1425 2189 1451 2218; x_wconf 88' lang='lat'>1.</span> <span class='ocrx_word' id='word_1_716' title='bbox 1465 2189 1497 2218; x_wconf 79' lang='grc'>2.</span> <span class='ocrx_word' id='word_1_717' title='bbox 1512 2197 1559 2216; x_wconf 79' lang='lat' dir='ltr'>va.</span> <span class='ocrx_word' id='word_1_718' title='bbox 1583 2201 1625 2208; x_wconf 90' lang='lat'>--</span> <span class='ocrx_word' id='word_1_719' title='bbox 1649 2187 1698 2220; x_wconf 75' lang='grc'>42)</span> <span class='ocrx_word' id='word_1_720' title='bbox 1711 2182 1758 2210; x_wconf 87' lang='lat' dir='ltr'>sic</span> <span class='ocrx_word' id='word_1_721' title='bbox 1782 2182 1838 2212; x_wconf 91' lang='lat' dir='ltr'>Gu.</span> <span class='ocrx_word' id='word_1_722' title='bbox 1856 2184 1883 2212; x_wconf 84' lang='lat'>1.</span> <span class='ocrx_word' id='word_1_723' title='bbox 1900 2197 1942 2203; x_wconf 90' lang='lat'>—</span> <span class='ocrx_word' id='word_1_724' title='bbox 1958 2183 2032 2219; x_wconf 71' lang='lat' dir='ltr'>qaia</span> 
     </span>
     <span class='ocr_line' id='line_1_80' title="bbox 1086 2223 2029 2269; baseline -0.011 -9"><span class='ocrx_word' id='word_1_725' title='bbox 1086 2231 1167 2269; x_wconf 85' lang='lat' dir='ltr'>vulg.</span> <span class='ocrx_word' id='word_1_726' title='bbox 1188 2246 1227 2252; x_wconf 91' lang='lat'>—</span> <span class='ocrx_word' id='word_1_727' title='bbox 1257 2232 1306 2267; x_wconf 80' lang='lat'>43)</span> <span class='ocrx_word' id='word_1_728' title='bbox 1325 2231 1382 2269; x_wconf 74' lang='lat' dir='ltr'>qui</span> <span class='ocrx_word' id='word_1_729' title='bbox 1404 2230 1460 2258; x_wconf 91' lang='lat' dir='ltr'>Gu.</span> <span class='ocrx_word' id='word_1_730' title='bbox 1484 2232 1509 2260; x_wconf 88' lang='lat'>1.</span> <span class='ocrx_word' id='word_1_731' title='bbox 1537 2244 1579 2251; x_wconf 93' lang='lat'><em>-</em></span> <span class='ocrx_word' id='word_1_732' title='bbox 1609 2226 1656 2267; x_wconf 78' lang='lat'>44)</span> <span class='ocrx_word' id='word_1_733' title='bbox 1673 2226 1761 2253; x_wconf 77' lang='lat' dir='ltr'>tercio</span> <span class='ocrx_word' id='word_1_734' title='bbox 1781 2230 1910 2262; x_wconf 80' lang='lat' dir='ltr'>tempore</span> <span class='ocrx_word' id='word_1_735' title='bbox 1932 2223 1987 2251; x_wconf 89' lang='lat' dir='ltr'>Gu.</span> <span class='ocrx_word' id='word_1_736' title='bbox 2001 2225 2029 2253; x_wconf 81' lang='lat'>2.</span> 
     </span>
     <span class='ocr_line' id='line_1_81' title="bbox 1083 2265 2028 2311; baseline -0.011 -9"><span class='ocrx_word' id='word_1_737' title='bbox 1083 2289 1125 2294; x_wconf 92' lang='lat'>—</span> <span class='ocrx_word' id='word_1_738' title='bbox 1146 2275 1178 2301; x_wconf 81' lang='lat' dir='ltr'>in</span> <span class='ocrx_word' id='word_1_739' title='bbox 1200 2275 1324 2302; x_wconf 79' lang='lat' dir='ltr'>tertium</span> <span class='ocrx_word' id='word_1_740' title='bbox 1346 2277 1432 2311; x_wconf 80' lang='lat' dir='ltr'>temp.</span> <span class='ocrx_word' id='word_1_741' title='bbox 1456 2271 1494 2300; x_wconf 89' lang='grc'>31.</span> <span class='ocrx_word' id='word_1_742' title='bbox 1516 2285 1557 2293; x_wconf 58' lang='grc' dir='ltr'>ν·-</span> <span class='ocrx_word' id='word_1_743' title='bbox 1588 2270 1632 2302; x_wconf 77' lang='lat'>45)</span> <span class='ocrx_word' id='word_1_744' title='bbox 1652 2269 1794 2307; x_wconf 78' lang='lat' dir='ltr'>apperuit</span> <span class='ocrx_word' id='word_1_745' title='bbox 1816 2268 1866 2295; x_wconf 86' lang='lat' dir='ltr'>Ar.</span> <span class='ocrx_word' id='word_1_746' title='bbox 1886 2276 1946 2294; x_wconf 77' lang='lat' dir='ltr'>var.</span> <span class='ocrx_word' id='word_1_747' title='bbox 1961 2265 2028 2293; x_wconf 78' lang='lat' dir='ltr'>lect,</span> 
     </span>
     <span class='ocr_line' id='line_1_82' title="bbox 1083 2307 2028 2355; baseline -0.012 -10"><span class='ocrx_word' id='word_1_748' title='bbox 1083 2326 1131 2354; x_wconf 82' lang='lat' dir='ltr'>ap.</span> <span class='ocrx_word' id='word_1_749' title='bbox 1159 2316 1248 2346; x_wconf 83' lang='lat' dir='ltr'>Goth.</span> <span class='ocrx_word' id='word_1_750' title='bbox 1271 2331 1314 2338; x_wconf 92' lang='lat'>—</span> <span class='ocrx_word' id='word_1_751' title='bbox 1343 2312 1393 2355; x_wconf 78' lang='lat'>45)</span> <span class='ocrx_word' id='word_1_752' title='bbox 1417 2314 1616 2349; x_wconf 72' lang='lat' dir='ltr'>manifestum</span> <span class='ocrx_word' id='word_1_753' title='bbox 1647 2312 1703 2340; x_wconf 92' lang='lat' dir='ltr'>Gu.</span> <span class='ocrx_word' id='word_1_754' title='bbox 1728 2313 1754 2341; x_wconf 91' lang='lat'>1.</span> <span class='ocrx_word' id='word_1_755' title='bbox 1778 2309 1816 2338; x_wconf 84' lang='grc'>31.</span> <span class='ocrx_word' id='word_1_756' title='bbox 1840 2319 1887 2336; x_wconf 76' lang='lat' dir='ltr'>va.</span> <span class='ocrx_word' id='word_1_757' title='bbox 1912 2323 1953 2329; x_wconf 89' lang='lat'>—</span> <span class='ocrx_word' id='word_1_758' title='bbox 1980 2307 2028 2343; x_wconf 67' lang='lat'>47)</span> 
     </span>
     <span class='ocr_line' id='line_1_83' title="bbox 1081 2350 2026 2394; baseline -0.01 -8"><span class='ocrx_word' id='word_1_759' title='bbox 1081 2358 1132 2386; x_wconf 82' lang='lat' dir='ltr'>Sic</span> <span class='ocrx_word' id='word_1_760' title='bbox 1157 2359 1213 2388; x_wconf 87' lang='lat' dir='ltr'>Gu.</span> <span class='ocrx_word' id='word_1_761' title='bbox 1234 2362 1259 2390; x_wconf 90' lang='lat'>1.</span> <span class='ocrx_word' id='word_1_762' title='bbox 1291 2374 1325 2380; x_wconf 89' lang='lat'>-</span> <span class='ocrx_word' id='word_1_763' title='bbox 1358 2367 1413 2386; x_wconf 75' lang='lat' dir='ltr'>sec.</span> <span class='ocrx_word' id='word_1_764' title='bbox 1435 2362 1522 2394; x_wconf 77' lang='lat' dir='ltr'>temp.</span> <span class='ocrx_word' id='word_1_765' title='bbox 1545 2354 1627 2392; x_wconf 83' lang='lat' dir='ltr'>vulg.</span> <span class='ocrx_word' id='word_1_766' title='bbox 1651 2370 1690 2375; x_wconf 84' lang='lat'>-</span> <span class='ocrx_word' id='word_1_767' title='bbox 1722 2353 1807 2380; x_wconf 73' lang='lat' dir='ltr'>tertio</span> <span class='ocrx_word' id='word_1_768' title='bbox 1829 2350 1924 2378; x_wconf 67' lang='lat' dir='ltr'>seculi</span> <span class='ocrx_word' id='word_1_769' title='bbox 1943 2354 2026 2385; x_wconf 73' lang='lat' dir='ltr'>temp.</span> 
     </span>
    </p>
   </div>
   <div class='ocr_carea' id='block_1_38' title="bbox 1081 2400 1627 2473">
    <p class='ocr_par' dir='ltr' id='par_1_38' title="bbox 1081 2400 1627 2473">
     <span class='ocr_line' id='line_1_84' title="bbox 1081 2400 1120 2430; baseline 0.026 -1"><span class='ocrx_word' id='word_1_770' title='bbox 1081 2400 1120 2430; x_wconf 83' lang='lat' dir='ltr'>al.</span> 
     </span>
     <span class='ocr_line' id='line_1_85' title="bbox 1512 2439 1627 2473; baseline -0.009 0"><span class='ocrx_word' id='word_1_771' title='bbox 1512 2439 1580 2473; x_wconf 92' lang='lat' dir='ltr'>Cc</span> <span class='ocrx_word' id='word_1_772' title='bbox 1608 2439 1627 2462; x_wconf 81' lang='lat'>*</span> 
     </span>
    </p>
   </div>
  </div>
 </body>
</html>
