2203 2829
174 135 250 172 194
872 127 1052 162 ISIDORI
1077 124 1259 160 HISPAL.
1286 122 1432 158 EPISC.

174 230 321 276 scripsit,
355 232 392 262 ut
418 227 535 260 diebus
571 236 611 259 ac
637 223 789 256 noctibus
820 232 887 255 nou
921 222 1028 256 solum
1058 216 1224 256 scribet-(3¹
1251 220 1355 253 libros
1385 217 1454 251 eius
1484 213 1690 261 quispiam,
1725 215 1785 249 sed
1818 225 1881 249 nec
1910 214 2026 260 legere
2055 215 2131 260 qui-

174 285 254 318 dem
281 276 467 316 occurrat³.

516 362 545 396 C
571 362 602 395 A
629 360 667 393 P.
720 359 813 393 v111.

339 435 372 468 1.
427 430 678 477 Opusculorum
705 440 831 474 genera
856 429 918 461 tria
946 440 1016 461 esse
1039 423 1185 462 dicunt⁴.
1239 426 1389 459 Primum
1424 434 1530 468 genus
1563 427 1721 467 excerpta
1756 426 1846 462 sunt,
1881 432 1967 463 quae
2000 420 2133 454 Graece

176 483 329 524 scholia⁵
355 488 605 529 nuncupantur,
633 482 665 514 in
692 481 810 525 quibus
838 492 894 523 ea,
929 492 1016 525 quae
1046 480 1200 513 videntur
1227 479 1385 517 obscura,
1421 475 1476 508 vel
1503 474 1671 516 difficilia,
1707 473 1897 507 summatim
1923 483 1963 506 ac
1990 472 2133 505 breviter

175 540 439 586 perstringuntur
451 534 474 569 Β.

339 598 374 633 2.
426 594 621 630 Secundum
648 605 754 639 genus
780 591 941 625 homiliae
968 596 1058 634 sunt,
1086 602 1168 634 quas
1194 589 1303 622 Latini
1330 582 1490 620 verbum⁷
1517 586 1710 631 appellant,
1746 596 1833 628 quae
1861 583 2074 628 proferuntur
2100 581 2133 615 in

174 651 323 698 populis.
376 648 530 682 Tertium
557 644 687 691 genus⁸
712 646 814 685 tomi,
842 656 926 688 quos
953 655 1012 676 nos
1040 644 1160 682 libros,
1188 642 1238 674 vel
1268 639 1438 673 volumina
1462 650 1699 682 nuncupamus,
1751 637 1923 669 Homiliae
1951 641 2061 667 autem
2089 633 2133 666 ad

175 705 296 749 vulgus
324 703 504 745 loquuntur
515 696 537 739 ⁹,
560 698 644 731 tomi
671 709 762 737 vem,
790 697 824 728 id
853 701 902 729 est
931 696 1007 728 libri
1035 696 1175 728 maiores
1203 698 1275 726 sunt
1303 687 1574 735 disputationem.
1619 690 1780 733 Dialogus
1807 694 1853 721 est
1881 687 2017 720 collatio
2046 686 2133 718 duo-

175 768 249 790 rum
276 754 329 788 vel
356 752 595 798 plurimorum,
622 761 722 794 quem
739 746 760 766 ¹¹
782 748 894 782 Latini
924 758 1111 780 sermonem
1139 746 1263 780 dicunt.
1324 745 1411 777 Nam
1447 754 1531 786 quos
1559 741 1683 776 Graeci
1715 740 1871 785 dialogos
1904 743 2042 777 vocant,
2073 747 2133 770 nos

176 818 345 841 sermones
373 814 541 838 vocamus.

343 856 376 889 3.
432 856 552 889 Sermo
581 857 692 886 autem
721 851 846 892 dictus,
875 850 951 894 quia
974 850 1058 883 inter
1086 854 1263 892 utrumque
1290 846 1417 879 seritur.

549 912 669 946 Multa
696 912 786 945 inter
810 908 918 945 sese13
944 911 1052 955 longo
1082 919 1239 942 sermone
1252 905 1274 925 ¹⁴
1301 905 1474 940 serebant.

1369 966 1489 999 Sermo
1517 965 1603 998 enim
1638 963 1778 996 alteram
1806 966 1883 1007 eget
1908 970 2083 1005 personam
2098 955 2133 999 ¹⁵,

1490 1017 1591 1050 Unde
1625 1021 1658 1049 et
1690 1015 1827 1048 dicitur:
1867 1012 2017 1046 Verbum
2040 1010 2134 1056 fecit

888 359 963 393 De
1012 356 1325 405 generibus
1377 353 1791 400 opusculorum.

1471 844 1572 878 Unde
1585 840 1609 861 ¹²
1635 844 1666 876 in
1693 842 1854 888 Virgilio:

342 975 378 1012 4.
432 971 591 1008 Differt¹5
617 978 729 1006 autem
755 983 882 1014 sermo,
916 976 1073 1004 tractatus
1104 974 1137 1002 et
1162 968 1314 1001 verbum.

176 1032 335 1062 tractatus
361 1027 550 1071 specialiter
581 1024 624 1057 ad
651 1025 797 1069 seipsum
825 1028 889 1064 est,
926 1023 1066 1056 verbum
1093 1025 1204 1054 autem
1235 1020 1278 1053 ad
1306 1029 1429 1051 omues.

178 1081 229 1114 ad
247 1079 431 1126 populum.

343 1128 377 1162 5.
433 1127 680 1162 Commentaria
708 1126 816 1166 dicta,
852 1125 945 1169 quasi
973 1136 1049 1159 cum
1082 1128 1194 1156 mente
1208 1119 1238 1157 ¹⁷.

179 1183 276 1223 iuris,
305 1186 494 1216 commenta
522 1179 686 1223 evangelii
701 1175 731 1212 ¹⁸.

346 1240 380 1273 6.
436 1240 700 1284 Apologeticum
729 1243 778 1270 est
805 1236 986 1275 excusatio,
1014 1235 1046 1267 in
1068 1245 1136 1277 quo
1164 1233 1270 1265 solent
1296 1231 1434 1275 quidam
1463 1224 1727 1264 accusantibusm
1753 1227 1967 1272 respondere.
2014 1225 2049 1257 ln
2076 1223 2135 1257 de-

179 1293 328 1327 fensione
355 1292 441 1325 enim
453 1289 495 1333 ²⁰,
523 1296 578 1323 aut
605 1290 783 1334 negatione
810 1288 881 1320 sola
907 1287 1053 1331 positum
1081 1290 1145 1325 est,
1175 1290 1207 1316 et
1235 1288 1283 1315 est
1305 1294 1428 1316 nomen
1455 1282 1637 1315 Graecum.

344 1351 378 1384 7.
433 1350 677 1395 Panegyricum
716 1353 764 1381 est
793 1347 1001 1381 licentiosum
1038 1349 1070 1378 et
1104 1344 1314 1377 lasciviosum
1352 1353 1459 1387 genus
1492 1340 1626 1374 dicendi
1670 1340 1702 1372 in
1737 1338 1890 1371 laudibus
1925 1348 2062 1381 regum,
2102 1335 2135 1367 in

180 1405 272 1439 cuius
299 1404 542 1447 compositione
570 1402 723 1434 homines
756 1399 869 1433 multis
902 1397 1086 1430 mendaciis
1121 1396 1308 1430 adulantur.
1361 1393 1465 1435 Quod
1503 1393 1627 1426 malum
1663 1403 1682 1423 a
1715 1390 1854 1423 Graecis
1888 1396 2040 1422 exortum
2077 1391 2135 1427 est,

181 1466 322 1499 quorum
365 1455 481 1487 levitas
521 1455 679 1486 instructa
718 1451 852 1485 dicendi
896 1450 1055 1483 facultate
1097 1454 1130 1482 et
1171 1448 1271 1491 copia
1313 1445 1501 1480 incredibili
1541 1444 1661 1477 multas
1702 1443 1955 1476 mendaciorum
1998 1439 2136 1473 nebulas

181 1506 354 1541 suscitavit.

347 1564 381 1599 S.
435 1564 613 1597 Fastorum
646 1562 722 1595 libri
745 1567 837 1602 sunt,
875 1561 906 1593 in
934 1559 1054 1604 quibus
1080 1569 1194 1602 reges,
1222 1557 1276 1591 vel
1300 1556 1451 1589 consules
1477 1555 1663 1588 scribuntur
1676 1551 1718 1595 ²¹,
1759 1565 1778 1586 a
1805 1553 1950 1585 fascibus
1975 1550 2072 1589 dicti,
2099 1548 2136 1581 id

184 1623 232 1653 est
266 1616 496 1662 potestatibus.
565 1614 667 1648 Unde
705 1619 737 1647 et
771 1609 922 1647 Ovidii²²
955 1611 1031 1644 libri
1066 1610 1243 1643 Fastorum
1279 1609 1453 1650 dicuntur,
1493 1607 1570 1650 quia
1610 1606 1654 1638 de
1696 1605 1834 1649 regibus
1875 1609 1908 1636 et
1946 1601 2136 1636 consulibus

185 1670 265 1705 editi
290 1672 373 1702 sunt.

352 1719 387 1753 9.
442 1717 657 1751 Prooemium
685 1720 732 1749 est
758 1716 886 1749 initium
914 1713 1059 1748 dicendi.
1095 1713 1180 1746 Sunt
1207 1711 1294 1745 enim
1321 1709 1496 1755 prooemia
1525 1707 1689 1753 principia
1711 1706 1885 1743 librorum,
1912 1716 1998 1747 quae
2008 1701 2033 1721 ²3
2060 1707 2136 1735 ante

187 1782 306 1806 causae
331 1770 553 1804 narrationem
586 1769 631 1802 ad
661 1764 901 1802 instruen‹las²*
929 1765 1134 1799 audientium
1171 1775 1266 1797 aures
1293 1765 1501 1807 coaptantur.
1561 1759 1663 1793 Cuius
1696 1769 1818 1791 nomen
1844 1757 1999 1802 plerique
2025 1754 2136 1788 latini-

1290 1121 1375 1154 Sunt
1410 1120 1497 1154 enim
1532 1117 1837 1163 interpretati011e5‚
1876 1121 1910 1148 ut
1945 1118 2134 1149 commenta

273 1865 303 1899 1)
329 1862 469 1891 scriberet
489 1872 536 1891 va.
570 1878 612 1883 —
647 1860 679 1899 2)
707 1861 757 1889 Sic
778 1861 835 1889 Gu.
856 1862 883 1891 1.
909 1875 945 1881 —
978 1859 1142 1897 quisquam
1183 1865 1322 1892 sensum,
1346 1863 1422 1893 quae
1445 1863 1502 1882 orn.
1521 1852 1578 1882 Gu.
1600 1854 1627 1883 1.
1672 1850 1806 1879 Varietas
1829 1849 1966 1878 lectionis
1988 1852 2032 1877 est
2046 1846 2133 1875 haec:

188 1905 268 1944 vulg.
291 1921 333 1927 -—-
364 1905 393 1944 3)
412 1906 462 1933 Sic
485 1905 542 1934 Gu.
567 1907 595 1935 1.
612 1906 641 1935 2.
659 1914 707 1942 pr.
729 1914 776 1934 va.
801 1903 852 1932 Ar.
876 1918 919 1925 —
936 1903 1038 1940 possit
1061 1901 1141 1938 vulg.
1191 1900 1351 1928 'll-actatus
1373 1901 1415 1924 est
1444 1900 1545 1924 autem
1571 1904 1617 1934 pr.
1643 1910 1679 1916 —-
1708 1897 1869 1923 Tractatus
1898 1898 2000 1920 autem
2022 1900 2071 1920 va.
2093 1905 2136 1912 —-

189 1964 231 1970 —
252 1948 284 1986 4)
307 1948 355 1976 Sic
373 1948 430 1976 Gu.
446 1951 471 1979 1.
494 1964 532 1969 --
554 1952 626 1974 sunt
649 1948 711 1975 tria
733 1947 813 1985 vulg.
841 1961 883 1968 -—
919 1956 980 1973 esse
997 1945 1059 1972 tria
1083 1954 1141 1972 orn.
1185 1943 1301 1970 Dictus
1314 1951 1345 1968 eo
1360 1938 1444 1979 quod
1455 1948 1501 1978 pr.
1516 1954 1558 1960 -
1578 1937 1680 1965 dictus
1696 1936 1780 1975 quod
1794 1947 1838 1965 va.
1861 1952 1904 1957 —
1923 1931 2135 1963 contrectando

189 1991 297 2019 dicunt
320 1991 377 2019 Gu.
394 1994 424 2022 2.
455 2007 496 2011 —
527 1991 559 2027 5)
575 1990 687 2017 scotica
711 1990 767 2018 Gu.
787 1992 814 2020 1.
830 1990 859 2019 2.
887 2004 930 2011 —
965 1985 994 2027 6)
1013 1987 1061 2014 Sic
1085 1987 1141 2014 Gu.
1185 1985 1236 2015 Ar.
1258 2001 1295 2007 -
1312 1980 1517 2011 contrectandi
1532 1991 1578 2009 va.
1623 1980 1661 2008 At
1684 1989 1777 2018 quum
1811 1978 1891 2018 apud
1920 1976 2135 2006 ecclesiasticos

191 2037 218 2066 1.
237 2037 266 2065 2.
282 2044 328 2073 pr.
345 2033 391 2062 ed.
407 2032 496 2061 Goth.
519 2049 557 2053 —-
577 2034 853 2071 praestringuntur
876 2030 954 2068 vulg.
977 2046 1020 2051 -—-
1042 2032 1069 2063 7)
1092 2029 1141 2056 Sic

191 2077 248 2106 Gu.
267 2079 293 2107 1.
308 2078 337 2107 2.
356 2076 394 2106 al.
412 2086 459 2115 pr.
480 2090 523 2097 —-
541 2075 631 2103 verba
653 2076 735 2113 vulg.
755 2091 797 2097 —
827 2073 856 2113 8)
875 2084 974 2112 genus
995 2071 1098 2100 addidi
1128 2081 1142 2100 e

192 2120 248 2148 Gu.
263 2122 290 2150 1.
306 2137 344 2142 —
368 2117 398 2158 9)
414 2119 555 2146 locuntur
578 2118 634 2148 Gu.
654 2120 680 2148 1.
693 2134 736 2141 -—
759 2115 807 2157 10)
822 2117 871 2145 Sic
885 2117 1028 2146 Gu.1.—
1043 2116 1142 2142 maio-

192 2163 237 2190 ris
251 2183 257 2189 .
273 2184 280 2192 .
296 2183 304 2190 .
321 2183 330 2190 .
351 2160 574 2200 disputationis
591 2160 672 2198 vulg.
687 2176 730 2182 —-
748 2159 793 2199 11)
805 2170 899 2198 quum
915 2159 1071 2187 Ar.va.-
1097 2155 1142 2196 12⁷)

193 2203 282 2242 Vulg.
304 2203 385 2232 unde
407 2210 448 2241 et,
471 2203 522 2232 sed
546 2209 571 2231 et
595 2213 652 2231 om.
667 2203 723 2230 Gu.
742 2205 767 2233 1.
785 2205 814 2233 2.
859 2203 954 2230 Locus
978 2200 1082 2238 virgil.
1099 2204 1144 2229 est

195 2246 268 2275 Aen.
289 2246 338 2284 vl,
363 2249 433 2279 160.
462 2262 505 2268 —
535 2243 579 2285 13)
605 2245 655 2273 Sic
674 2245 731 2272 Gu.
756 2247 781 2275 1.
806 2245 853 2272 Ar.
878 2249 906 2273 et
928 2242 1031 2280 virgil.
1055 2259 1092 2264 —-
1116 2253 1147 2270 se

193 2288 276 2327 vulg.
292 2305 329 2310 —-
354 2288 400 2327 14)
411 2289 466 2318 Vv.
482 2289 572 2327 longo
595 2288 713 2327 (virgil.
737 2292 766 2315 et
794 2286 882 2316 Arev.
897 2287 997 2321 vario)
1013 2296 1146 2313 sermone

195 2342 254 2360 om.
279 2331 335 2359 Gu.
355 2333 383 2362 2.
405 2334 434 2363 3.
457 2341 503 2371 pr.
525 2342 572 2360 va.
604 2348 638 2351 -—
675 2328 719 2367 15)
748 2329 932 2358 Praecedunt
955 2327 1036 2365 vulg.
1059 2327 1146 2357 haecz

200 2375 366 2402 Trai-tatus
394 2380 448 2402 aut
479 2379 520 2402 est
544 2374 638 2401 unius
668 2373 711 2400 rei
732 2372 889 2410 multiplex
912 2372 1071 2409 expositio,
1112 2381 1143 2399 eo

198 2415 281 2454 quod
301 2416 406 2445 tralzat
426 2427 546 2446 sensum
569 2418 601 2445 in
615 2416 729 2450 multa,
754 2413 906 2443 sentiendo
927 2412 1145 2443 contractando

1186 2027 1350 2067 scriptores
1372 2029 1515 2054 tractatus
1537 2023 1615 2052 idem
1638 2023 1676 2051 sit
1699 2022 1781 2061 qnod
1804 2020 1941 2057 homilia,
1964 2024 1999 2048 ut
2027 2019 2136 2056 Augu-

1185 2071 1253 2100 stin.
1277 2071 1331 2108 Ep.
1346 2068 1376 2100 4.
1401 2067 1534 2107 praelixa
1557 2066 1634 2094 libro
1662 2065 1699 2094 de
1722 2064 1853 2095 haeres.:
1890 2063 2058 2092 Tractatus
2075 2072 2136 2099 po-

1180 2114 1323 2152 pulures,
1349 2121 1424 2149 quo-s*
1449 2110 1562 2138 Graece
1583 2110 1742 2137 Homilias
1758 2112 1884 2144 vocant,
1905 2104 2066 2134 verisimile
2081 2107 2135 2139 est,

1186 2156 1222 2184 ab
1245 2155 1303 2183 alio
1326 2153 1519 2192 grammatico
1549 2152 1622 2180 haec
1645 2151 1747 2180 addita
1771 2161 1842 2180 esse.
1869 2165 1908 2171 -
1936 2147 1982 2188 16)
2004 2148 2053 2175 Sic
2079 2147 2135 2175 Gu-

1188 2199 1276 2237 Vulg.
1302 2197 1400 2224 alteru
1414 2218 1421 2224 .
1440 2218 1446 2225 .
1460 2216 1468 2225 .
1493 2205 1634 2233 persona.
1655 2211 1692 2216 --
1715 2195 1793 2233 Eget
1812 2202 1943 2231 persona
1966 2191 2064 2218 altera
2078 2189 2135 2218 Gu.

1187 2244 1217 2273 2.
1238 2256 1280 2263 —
1300 2244 1402 2267 autem
1425 2248 1479 2277 pro
1502 2239 1580 2265 enim
1603 2238 1658 2265 Gu.
1676 2240 1701 2268 1.
1718 2253 1759 2259 —
1785 2239 1826 2269 17)
1850 2239 2016 2263 commenta
2038 2232 2136 2262 Gu.1.

1190 2303 1228 2307 —
1247 2287 1428 2311 commentae
1458 2281 1514 2311 Gu.
1540 2283 1570 2311 2.
1599 2296 1641 2301 —-
1680 2279 1724 2319 18)
1747 2278 1830 2316 Vulg.
1854 2281 2022 2316 sequuntur
2046 2274 2134 2303 haec:

1190 2327 1272 2355 Nam
1294 2323 1446 2364 quicquid
1458 2324 1584 2351 breviter
1599 2323 1804 2361 componitur,
1827 2319 2075 2348 commentarium
2090 2316 2135 2344 tli-

1188 2371 1283 2404 citur,
1313 2366 1397 2406 quod
1418 2377 1484 2394 vero
1508 2366 1671 2405 elongatur
1700 2364 1868 2404 (eleganter
1889 2363 1965 2399 aL),
1990 2360 2135 2399 expositio

1187 2412 1374 2441 nominatur.
1418 2409 1476 2439 Sed
1498 2408 1573 2438 haec
1597 2419 1654 2438 om.
1678 2408 1735 2438 Gu.
1758 2411 1785 2440 1.
1807 2409 1836 2438 2.
1857 2406 1908 2435 Ar.
1929 2419 1972 2427 ·-
1997 2407 2038 2438 19)
2062 2412 2135 2431 cau-
