2264 2830
739 103 982 139 ORIGINUM
1017 106 1162 141 LlBER
1188 107 1259 141 XX.

139 198 325 242 Trapetum
336 195 360 215 ²¹*
383 199 474 232 mola
504 199 645 232 olivaria.

1903 114 1977 148 6:33

140 251 274 283 l’relum
302 250 428 293 trabes,
458 262 524 294 quo
553 262 614 283 uva
642 250 768 283 calcata
797 251 973 293 premitur,
1002 263 1020 283 a
1043 252 1228 295 premendo
1251 257 1428 295 vocatum,
1456 253 1548 296 quasi
1575 255 1784 297 pressorium.

138 302 292 340 Prclum,
323 313 390 345 quo
413 303 574 346 premitur
601 302 724 334 oleum.

37 353 225 396 torquendo
252 353 362 385 oleum
392 354 570 396 vinumque
598 353 749 397 exigitur.

209 403 263 439 13.

778 301 901 344 Lacus,
933 314 1000 346 quo
1030 303 1191 346 liquatum
1219 301 1411 349 prossuat²⁹‚
1454 310 1486 337 et
1512 316 1578 348 quo
1606 306 1648 339 ab
1674 308 1761 350 uvis,
1804 310 1854 343 vel
1883 310 1973 343 olivis·

321 405 486 437 verennes·
506 417 524 436 a
549 404 688 443 vehere,
717 404 749 436 id
779 410 825 436 est
853 410 1027 448 exportare
1055 406 1251 438 nominatae.

140 453 302 496 Qualus³⁰
329 456 446 489 corbes
473 456 613 499 colaque
642 457 809 500 prelorum
821 452 855 496 ³³¹,
883 468 944 500 per
971 468 1070 499 quem

1086 454 1109 473 ³²
1136 463 1278 490 mustum
1305 455 1392 497 fluit,
1420 468 1438 488 a
1465 457 1610 489 colando
1638 459 1744 493 dictus
1757 457 1790 493 Ἡ.

138 506 284 541 Fisclum
306 508 396 550 quasi
425 507 596 548 fisculum,
624 519 643 540 a
672 507 815 541 colando
844 508 955 541 oleum
983 508 1127 549 dictum,
1153 509 1204 541 vel
1228 508 1320 551 quasi
1345 505 1504 541 fiscellam
1532 508 1607 541 olei.

480 592 509 626 C
533 593 563 626 A
586 594 621 626 Ρ.
676 594 748 627 XV.

201 660 233 695 l.
288 661 376 693 Rota
403 661 509 703 dicta,
537 662 628 705 quod
640 658 663 678 ³⁵³
690 662 781 706 quasi
808 667 888 694 ruat.

35 717 94 745 tur.
145 709 369 745 Lucretius³⁷:

832 593 891 626 De
931 593 1246 626 instrumentis
1286 593 1528 627 hortorum.

941 662 1001 694 Est
1029 662 1115 694 enim
1136 661 1301 704 machina,
1330 661 1373 695 de
1401 673 1466 705 qua
1484 659 1535 694 (²⁷⁴⁰
1563 663 1696 697 flumine
1713 676 1798 708 aqua
1826 663 1973 697 extrahi-

261 763 304 796 Ιιι
326 762 471 808 JIuvio³⁸
498 774 642 797 versare
668 768 766 797 rotas
793 768 897 809 utque
924 767 1048 796 austra
1074 763 1241 797 videmus.

137 816 256 848 Austra
283 821 410 857 autem,
437 815 470 847 id
500 812 583 849 est³⁰
610 821 701 856 rota,
729 817 770 848 ab
798 814 982 847 hauriendo
1011 812 1147 857 aquas⁴⁰
1174 815 1271 848 dicta.

199 865 231 897 2.
287 864 510 911 Gyrgillus⁴¹‚
546 867 637 910 quod
666 868 697 899 in
727 864 848 911 gyro⁴²
875 871 1028 899 vertatur.

1094 867 1154 899 Est
1181 866 1267 899 enim
1294 865 1423 910 lignum
1450 862 1517 897 in⁴³
1544 871 1724 897 transversa
1751 866 1877 908 pertica
1900 877 1974 899 mo-

36 916 119 957 bile,
147 928 185 949 ex
212 928 279 960 quo
309 918 393 950 funis
420 929 494 951 cum
522 919 634 958 situla,
662 918 713 950 vel
736 923 807 950 utre
833 918 865 950 in
886 922 1025 962 puteum
1051 914 1257 950 dimittitur⁴⁴
1285 916 1490 949 hauriendae
1517 928 1624 959 aquae
1651 927 1758 949 causa.

199 968 231 1002 3.
285 969 449 1002 Telonem
477 969 643 1001 hortulani
670 974 789 1002 vocant
812 970 939 1014 lignum
967 969 1125 1013 longum,
1153 980 1220 1012 quo
1249 968 1404 1001 hauriunt
1427 979 1540 1012 aquas.
1576 968 1620 1000 Et
1648 967 1773 1001 dictum
1796 968 1941 1000 telonem
1952 965 1976 985 ⁴⁵

34 1030 52 1051 a
81 1019 306 1063 longitudine,
334 1023 433 1059 ’τέλος
447 1017 470 1037 ⁴⁶

34 1071 196 1103 ciconiam
224 1071 337 1105 dicunt
355 1069 396 1110 ³¹⁹,
425 1069 584 1116 propter⁵

34 1126 191 1163 rostrum,
219 1122 299 1155 dum
327 1123 461 1167 clangit.

198 1173 231 1206 4.
286 1174 396 1206 Hama
416 1177 437 1208 *.

34 1224 98 1262 dit,
126 1224 212 1269 rapit
241 1230 273 1258 et
301 1225 460 1265 extrahit,
488 1226 577 1258 unde
605 1229 637 1258 et
663 1237 784 1258 nomen
813 1226 953 1269 accepit.

34 1281 81 1308 est
107 1276 192 1308 enim
221 1277 353 1311 Graece
384 1273 547 1321 rapere55.

485 1361 513 1395 C
540 1361 571 1394 A
597 1362 635 1393 P.
689 1361 780 1394 ΧΠ,

586 1068 598 1088 0

199 1429 229 1461 l.
282 1429 448 1463 Phalerae
459 1426 483 1446 ⁵⁰
517 1433 709 1462 ornamenta
736 1439 898 1471 equorum
925 1433 1013 1471 sunt,
1051 1434 1082 1461 et
1109 1434 1157 1462 est
1182 1440 1290 1461 sermo
1319 1429 1467 1462 Graecus

497 1022 583 1053 enim
604 1021 692 1053 iuxta
720 1020 869 1054 Graecos
887 1017 911 1037 ⁴⁷
937 1021 1094 1064 quicquid
1123 1021 1262 1064 longum
1291 1017 1381 1055 θείη.

639 1072 733 1115 quod
761 1073 906 1105 imitetur
936 1073 1084 1105 eiusdem
1120 1073 1260 1105 nominis
1291 1083 1406 1113 avem,
1448 1071 1611 1104 levantem
1647 1083 1686 1105 ac
1711 1071 1933 1115 deponentem
1950 1068 1972 1088 ⁵¹

491 1175 606 1218 Lupus
617 1170 660 1216 5²,
689 1174 744 1217 qui
773 1180 805 1207 et
832 1174 1000 1215 canicula,

1436 1020 1514 1053 Hoc
1547 1020 1797 1052 instrumentum
1835 1019 1973 1063 Hispani

1029 1174 1153 1206 ferreus
1179 1172 1324 1217 harpax,
1351 1172 1443 1216 quod
1459 1169 1483 1189 ⁵³
1509 1173 1534 1205 si
1556 1172 1636 1215 quid
1663 1172 1695 1204 in
1722 1176 1857 1215 puteum
1880 1172 1973 1205 deci-

1019 1225 1158 1269 Harpax
1186 1221 1330 1257 auten1⁵⁴
1361 1224 1484 1264 dictus,
1526 1224 1603 1266 quia
1630 1223 1759 1267 arripit,
1802 1221 1973 1270 ἁρπάζειν

859 1360 922 1393 De
957 1361 1274 1394 instrumentis
1307 1370 1525 1405 equorum.

1477 1424 1511 1459 57.

134 1479 244 1512 Frena
272 1481 379 1522 dicta,
406 1481 498 1525 quod
524 1492 626 1524 equos
654 1481 795 1513 fremere
823 1484 964 1524 cogant,
991 1480 1043 1512 vel
1071 1480 1164 1523 quod
1191 1480 1277 1514 haec
1294 1477 1319 1497 ⁵⁸
1345 1480 1420 1523 equi
1451 1478 1620 1519 frendant,
1647 1476 1681 1509 id
1709 1481 1757 1509 est
1783 1476 1972 1520 imprimant

33 1530 184 1565 dentibus
211 1537 243 1564 et
270 1533 492 1566 obmordeant
502 1529 535 1565 ⁵⁹.

33 1582 157 1625 aliquid
185 1583 357 1626 frendant,
389 1585 422 1616 id
451 1588 498 1617 est
522 1584 747 1617 comminuant
774 1583 936 1616 dentibus.

198 1633 231 1666 2.
286 1635 409 1679 Lupati
430 1633 454 1652 ⁶⁴
481 1640 553 1668 sunt
580 1635 663 1667 freni
692 1634 873 1678 asperrimi.

590 1531 691 1565 Unde
721 1537 753 1563 et
780 1528 989 1563 nefrendes⁶⁰

989 1582 1078 1616 Hinc
1107 1589 1139 1615 et
1165 1584 1244 1616 faba
1271 1584 1373 1616 fressa
1390 1579 1432 1624 ⁶³,
1469 1593 1556 1625 quae
1582 1580 1698 1613 molita
1727 1584 1785 1612 est.

927 1633 1014 1666 Dicti
1042 1639 1150 1667 autem
1179 1635 1283 1680 lupati
1311 1646 1329 1667 a
1357 1634 1477 1679 lupinis
1504 1633 1674 1673 dentibus,
1701 1631 1757 1674 qui
1783 1629 1970 1672 inaequales

1016 1528 1129 1564 dictissl
1154 1532 1268 1566 adhuc
1296 1532 1454 1565 lactantes
1480 1530 1610 1575 porculi
1620 1525 1662 1570 ⁶²,
1705 1527 1798 1570 quod
1824 1527 1970 1561 nondum

34 1687 124 1726 sunt,
154 1685 242 1717 unde
270 1687 368 1719 etiam
384 1683 408 1704 ⁸⁵
434 1698 548 1720 eorum
576 1698 703 1719 morsus
734 1685 949 1719 vehementer
975 1686 1076 1718 obest.

133 1735 255 1769 Carnus
276 1738 295 1760 *
309 1734 342 1770 ⁵⁶.

34 1814 52 1830 a
77 1803 135 1831 Gu.
165 1806 192 1833 1.
216 1805 245 1833 2.
267 1819 307 1824 -
339 1803 418 1831 unde*
446 1802 481 1830 de
508 1804 595 1839 flam.
620 1805 650 1832 Z.
673 1820 713 1825 -
738 1815 793 1842 per
814 1813 901 1841 quem
924 1813 979 1841 pro

33 1845 68 1873 de
84 1855 146 1884 qua
167 1855 214 1873 va.
244 1861 283 1865 —
313 1845 359 1883 37)
378 1846 492 1873 Lucret.
516 1846 552 1882 V,
575 1847 644 1877 517.
667 1862 708 1867 —
733 1845 782 1885 58)
813 1846 980 1883 ιιι]’ἶιιι·ι“ω.ς

34 1889 83 1915 Ar.
107 1897 122 1915 e
146 1888 262 1915 Lucret.
287 1903 326 1908 —
351 1891 398 1923 39)
421 1886 524 1914 eadem
546 1888 601 1915 Gu.
627 1892 652 1918 1.
677 1891 705 1919 2.
730 1905 767 1909 —
799 1887 834 1915 id
858 1894 899 1914 e-st
921 1898 978 1917 om.

34 1930 64 1957 Z.
80 1945 115 1950 --
147 1933 192 1966 40)
216 1939 331 1966 aquam
355 1930 384 1957 Z.
407 1946 450 1952 —
472 1940 553 1967 aqua
578 1930 634 1959 Gu.
659 1934 685 1961 1.
707 1947 749 1952 -
776 1932 824 1966 41)
851 1931 980 1958 Cirillus

35 1972 66 2000 Z.
92 1987 128 1993 —
153 1970 201 2010 49)
231 1972 280 1999 Sic
303 1972 333 1999 Z.
358 1972 415 1999 Gu.
437 1975 463 2002 1.
481 1975 509 2002 2.
529 1972 564 1999 al.
591 1983 636 2010 pr.
660 1988 701 1994 —-
724 1975 757 2000 in
775 1972 980 2011 gjramvulg.

36 2031 70 2035 —
100 2012 149 2054 43)
167 2024 222 2051 per
246 2014 300 2042 Gn.
325 2016 351 2044 1.
387 2029 426 2034 --
450 2015 496 2050 44)
521 2013 717 2042 dimittuntur
739 2016 794 2044 Gu.
812 2019 841 2047 2.
865 2034 901 2037 —
932 2013 978 2052 45)

33 2057 81 2085 Sic
106 2056 135 2083 Z.
161 2057 216 2085 Gu.
243 2059 268 2086 1.
291 2058 319 2085 2.
345 2072 379 2076 -
404 2055 506 2083 dictus
529 2056 607 2084 telon
630 2057 709 2094 vulg.
734 2075 773 2079 —
793 2056 842 2096 46)
864 2057 913 2085 sic
929 2057 978 2085 Ar.

36 2115 71 2121 —-
98 2098 196 2125 thelon
216 2098 246 2125 Z.
272 2098 326 2125 Gu.
345 2100 371 2129 1.
394 2114 435 2119 —
459 2098 551 2125 ttlum
575 2098 631 2126 Gu.
647 2102 676 2129 2.
699 2116 739 2120 —
762 2098 835 2138 τηλΰ
850 2100 980 2137 vulg.—

33 2139 79 2178 47)
104 2140 151 2168 Sic
175 2141 204 2168 Z.
230 2140 285 2170 Gu.
303 2143 328 2170 1.
352 2143 380 2170 2.
406 2140 443 2169 al.
463 2150 509 2178 pr.
523 2150 570 2169 va.
592 2155 632 2161 —
657 2141 768 2169 Graece
788 2142 880 2180 vulg,
904 2151 979 2180 quae

34 2182 102 2211 add.
127 2182 251 2218 dicitur,
275 2182 356 2220 quod
380 2193 436 2210 om.
461 2184 515 2210 (iu.
533 2185 560 2212 1.
584 2197 622 2202 —
651 2181 764 2211 dicitur
785 2186 874 2212 Luxia
885 2186 976 2212 Grae-

35 2236 84 2253 cos
107 2225 163 2253 Gu.
181 2227 209 2255 2.
252 2240 291 2245 -
314 2222 465 2263 45)Vu1g.
489 2223 556 2252 add.
588 2223 671 2251 Unde
695 2231 719 2252 et
744 2227 872 2254 mustela
894 2226 973 2254 dict·-

36 2273 94 2304 ίαν,
118 2268 207 2305 quasi
228 2276 297 2294 mus
318 2267 443 2304 longus,
466 2276 541 2304 quae
564 2276 619 2294 om.
644 2267 698 2294 Gu.
724 2270 749 2297 1.
778 2284 819 2289 —
853 2267 902 2308 49)
928 2269 975 2297 Sic

37 2310 67 2339 Z.
92 2310 146 2339 Gu.
172 2313 197 2340 1.
219 2312 247 2339 2.
272 2325 311 2330 -
335 2314 442 2336 vocant
465 2308 544 2345 vulg.
569 2324 605 2329 —
634 2309 682 2345 50)
699 2315 822 2347 propter
844 2310 945 2339 addidi
961 2321 975 2339 e

38 2353 94 2379 Gn.
116 2355 143 2382 1.
166 2354 194 2381 2.
213 2352 251 2380 al.
274 2361 320 2379 va.
344 2367 380 2372 —
414 2349 462 2391 51)
484 2351 614 2378 levantis
637 2361 673 2378 ac
696 2350 868 2389 deponentis
891 2354 920 2381 Z.
937 2353 972 2381 al.

38 2404 82 2421 va.
104 2409 144 2415 -—
167 2394 298 2421 levantis
319 2403 396 2431 aque
421 2403 457 2421 ac
486 2392 657 2431 deponenti-5
690 2393 747 2422 Gu.
772 2396 797 2425 1.
814 2396 840 2424 2.
865 2405 910 2432 pr.
934 2412 972 2417 —

80 2443 240 2469 GRAMMAT.
262 2454 327 2471 LA‘r,
346 2443 395 2471 ΙΙΙ.

1023 1801 1070 1841 52)
1095 1804 1143 1831 Sic
1165 1804 1213 1832 Ar.
1232 1820 1267 1824 —-
1292 1803 1374 1830 Ama
1402 1801 1471 1841 (om.
1495 1800 1555 1839 va)
1579 1802 1670 1837 lapm-
1693 1799 1772 1835 vulg.
1795 1814 1835 1819 —
1858 1800 1904 1834 53)
1921 1798 1969 1825 Sic

1023 1846 1054 1873 Ζ.
1079 1846 1134 1874 Gu.
1153 1849 1180 1876 1.
1206 1855 1249 1883 [η’.
1274 1862 1312 1866 —-
1337 1845 1412 1883 quia
1435 1843 1513 1880 vulg.
1545 1858 1584 1862 -—
1615 1841 1662 1879 54)
1686 1841 1734 1868 Sic
1763 1841 1792 1867 Z.
1817 1841 1872 1868 Gu.
1891 1843 1916 1871 1.
1941 1844 1969 1872 2.

1024 1898 1069 1926 pr.
1093 1898 1137 1916 va.
1160 1904 1201 1909 —
1234 1889 1312 1914 enim
1335 1887 1414 1923 vulg.
1437 1901 1478 1906 —
1515 1884 1560 1921 55)
1581 1885 1629 1912 Sic
1661 1884 1717 1913 Gu.
1742 1887 1769 1913 1.
1789 1898 1825 1903 —
1848 1888 1891 1910 est
1916 1884 1968 1910 Gr.

1023 1941 1087 1968 rap.
1112 1930 1167 1959 Gu.
1189 1933 1216 1961 2.
1240 1939 1286 1958 va.
1309 1944 1350 1950 —
1373 1939 1444 1965 arpe
1465 1928 1495 1955 Z.
1519 1927 1575 1954 Gu.
1593 1929 1618 1956 1.
1634 1929 1661 1957 2.
1677 1927 1704 1956 3.
1721 1926 1748 1956 4.
1762 1935 1807 1963 pr.
1825 1935 1871 1953 va.
1896 1925 1968 1954 cod.

1023 1972 1091 2000 Zitt.
1115 1972 1183 2000 add.
1208 1971 1287 1999 unde
1309 1977 1334 1998 et
1358 1971 1464 2008 arpiae
1486 1971 1578 2007 quasi
1599 1969 1738 2006 rapriteS.
1760 1983 1802 1988 —-
1828 1967 1878 2006 56)
1902 1967 1967 1995 Om.

1023 2015 1149 2051 glossam
1173 2014 1202 2042 Z.
1233 2032 1271 2036 —
1308 2012 1354 2051 57)
1381 2013 1486 2041 Graec.
1511 2021 1605 2039 sermo
1628 2021 1675 2048 pr.
1706 2026 1746 2032 —
1767 2011 1814 2044 58)
1839 2010 1886 2037 Sic
1911 2010 1966 2038 Gu.

1024 2060 1050 2087 1.
1066 2057 1113 2085 Ar.
1130 2073 1171 2077 —
1195 2056 1240 2083 vel
1261 2054 1345 2094 quod
1357 2055 1388 2085 Z.
1411 2070 1448 2076 —
1472 2055 1519 2081 vel
1539 2053 1621 2092 quod
1641 2053 1696 2080 Ιιοε
1719 2063 1765 2091 pr.
1789 2061 1836 2080 va.
1860 2068 1899 2072 —
1922 2054 1969 2080 vel

1021 2098 1077 2126 stoc
1099 2098 1180 2136 vulg.
1202 2114 1244 2119 --
1272 2095 1319 2136 59)
1344 2103 1370 2124 et
1392 2097 1426 2124 ub
1447 2096 1504 2124 hoc
1525 2095 1681 2124 mordeant
1703 2094 1845 2122 dentibus
1868 2094 1923 2123 Gu.
1941 2098 1964 2125 1.

1021 2143 1050 2172 2.
1073 2157 1114 2162 -
1137 2142 1184 2175 60)
1209 2141 1320 2177 nest-ecs
1343 2139 1401 2167 Gu.
1425 2143 1450 2170 1.
1474 2155 1516 2160 —
1549 2141 1593 2172 61)
1615 2137 1691 2166 dicti
1714 2148 1773 2166 om.
1797 2137 1829 2166 Z.
1858 2152 1891 2156 —
1916 2139 1963 2169 62)

1017 2183 1145 2222 porcelli
1161 2183 1191 2210 Z.
1216 2200 1250 2203 —
1278 2183 1322 2217 63)
1337 2182 1386 2209 Sic
1404 2182 1452 2211 Ar.
1473 2196 1510 2202 —
1524 2182 1614 2218 fresa
1628 2180 1760 2218 vulg.—
1786 2180 1832 2215 64)
1841 2180 1963 2215 qumta

1017 2226 1047 2255 h.
1065 2226 1084 2254 l.
1107 2230 1135 2253 et
1157 2230 1260 2263 postea
1286 2226 1334 2253 Ar.
1359 2240 1399 2246 -
1415 2222 1461 2263 65)
1476 2229 1503 2251 εἰ
1518 2224 1549 2253 Ζ.
1568 2239 1609 2244 -
1632 2223 1680 2260 66)
1701 2222 1835 2250 Clzamus
1851 2220 1900 2248 Ar.
1916 2228 1959 2245 va.

1017 2284 1059 2290 —
1084 2268 1199 2296 Camur
1214 2278 1258 2306 pr.
1278 2283 1314 2288 -
1339 2266 1425 2304 Vulg.
1439 2265 1507 2294 add.
1523 2276 1620 2304 genus
1633 2264 1826 2303 asperi-freni
1838 2266 1879 2287 est
1904 2257 1960 2295 (est

1018 2321 1074 2339 0111.
1090 2320 1134 2348 pr.
1144 2310 1217 2346 va.)‚
1240 2320 1298 2347 quo
1317 2308 1431 2336 caballi
1453 2309 1573 2347 Superbi
1595 2309 1720 2335 coerceri
1741 2306 1842 2337 Solent,
1859 2302 1959 2328 dictas

1017 2364 1037 2380 (ι
1062 2354 1218 2388 curvitate,
1242 2350 1336 2390 χαμόν
1359 2353 1435 2379 enim
1461 2352 1571 2380 Graeci
1594 2359 1719 2378 currum
1742 2345 1855 2372 dicunt.
1879 2343 1957 2372 Haec

1018 2405 1073 2422 omv
1098 2396 1118 2422 Z
1151 2395 1206 2423 Gu.
1231 2398 1255 2425 1.
1271 2397 1299 2426 2.
1322 2395 1370 2423 Ar.

1454 2436 1562 2470 [2111
