2264 2830
791 135 1037 170 ORlGlNUM
1070 135 1215 169 LIBER
1242 135 1298 170 Vl.

75 238 182 268 metro
210 232 375 267 constituit
385 227 408 248 ³⁴¹

1953 140 2026 174 189

437 230 674 275 alphabetum,
706 241 849 273 quorum
878 230 946 262 duo
974 226 1117 274 prima³⁶³
1143 230 1234 274 quasi
1261 229 1437 274 Sapphico
1461 237 1569 265 metro
1595 232 1719 278 scripta
1745 238 1828 274 sunt,
1855 233 1931 275 quia
1959 240 2022 267 tres

77 285 256 319 versiculos
267 281 312 325 ³⁹,
340 283 397 327 qui
420 282 481 314 sibi
508 281 581 314 nexi
604 286 695 321 sunt,
732 287 764 315 et
791 283 833 315 ab
860 293 924 315 una
952 286 1078 314 tantum
1107 282 1201 314 litera
1229 282 1404 326 incipiunt,
1434 284 1607 318 heroicum
1635 296 1733 319 coma
1760 281 1945 320 includitw,

242 335 300 368 2⁴.
353 334 505 367 Tertium
537 332 756 377 alphabetum
791 335 939 367 trimetro
975 334 1135 378 scriptum
1172 330 1271 374 (ΜΗ,
1305 332 1438 367 ternis*¹²
1466 337 1566 370 literis
1595 337 1698 370 iidem
1711 333 1735 353 ⁴³
1766 336 1847 369 terni
1874 333 2020 368 versus⁴¹

74 388 244 433 incipiunt.

297 386 461 428 Quartum
489 385 710 429 alphabetum
738 386 843 418 simile
869 386 980 430 primo
1008 390 1040 417 et
1066 386 1214 419 secundo
1241 385 1395 418 habetur.

240 437 299 470 25.
351 436 514 470 Ezechiel
527 434 551 454 ⁴⁵
578 441 611 470 et
639 437 758 469 Daniel
786 449 804 469 a
832 437 905 470 viris
931 437 1131 480 quibusdam
1160 437 1361 480 sapientibus
1381 438 1493 482 scripti
1518 450 1586 472 esse
1613 439 1850 484 perhibentur,
1876 450 2020 482 quorum

74 489 235 524 Ezechiel
272 489 434 534 principia
462 492 494 521 et
520 489 602 521 lines
628 489 737 521 multis
761 488 865 521 habet
895 489 1149 522 obscuritatibus
1174 489 1331 524 involuta.

1385 489 1503 522 Daniel
1535 502 1614 523 vero
1649 492 1741 525 claro
1777 501 1930 523 sermone
1964 502 2020 523 or-

72 544 122 576 bis
149 537 284 587 regnam
310 540 501 586 pronuntiat
534 545 567 573 et
592 545 724 584 tempus
755 541 913 573 adventus
941 540 1066 574 Christi
1092 540 1354 573 manifestissima
1379 542 1630 586 praedicatione
1656 547 1801 578 annotat,

236 591 296 625 26.

71 649 154 679 runh

347 592 393 624 Hi
420 596 494 624 sunt
518 597 661 635 quatuor
688 592 896 637 prophetae,
932 593 989 635 qui
1016 592 1157 624 maiores
1184 598 1361 633 vocantur,
1395 594 1475 637 quia
1501 593 1632 637 prolixa
1659 594 1828 627 volumina
1855 593 2020 627 condide-

214 643 307 676 Libri
319 639 343 659 ‘¹⁷
370 640 585 676 ‹1u011eci111⁴¹³
611 644 856 688 prophetarum
884 650 1057 677 auctorum
1085 654 1218 676 suorum
1246 644 1433 678 nominibus
1459 649 1712 689 praenotantur;
1755 646 1813 689 qui
1839 650 2019 690 propterea

71 697 226 730 dicuntur
247 696 408 735 minores,
435 695 512 738 quia
538 706 706 728 sermones
733 707 848 728 eorum
876 696 991 728 breves
1019 700 1103 727 sunt.

234 746 295 780 27.

348 746 447 779 Unde
475 752 507 780 et
542 747 681 780 connexi
706 747 836 780 sibimet
871 747 1011 781 invicem
1026 742 1050 763 ’ῃ

1077 746 1109 779 in
1143 757 1208 779 uuo
1238 747 1408 780 volumine
1442 747 1668 789 continentur,
1707 759 1851 792 quorum
1885 748 2019 780 nomina

69 795 195 832 sunt⁵⁰z
223 794 365 839 Osee⁵¹,
394 798 511 841 lohel,
539 800 661 841 Amos,
685 799 827 842 Abdias,
851 799 967 842 lonas,
995 797 1167 840 Micheas,
1198 799 1326 840 Naum,
1355 800 1511 844 Abacuc,
1537 799 1742 844 Sophonias‚
1770 801 1922 844 Aggeus,
1950 799 2019 832 Za-

69 850 198 885 charias
220 846 286 882 et⁵²
306 849 504 883 Malachias.

234 900 293 934 28.
346 902 476 934 Esdrae
503 901 586 934 liber
613 901 754 936 auctoris
775 901 822 934 sui
843 901 940 935 titulo
963 905 1190 946 praenotatur,
1218 901 1250 934 in
1273 902 1366 936 cuius
1390 897 1580 936 contextu⁵³
1608 901 1758 935 eiusdem
1782 901 1912 934 Esdrae
1925 901 2017 934 Nee-

67 953 220 996 miaeque
245 964 413 986 sermones
441 953 564 998 pariter
589 954 808 987 continentur.

861 954 933 987 Nec
964 964 1155 997 quenquam
1191 958 1342 992 moveat,
1376 954 1468 998 quod
1504 950 1622 987 unus⁵⁸
1657 953 1785 987 Esdrae
1819 952 1940 986 dicitur
1974 953 2017 985 li-

67 1006 144 1046 ber,
177 1004 256 1048 quia
290 1005 470 1047 secundus,
515 1004 628 1038 tertius
660 1011 694 1038 et
725 1010 861 1049 quartus
895 1017 962 1039 non
998 1004 1166 1038 habentur
1201 1005 1294 1050 apud
1327 1006 1522 1048 Hebraeos,
1561 1004 1621 1039 sed
1649 1006 1734 1038 inter
1761 1000 2017 1050 apocryphos&

66 1057 109 1089 de
138 1061 277 1091 utantur.

110 1068 134 1101 P
232 1106 290 1140 29.
344 1107 467 1140 Hester
493 1107 616 1140 librum
642 1106 767 1141 Esdras
794 1106 940 1141 creditur
966 1107 1211 1153 conscripsisse.
1266 1108 1303 1140 ln
1336 1119 1404 1152 quo
1432 1108 1551 1141 eadem
1578 1108 1694 1153 regina
1720 1108 1781 1140 sub
1809 1107 1919 1152 figura
1945 1107 2015 1140 Ec·-

65 1157 183 1192 clesiae
210 1158 274 1191 Dei
301 1159 470 1203 populum
498 1171 517 1191 a
538 1160 693 1192 servitute
721 1164 754 1192 et
780 1164 888 1192 morte
915 1159 1072 1204 eripuisse
1099 1159 1262 1202 scribitur,
1290 1164 1390 1203 atque
1401 1156 1425 1176 ⁵⁵
1447 1160 1621 1194 interfecto
1646 1160 1756 1194 Aman
1768 1155 1802 1200 ⁵⁷,
1830 1159 1887 1202 qui
1913 1159 2016 1191 inter-

65 1216 214 1255 pretatur
241 1210 393 1254 iniquitas
405 1207 448 1252 ³¹⁹,
476 1210 543 1243 diei
570 1211 744 1244 celebritas
770 1211 804 1243 in
831 1215 983 1255 posteros
1012 1211 1158 1244 mittitur.

228 1261 288 1294 30.
339 1262 443 1295 Liber
469 1259 613 1295 autem⁵⁹
631 1261 821 1305 Sapientiae
843 1261 936 1305 apud
957 1262 1132 1294 Hebraeos
1154 1272 1316 1305 nusquam
1345 1266 1403 1302 est,
1430 1261 1520 1294 unde
1549 1266 1581 1294 et
1607 1262 1680 1306 ipse
1706 1260 1820 1294 titulus
1846 1259 2014 1294 Graecam

64 1313 427 1357 magiseloquentiam
460 1313 602 1345 redolet.
655 1313 756 1346 Hunc
790 1312 906 1345 ludaei
933 1305 1084 1345 Philonis
1118 1324 1187 1345 esse
1214 1313 1397 1356 affirmant,
1438 1313 1494 1356 qui
1527 1313 1672 1357 proinde
1698 1308 1924 1357 Sapientiae⁶⁰
1951 1323 2014 1344 no-

63 1365 223 1406 minatur,
269 1364 348 1408 quia
380 1365 413 1396 in
447 1375 489 1397 eo
524 1363 649 1398 Christi
683 1364 862 1406 adventus,
903 1364 960 1407 qui
1001 1369 1048 1397 est
1088 1364 1248 1408 sapientia
1272 1364 1394 1407 Patris,
1439 1369 1472 1397 et
1498 1365 1608 1409 passio
1645 1364 1713 1398 eius
1749 1363 1919 1396 evidenter
1953 1374 2013 1396 ex-

63 1416 225 1461 primitur.

228 1465 287 1499 31.
339 1465 479 1498 Librum
506 1470 617 1499 autem
644 1465 917 1499 Ecclesiasticum
941 1465 1120 1499 certissime
1146 1465 1236 1499 Iesus
1270 1465 1357 1498 filius
1391 1465 1511 1499 Sirach
1538 1465 1801 1510 Hierosolymita
1827 1476 1934 1510 nepos
1958 1465 2014 1498 Ie—

62 1529 99 1551 su
109 1513 133 1534 ⁵¹
156 1518 338 1551 sacerdotis
364 1517 478 1562 magni
505 1517 713 1561 composuit,
741 1517 784 1550 de
811 1528 880 1560 quo
893 1514 918 1534 ⁶²
944 1517 1093 1550 meminit
1120 1523 1152 1550 et
1162 1514 1187 1535 ⁰³
1213 1517 1405 1558 Zacharias,
1432 1518 1489 1562 qui
1503 1518 1589 1551 liber
1610 1517 1703 1563 apud
1719 1517 1858 1550 Latinos
1872 1521 2014 1562 propter

61 1570 188 1614 eloquii
199 1566 224 1586 ‘⁵⁴
250 1568 496 1601 similitudinem
524 1568 714 1602 Salomonis
739 1573 956 1613 praenotatur
968 1565 1002 1601 ⁶⁵.

60 1671 251 1705 versationis
279 1683 403 1716 magna
423 1683 504 1706 cura
531 1676 565 1706 et
590 1671 717 1705 ratione
743 1672 783 1705 sit
809 1672 926 1706 editus.

59 1723 209 1769 cryphos
232 1723 384 1758 habetur.

60 1825 118 1854 Gu.
139 1826 170 1854 2.
190 1839 232 1845 —
247 1834 362 1852 omnem
384 1829 496 1852 textum
517 1825 565 1853 vel
585 1824 772 1864 eloquentiae
788 1824 824 1854 al.
847 1841 881 1846 —
902 1823 940 1853 al.
955 1834 1012 1852 om.

59 1872 172 1894 textum
203 1866 398 1904 eloquentiae.
430 1883 466 1888 -
502 1866 549 1907 33)
573 1879 647 1896 suae
676 1867 780 1896 addidi
803 1878 818 1896 e
842 1867 898 1895 Gu.
922 1870 948 1898 1.
970 1882 1012 1888 —

59 1909 230 1947 eloquentia
254 1910 303 1937 Ar.
328 1925 365 1930 —
389 1907 435 1949 34)
455 1911 520 1937 eiu-s
544 1910 600 1940 Gu.
618 1913 644 1941 1.
661 1926 703 1932 —
726 1921 796 1938 cum
813 1911 948 1937 trimetro
965 1909 1014 1937 vel

58 1951 174 1980 threnis
188 1952 255 1979 suis
270 1961 366 1980 va.—
378 1962 446 1979 cum
470 1954 602 1981 trimetro
616 1952 671 1981 sed
687 1953 781 1982 thren.
796 1953 854 1982 Gu.
865 1955 894 1984 2.
908 1968 947 1974 -
964 1950 1011 1991 35)

59 1993 145 2034 quod
167 1994 223 2022 Gu.
242 1997 269 2024 1.
291 2010 329 2015 —
352 1996 400 2031 36)
416 1995 464 2023 Sic
485 1995 541 2023 Gu.
559 1998 586 2027 1.
607 1998 636 2027 2.
652 1995 690 2025 al.
705 2006 750 2035 pr.
765 2012 806 2017 —
823 1994 1013 2034 quadruplex

59 2037 139 2076 vulg.
154 2052 196 2059 —
218 2038 265 2074 37)
287 2036 335 2065 sic
350 2036 406 2065 Gu.
426 2039 451 2067 1.
470 2053 506 2059 —
524 2040 693 2077 composuit
715 2039 795 2077 vulg.
821 2057 858 2061 —
882 2038 930 2075 38)
942 2039 1011 2076 pri-

59 2089 110 2107 ma
129 2090 187 2108 om.
214 2079 271 2107 Gu.
294 2082 322 2111 2.
341 2095 384 2101 —
404 2077 452 2119 39)
471 2082 611 2109 ver-siculi
633 2082 690 2110 Gu.
708 2084 736 2111 1.
762 2097 804 2103 —-
825 2078 872 2122 40)
888 2081 936 2108 Sic
953 2081 1009 2110 Gu.

60 2124 142 2153 1.-
163 2121 315 2150 concludit
338 2122 393 2150 Gu.
409 2124 438 2152 2.
457 2132 501 2160 pr.
523 2123 572 2152 Ar.
593 2141 632 2146 —
655 2123 842 2152 concludunt
864 2124 945 2161 vulg.
972 2139 1007 2144 —

57 2162 106 2247 41)
127 2164 175 2192 Sic
197 2165 254 2194 Gu.
271 2167 297 2195 1.
315 2166 344 2196 2.
364 2174 410 2203 pr.
428 2174 476 2194 va.
497 2164 548 2193 Ar.
571 2183 610 2189 —
634 2168 836 2205 conscriptum
865 2167 945 2203 vulg.
971 2182 1007 2187 --

57 2206 92 2234 42
129 2207 214 2245 Vulg.
232 2218 252 2235 a
269 2208 376 2243 ternis,
399 2207 450 2235 sed
474 2217 610 2246 praepos.
633 2219 688 2237 om.
706 2210 762 2238 Gu.
780 2212 808 2241 1.
827 2226 869 2231 —
889 2208 935 2246 43)
954 2210 1009 2236 iis-

58 2247 126 2277 dem
141 2249 191 2278 Ar.
212 2266 247 2271 —
268 2248 304 2277 id
326 2255 368 2278 est
390 2249 446 2277 Gu.
468 2253 494 2280 1.
509 2253 537 2282 2.
554 2250 591 2278 al.
612 2260 658 2289 pr.
681 2261 728 2280 va.
750 2268 792 2274 —
812 2252 859 2288 44)
884 2252 933 2279 Sic
949 2251 1006 2280 Gu.

60 2294 87 2323 1.
106 2308 148 2314 —·
165 2302 270 2321 versus
292 2294 370 2320 terni
382 2293 463 2330 vulg.
482 2309 524 2315 —
547 2295 641 2320 ternis
656 2303 703 2322 va.
727 2309 764 2315 —
786 2295 830 2327 45)
846 2295 887 2323 Ec
901 2293 1006 2323 Ezeclz.

58 2334 115 2364 Gu.
140 2336 171 2366 2.
193 2351 235 2357 -
256 2334 305 2373 46)
318 2335 366 2363 Sic
392 2336 449 2363 Gu.
468 2338 495 2366 1.
513 2352 545 2356 —
569 2346 662 2374 regna
687 2335 768 2364 orbis
791 2336 845 2365 Gu.
857 2340 887 2368 2.
902 2347 949 2375 pr.
961 2347 1006 2367 va.

58 2376 108 2406 Ar.
129 2394 163 2398 —
191 2377 331 2415 orbesque
345 2377 380 2406 al.
400 2394 435 2398 —-
465 2377 550 2416 Vulg.
568 2389 662 2415 regnu
685 2378 801 2408 mundi.
822 2396 863 2400 ——
892 2381 939 2414 47)
957 2379 1006 2407 Sic

57 2419 118 2448 Gu.
137 2421 163 2451 1.
182 2436 223 2441 —
245 2419 331 2459 Vulg.
344 2420 434 2449 Liber
450 2442 457 2451 .
475 2441 482 2450 .
501 2442 509 2450 .
526 2442 533 2449 .
551 2427 763 2460 praenotatur.
779 2438 815 2443 ·-—
834 2421 920 2460 Vulg.
937 2421 1004 2453 add.

225 1620 284 1653 32.
339 1620 455 1653 Dictus
481 1625 592 1653 autem
615 1620 887 1662 Ecclesiasticus,
922 1632 963 1654 eo
992 1619 1086 1664 quod
1121 1619 1165 1653 de
1191 1620 1292 1652 totius
1325 1619 1486 1654 ecclesiae
1519 1619 1697 1665 disciplina
1723 1618 1903 1664 religiosae
1928 1629 2011 1653 con-

978 1672 1046 1706 Hic
1079 1675 1112 1705 et
1145 1671 1238 1716 apud
1264 1667 1475 1705 Hebraeos⁶⁶
1500 1672 1683 1717 reperitur,
1719 1670 1780 1704 sed
1814 1670 1898 1704 inter
1925 1681 2010 1715 apo-

1056 1829 1173 1862 autem,
1199 1822 1279 1862 quod
1307 1833 1365 1854 orn.
1395 1823 1451 1852 Gu.
1476 1825 1502 1855 1.
1519 1825 1547 1856 2.
1574 1823 1623 1853 Ar.
1649 1838 1691 1844 —
1732 1821 1781 1860 48)
1809 1821 2009 1851 duodecimus

1056 1867 1113 1896 Gu.
1129 1869 1158 1897 2.
1181 1883 1223 1888 —
1251 1865 1297 1906 49)
1313 1868 1434 1905 pariter
1452 1866 1490 1894 al.
1510 1883 1549 1887 —
1579 1867 1627 1903 50)
1644 1865 1701 1896 Vv.
1732 1876 1862 1905 quorum
1884 1867 2009 1894 nomina

1055 1915 1127 1937 sunt
1151 1920 1210 1938 om.
1233 1909 1272 1939 al.
1295 1925 1337 1931 —
1367 1909 1413 1948 51)
1438 1909 1532 1937 oseas
1554 1909 1625 1938 edit.
1648 1907 1740 1938 Goth.
1762 1925 1804 1931 —
1833 1906 1881 1950 52)
1903 1914 1929 1936 et
1952 1919 2007 1937 orn.

1054 1962 1100 1981 va.
1123 1968 1166 1974 —
1193 1953 1241 1991 53)
1264 1951 1313 1980 Sic
1338 1951 1395 1980 Gu.
1416 1954 1442 1982 1.
1465 1968 1507 1973 —
1527 1957 1610 1980 textu
1632 1951 1713 1990 vulg.
1737 1967 1778 1973 —
1808 1951 1856 1986 54)
1880 1962 1959 1979 unus
1981 1957 2008 1979 et

1054 1994 1146 2024 Esdr.
1173 1995 1229 2024 Gu.
1242 1997 1269 2026 1.
1291 2010 1328 2016 —
1353 1994 1400 2031 55)
1418 1995 1593 2033 apocripha
1608 1994 1646 2023 al.
1661 2011 1699 2016 --
1722 1994 1771 2031 56)
1788 1999 1815 2022 et
1828 2003 1873 2023 va.
1895 2010 1938 2016 —
1958 1995 2006 2032 57)

1052 2038 1136 2066 hoste
1166 2048 1257 2066 aman
1280 2037 1319 2067 al.
1346 2053 1389 2059 --
1427 2037 1476 2075 53)
1498 2039 1638 2076 nequitia
1660 2037 1698 2066 al.
1730 2041 1761 2066 et
1782 2047 1843 2067 var.
1868 2036 1935 2065 lect.
1958 2046 2005 2075 ap.

1054 2080 1142 2109 Goth.
1163 2097 1207 2102 —
1229 2078 1278 2121 59)
1301 2085 1403 2108 autem
1425 2079 1528 2109 addidi
1551 2091 1566 2110 e
1590 2081 1646 2110 Gu.
1664 2083 1692 2111 1.
1717 2095 1755 2100 -
1782 2080 1830 2116 60)
1847 2079 2005 2118 Sapientia

1054 2124 1112 2153 Gu.
1128 2126 1153 2154 1.
1176 2141 1214 2146 -—
1241 2124 1295 2162 qui
1316 2122 1389 2151 libri
1410 2133 1457 2152 va.
1479 2139 1513 2144 --
1535 2120 1582 2162 61)
1604 2123 1678 2153 Ielzu
1700 2122 1756 2151 Gu.
1776 2123 1803 2153 1.
1826 2138 1866 2143 —-
1891 2122 1938 2160 152)
1955 2121 2004 2149 Sic

1055 2166 1108 2195 Gu.
1128 2170 1154 2198 1.
1170 2169 1198 2198 2.
1221 2182 1263 2187 -
1286 2167 1375 2193 cuius
1398 2165 1480 2204 vulg.
1501 2182 1543 2188 —
1567 2164 1616 2207 63)
1642 2171 1668 2194 et
1690 2163 1793 2194 addidi
1815 2173 1831 2193 e
1854 2164 1910 2192 Gu.
1930 2167 1958 2195 1.
1974 2165 2002 2195 2.

1054 2225 1092 2230 —
1117 2209 1163 2245 64)
1186 2209 1274 2237 illius
1296 2207 1363 2237 add.
1387 2207 1443 2238 Gu.
1465 2210 1495 2239 2.
1518 2224 1561 2231 —·
1590 2207 1636 2247 65)
1660 2208 1740 2247 vulg.
1765 2206 1937 2236 Salomonis
1958 2206 2000 2232 tl-

1050 2251 1130 2287 tulo,
1154 2251 1204 2280 sed
1227 2250 1377 2291 posterius
1402 2250 1506 2279 vocab.
1529 2262 1586 2280 om.
1610 2251 1666 2281 Gu.
1684 2253 1710 2282 1.
1733 2251 1834 2278 Recte.
1855 2249 1907 2277 Est
1924 2247 1999 2276 enim

1049 2294 1348 2333 interpretamentum
1363 2293 1487 2332 genitivi
1503 2295 1685 2331 Salomonis,
1702 2293 1752 2332 qui
1764 2290 1906 2330 significat
1921 2299 1998 2328 qua-

1050 2338 1078 2364 si
1099 2337 1173 2364 talis
1196 2338 1288 2374 liber,
1311 2338 1364 2375 qui
1386 2337 1427 2363 sit
1448 2337 1631 2368 Salomonis.
1656 2352 1692 2358 —
1717 2338 1762 2370 66)
1780 2334 1829 2362 Sic
1851 2333 1905 2361 Gu.
1924 2335 1995 2363 1.·-

1051 2380 1114 2408 Hic
1138 2379 1213 2409 liber
1237 2379 1325 2419 apud
1347 2377 1440 2409 Hehr.
1463 2380 1544 2419 vulg.
