2255 2819
197 109 270 144 100

196 208 302 240 tempus
325 198 441 229 finitivi1
473 198 501 228 in
523 208 566 227 am
589 196 659 231 exit,
683 200 709 225 ut
731 204 868 235 premam;
900 192 1061 234 imperativa
1084 193 1111 223 in
1133 203 1145 221 e

196 245 305 274 literam
329 241 435 277 faeit2‚
469 246 495 271 ut
524 249 633 281 preme:
665 237 707 267 cui
729 236 851 277 adpones
873 247 900 266 re
921 236 1033 271 literas,
1058 242 1084 265 et
1107 235 1144 264 fa-

197 287 255 316 cies
285 284 458 318 infinitivum,
496 289 521 312 ut
550 289 689 321 premere.
746 279 847 310 Rursus
880 279 908 309 in
938 278 1011 308 tertii
1041 277 1147 308 ordinis

198 327 286 358 verbo
317 326 430 357 futurum
453 324 546 353 finitivi
571 322 624 351 hoe
655 320 763 358 differt,
788 321 860 360 quod
884 321 911 352 in
938 321 1027 361 primo
1056 327 1083 351 et
1104 329 1146 349 so-

199 370 287 401 cundo
318 369 415 399 ordine
453 369 482 395 bo
510 364 591 400 facit,
626 364 653 394 in
683 365 764 395 tertio
794 374 863 394 vero
892 374 944 404 per
974 374 1027 393 am.
1082 362 1149 392 Item

198 412 343 453 optativa³
372 420 423 450 per
447 419 509 445 am,
539 407 707 437 subiunctiva
739 417 806 437 vero
836 417 887 447 per
915 417 959 443 ro,
989 405 1061 435 velut
1090 404 1148 434 fini-

198 454 296 486 tiva4:
331 462 466 493 premam,
503 460 600 490 agam,
632 449 728 480 dicam.
781 448 928 489 Optativa,
960 454 986 478 ut
1017 458 1147 488 premam,

200 507 295 536 agam,
327 494 422 524 dicam.
467 492 660 527 Subiuncfiva,
690 502 750 521 cum
772 492 945 532 pressero5‚
974 501 1078 532 egero,
1110 489 1149 518 di-

200 548 278 569 xero.
323 535 484 566 Meminisse
506 540 595 564 autem
618 534 750 565 debemus
777 544 871 564 eorum
893 533 1056 568 verborum,
1081 541 1151 573 quae

201 586 260 610 sunt
282 579 355 609 tertii
378 577 482 608 ordinis
512 577 564 607 duo
586 587 691 616 genera
720 587 790 606 esse.
838 576 923 606 Unum
950 586 1060 610 eornm,
1086 585 1150 614 quo-

202 633 260 654 rum
297 620 415 651 secunda
451 630 571 660 persona
601 619 721 649 ίίιιὶιίιί6
751 629 802 660 per
831 622 854 648 is
883 618 980 649 literas
1010 623 1151 657 correptas

202 663 375 699 terminatur,
406 662 504 692 velut⁷
538 672 610 703 ag0‚
646 661 722 703 agis3
754 660 869 691 alterum
899 671 1007 697 eorum,
1039 669 1152 700 quorum

203 718 256 747 per
276 710 298 734 z's
319 705 412 735 literas
434 704 580 745 productas
604 705 770 739 terminatur,
795 709 822 733 ut
840 703 942 739 servio,
963 703 1059 733 servis.
1095 700 1153 731 Sed

204 755 322 789 excepto
345 754 469 788 tempore
492 752 519 776 et
541 746 719 787 productione
742 746 898 781 literarum,
930 756 980 786 per
1002 751 1083 774 totam
1107 743 1154 772 de-

206 791 381 821 clinationem
403 789 490 819 isdem
505 789 518 806 ⁸
546 788 633 819 literis
654 789 846 823 terminantur,
872 798 957 828 quaro
980 788 1006 817 in
1030 797 1082 816 uno
1111 796 1153 815 or-

207 833 270 863 dine
302 843 335 862 ea
360 831 489 871 copulare
518 841 571 860 non
594 830 775 860 dubitabimus
787 832 810 861 ⁹.
862 830 1011 860 Praeterea
1036 828 1154 858 animad-

206 874 366 906 vertendum
398 879 453 908 est,
495 873 673 912 praeteritum
706 872 893 912 imperfectum
926 882 1019 902 eornm
1056 869 1155 900 verbo-

206 929 265 948 rum
277 917 314 952 ¹⁰,
338 925 408 956 quae
430 921 488 944 sunt
511 914 583 944 tertii
605 915 708 944 ordinis
724 925 759 945 ex
777 915 864 955 prima
881 925 999 954 persona
1015 913 1108 942 finitivi
1120 912 1156 947 ¹¹,

207 970 278 1000 quae
301 969 351 999 per
372 961 396 986 io
420 957 514 986 literas
536 957 720 992 terminantur,
744 967 855 995 semper
870 967 921 996 per
939 959 962 984 τέ
984 956 1079 985 literas
1100 964 1156 983 me-

209 1002 268 1031 dias
291 999 442 1033 terminari,
473 998 587 1027 ι’θΙιιῐ12
616 998 704 1032 faci0,
734 997 884 1032 faciebam,
917 1004 944 1027 et
966 997 1072 1027 similia.
1123 996 1157 1025 Et

209 1044 273 1074 ideo
295 1052 397 1072 Summo
426 1050 526 1069 errore
555 1046 670 1079 aguntur
683 1039 724 1075 ¹³,
756 1039 801 1080 qui
831 1039 968 1070 servibam
991 1045 1017 1069 et
1045 1037 1157 1068 sem-ibo

208 1086 307 1119 dicunt,
331 1083 402 1124 quod
424 1082 586 1112 observatur
609 1083 636 1112 iu
659 1081 701 1110 his
724 1082 826 1117 verbi&
851 1092 921 1122 quae
944 1082 1030 1121 quarti
1053 1080 1157 1111 ordinis

209 1138 270 1158 esse
293 1126 433 1156 delinimus
447 1124 483 1153 ¹⁴.
530 1124 587 1154 Sed
611 1135 659 1154 eos
683 1123 750 1153 fallit
773 1124 892 1154 secunda
913 1134 1031 1163 persona
1050 1122 1155 1158 finitivi,

207 1168 288 1199 simili
304 1175 426 1208 tempore
450 1172 476 1196 et
498 1166 676 1207 productione
699 1165 786 1196 isdem
802 1167 827 1185 ¹⁵
851 1170 873 1196 is
896 1166 981 1196 literis
1003 1165 1155 1200 terminata,

208 1211 339 1241 videlicet
361 1220 414 1239 non
434 1208 633 1250 perspicientes
646 1208 808 1248 16’ρι-ἰιιιειιιι
832 1219 977 1250 personam
1002 1207 1089 1249 quarti
1112 1218 1155 1237 or-

207 1253 277 1283 dinis
307 1252 406 1292 ubique
433 1262 485 1292 per
512 1255 537 1280 io
559 1251 726 1280 terminatam
757 1251 860 1282 ordinis
887 1251 1087 1282 distinctionem
1109 1249 1156 1280 de-

206 1294 413 1335 clinationi-sque
436 1293 620 1324 differentiam
640 1292 742 1325 facere.

639 1384 728 1450 vm.

374 1490 553 1520 Declinatio
584 1489 710 1519 τεν-ΜΠ
734 1487 853 1519 ordinis
881 1489 996 1528 quarti.

119 1423 202 1463 [149]
224 1420 239 1463 ll

273 1578 298 1606 1.
323 1574 445 1605 Verbum
468 1573 570 1604 ordinis
593 1573 681 1613 quarti
703 1573 819 1604 activum
842 1579 868 1604 et
891 1573 1028 1614 passivum
1048 1570 1159 1606 finitum,

209 1618 338 1657 temporis
371 1616 506 1651 instantis,
542 1616 646 1645 numeri
674 1615 821 1655 singularis
844 1621 871 1647 et
899 1615 1020 1656 pluralis.
1070 1614 1161 1644 Λεὼ-ἰ

211 1666 346 1689 instantis:

272 1710 379 1745 Audio,
404 1708 498 1745 audis,
523 1709 605 1740 audit.

212 1751 247 1780 Et
268 1751 420 1790 pluraliter:
443 1751 578 1788 audimus,
602 1750 716 1787 auditis,
739 1749 854 1782 audiunt.

214 1792 360 1822 Praeteriti
382 1793 549 1834 imperfecti:
573 1793 729 1825 audiebam.

215 1833 335 1864 Perfecti
349 1835 388 1863 ¹⁸:
411 1836 509 1866 audivi.

214 1875 486 1916 I'lusquamperfecti:
510 1879 677 1912 audiveram.

216 1918 325 1950 Futuri:
350 1917 463 1948 audiam.

286 2019 314 2048 1)
344 2018 451 2043 Finitivi
482 2027 496 2043 e
521 2019 587 2047 Cod.
615 2019 740 2053 accessit,
766 2018 809 2044 ubi
830 2018 906 2051 finit.
934 2017 1087 2052 compendio
1114 2026 1164 2043 scr.

218 2052 246 2081 2)
269 2051 382 2077 Lucrum
404 2057 427 2076 et
439 2053 509 2084 sarit
530 2053 595 2079 Cod.
626 2055 751 2079 Fortasse
772 2054 907 2086 legendum
925 2054 1014 2087 efficit.
1086 2054 1115 2085 3)
1133 2054 1165 2076 ί)-

216 2087 323 2119 ptativa
335 2087 444 2118 finitiva
470 2087 548 2112 Fabr.
570 2087 598 2111 Ι).
619 2089 726 2119 finitiva
746 2097 795 2113 om.
816 2088 867 2113 Ed.
886 2097 926 2120 pr.
947 2089 1011 2113 eod.
1081 2088 1110 2119 4)
1129 2087 1162 2112 Ut

212 2120 322 2153 finitiva
349 2120 417 2145 Edd.
470 2120 536 2146 Tum
569 2123 655 2146 statim
683 2128 711 2148 ut
736 2130 855 2156 premam
886 2122 968 2147 Fabr.
996 2123 1025 2146 P.
1061 2126 1090 2146 ut
1116 2131 1166 2146 οιιι.

220 2154 284 2179 Cod.
319 2154 370 2179 Ed.
395 2163 435 2187 pr.
558 2156 586 2185 5)
612 2154 644 2180 Ut
668 2165 726 2181 cum
751 2165 884 2190 pressero,
918 2158 1009 2189 legero
1040 2155 1109 2183 Edd.
1130 2156 1164 2181 Ο.

219 2198 280 2214 cum
300 2196 420 2221 pressero
444 2197 523 2221 egero
553 2188 618 2213 Cod·
645 2197 694 2216 om.
718 2195 758 2216 ut.
876 2192 904 2223 6)
930 2191 1047 2216 Persona
1063 2190 1165 2222 finitivi

221 2231 288 2256 Cod.
306 2230 407 2263 finitivi
432 2238 482 2255 om.
502 2231 571 2255 Edd.
591 2231 625 2257 O.
663 2231 781 2257 Ceterum
808 2233 833 2258 in
852 2233 903 2259 Ed.
924 2242 964 2266 pr.
985 2234 1099 2258 (luorum
1118 2242 1164 2266 pro

222 2274 345 2297 quotum.
450 2265 479 2295 7)
504 2264 581 2289 Velut
609 2265 675 2290 Cod.
703 2270 730 2290 ut
751 2267 818 2292 Edd.
922 2269 950 2296 8)
970 2268 1078 2292 Itisdcm
1100 2268 1164 2292 cod.

222 2300 274 2326 Ed.
298 2309 337 2332 pr.
363 2299 453 2323 iisdem
480 2298 561 2324 Febr.
586 2299 615 2323 P.
656 2299 727 2332 Lege
750 2300 839 2325 isdem.
944 2304 975 2333 9)
1003 2302 1166 2327 Dubitamus

222 2334 292 2359 Edd.
312 2334 346 2358 O.
373 2333 552 2358 dubitabimus
575 2332 641 2359 Cod.
749 2335 793 2364 10)
817 2335 959 2360 Verborum
981 2346 1071 2361 eorum
1095 2336 1164 2361 Edd.

224 2368 255 2392 Ο.
288 2376 376 2394 corum
405 2369 539 2393 uerborum
571 2367 635 2392 Cod.
750 2368 794 2399 11)
822 2368 902 2393 Finit.
927 2370 993 2397 Cod.
1019 2372 1081 2402 finit
1109 2371 1165 2397 siue

850 102 933 136 FL.
975 100 1169 136 SOSIP.
1214 98 1517 136 CHARISII

1180 192 1215 222 Et
1236 191 1346 233 passiva
1356 192 1397 221 ¹⁹:
1426 190 1535 227 audior,
1561 190 1642 226 diris,
1667 188 1753 225 ditur,
1776 187 1914 226 audimur,
1937 187 2019 225 mini,
2044 193 2128 219 untur.

1181 234 1285 264 l‘assivi
1304 233 1472 274 imperfecti:
1495 233 1635 264 audiebar.

1182 275 1286 307 Passivi
1310 275 1443 316 perfecti:
1467 276 1572 306 auditus
1594 287 1668 311 sum,
1693 274 1738 305 fui.

1183 317 1459 359 l'lusquamperfecti:
1483 317 1587 348 auditus
1609 329 1700 355 eram,
1724 316 1837 348 fueram.

1183 362 1292 393 Futuri:
1317 361 1421 391 audiar.

1247 411 1408 453 lmperativi
1431 410 1557 442 instantis
1579 411 1673 443 activi:
1697 411 1769 443 audi.

1185 455 1293 486 Futuri:
1316 455 1408 484 audito
1430 461 1472 490 tu,
1498 453 1553 484 ille.

1247 496 1370 537 Optativi
1395 496 1517 526 instantis
1537 500 1563 526 et
1587 500 1674 535 praet.
1697 495 1864 538 imperfecti:
1888 501 1915 528 ut
1934 495 2066 528 audirem.

1187 539 1320 570 l‘erfecti:
1344 546 1370 570 ut
1393 539 1536 569 audierim.

1187 583 1330 623 plusquam
1351 581 1484 622 perfecti:
1508 586 1535 611 ut
1557 579 1732 611 audivissem.

1187 625 1296 656 Futuri:
1321 630 1346 654 ut
1369 624 1484 654 audiam.

1188 666 1357 697 Subiunctivi
1381 666 1514 697 instantis:
1540 676 1601 696 cum
1623 665 1740 696 audiam.

1189 708 1333 739 Praeteriti
1353 708 1522 749 imperfecti:
1543 719 1601 738 cum
1625 707 1759 738 audirem.

1188 751 1320 781 Perfecti:
1347 762 1405 781 cum
1425 751 1567 781 audierim.

1190 793 1465 834 l‘lusquamperfecti:
1491 804 1549 823 cum
1573 792 1746 822 audivissem.

1190 836 1299 866 Futuri:
1326 847 1383 865 cum
1406 836 1532 865 audiero.

1250 877 1407 918 Imperatiri
1431 878 1532 918 passivi
1555 875 1690 908 instantis:
1715 874 1819 907 audire.

1191 920 1300 951 Futuri:
1325 920 1432 950 auditor
1456 925 1501 956 tu,
1530 920 1585 950 ille.

1255 971 1375 1010 Optativi
1398 971 1518 1001 instantis
1542 977 1567 1000 et
1588 976 1675 1011 praet.
1699 967 1869 1010 imperfecti:
1892 972 1920 998 ut
1942 966 2060 999 audirer.

1192 1013 1325 1044 Perfecti:
1349 1020 1374 1043 ut
1398 1014 1503 1043 auditus
1521 1013 1587 1047 sim,
1613 1012 1718 1042 fuerim.

1191 1055 1467 1096 l'lusquamperfecti:
1491 1066 1549 1085 cum
1572 1054 1677 1085 auditus
1699 1063 1804 1090 essem,
1829 1053 1947 1084 fuissem.

1191 1098 1301 1129 Futuri:
1324 1098 1427 1128 audiar.

1256 1148 1425 1178 Subiunctivi
1448 1147 1570 1178 instantis
1589 1147 1733 1187 temporis:
1757 1156 1817 1176 cum
1839 1145 1945 1177 audiar.

1191 1191 1338 1222 Praeteriti
1362 1190 1530 1231 imperfecti:
1557 1200 1615 1219 cum
1637 1189 1757 1218 audirer.

1192 1232 1368 1263 Perfecti²⁰z
1393 1244 1451 1262 cum
1474 1232 1578 1262 auditus
1601 1231 1667 1266 sim,
1693 1230 1799 1260 fuerim.

1193 1276 1335 1315 plusquam
1358 1275 1496 1316 perfecti:
1520 1285 1578 1304 cum
1601 1273 1705 1303 auditus
1729 1282 1834 1307 essem,
1859 1270 1979 1303 fuissem.

1194 1319 1303 1350 Futuri:
1327 1329 1385 1347 eum
1408 1317 1513 1347 auditus
1536 1326 1602 1351 ero,
1627 1315 1714 1346 fuero.

1256 1368 1389 1398 Infinitiva
1411 1367 1533 1398 instantis
1553 1366 1642 1396 activa
1654 1366 1698 1395 ²¹:
1719 1364 1824 1397 audire.

1197 1410 1356 1441 Praeteriti:
1381 1410 1498 1440 audisse.

1196 1454 1306 1484 Futuri:
1331 1453 1449 1482 auditum
1472 1453 1528 1487 ire,
1552 1456 1594 1480 aut
1617 1449 1766 1480 auditurum
1793 1460 1862 1480 esse.

1196 1495 1301 1525 Infinita
1325 1494 1432 1536 passiva
1460 1493 1589 1534 temporis
1616 1492 1753 1522 instantis:
1776 1492 1873 1523 audiri.

1196 1537 1355 1568 Praeteriti:
1377 1537 1493 1566 auditum
1517 1545 1587 1565 esse.

1208 1580 1222 1622 Η
1240 1580 1346 1611 Futuri:
1372 1579 1488 1609 auditum
1512 1578 1555 1608 iri.

1196 1622 1344 1662 l‘articipia
1365 1621 1472 1661 passiva
1495 1617 1652 1661 praeteriti:
1676 1617 1788 1648 auditus.

1196 1665 1305 1697 Futuri:
1329 1663 1487 1693 audiendus.

1195 1706 1370 1747 Appellatio:
1394 1705 1506 1735 auditio.

1195 1750 1318 1780 Nomen:
1342 1747 1458 1777 auditor.

1199 1791 1346 1831 Participia
1368 1790 1449 1820 activi
1473 1787 1609 1823 instantis;
1632 1785 1751 1817 audiens.

1198 1833 1307 1864 Futuri:
1329 1833 1474 1862 auditurus.

1198 1875 1302 1916 Supina
1325 1875 1430 1909 activa,
1455 1878 1498 1904 aut
1508 1872 1539 1891 ²2
1561 1869 1707 1903 adverbia:
1730 1868 1872 1908 audiendi,
1897 1871 1948 1908 do,
1972 1871 2041 1902 dum.

1198 1916 1326 1947 Passiva:
1354 1916 1487 1953 auditum,
1511 1914 1608 1946 auditu.

2138 1567 2237 1618 χ[150]

1201 2020 1298 2052 puncto
1324 2017 1444 2051 apposito
1470 2016 1523 2041 Ed.
1545 2023 1584 2049 pr.
1607 2015 1672 2048 ficri
1696 2015 1775 2041 Fabr.
1800 2014 1831 2040 P.
1944 2015 1988 2048 12)
2019 2013 2052 2040 Ut
2078 2014 2148 2043 Edd.

1200 2055 1272 2078 ἰἰ-Ιιιι
1297 2052 1363 2077 Cod.
1478 2052 1521 2079 13)
1550 2051 1717 2082 <Ait-guantur
1747 2049 1828 2074 Fabr.
1854 2048 1885 2074 P.
1919 2053 2046 2082 aguntur
2079 2049 2147 2077 eod.

1201 2088 1253 2112 Ed.
1273 2096 1313 2120 pr.
1406 2086 1450 2113 14)
1471 2084 1626 2117 D1ffinimus
1650 2085 1715 2109 Cod.
1734 2083 1785 2109 Ed.
1807 2091 1846 2117 pr.
1875 2083 2041 2115 definivimus
2066 2084 2149 2109 Fabr-

1202 2122 1233 2147 P.
1339 2122 1387 2149 15)
1414 2120 1497 2145 Isdem
1526 2119 1591 2143 Cod.
1621 2119 1673 2144 Ed.
1704 2127 1746 2152 pr.
1776 2121 1856 2142 recte.
1890 2117 1979 2143 iisdem
2008 2117 2089 2144 Fabr.
2117 2118 2149 2142 P.

1204 2157 1248 2187 16)
1271 2156 1461 2188 Prospicientis
1484 2153 1553 2178 Edd.
1574 2154 1607 2178 Ο.
1631 2153 1820 2186 perspicientes
1842 2151 1909 2176 Cod.
2004 2153 2049 2181 17)
2073 2151 2150 2177 Verbi

1201 2191 1312 2216 accessit
1331 2199 1361 2215 ex
1380 2189 1444 2214 eod.
1466 2193 1492 2213 et
1510 2187 1560 2212 Ed.
1579 2197 1619 2221 pr.
1727 2187 1769 2217 18)
1789 2186 1931 2211 Praeteriti
1949 2187 2062 2220 perfecti
2078 2186 2148 2212 Edd.

1201 2233 1234 2258 O.
1324 2233 1368 2264 19)
1389 2232 1425 2256 Et
1448 2240 1512 2264 pass
1535 2230 1598 2262 (sic)
1617 2230 1683 2256 Cod.
1721 2230 1758 2254 Et
1779 2230 1889 2262 passiva
1913 2228 1981 2253 Edd.
2019 2227 2048 2253 In
2072 2234 2146 2259 seqq.

1201 2267 1332 2292 modorum
1360 2266 1461 2291 nomina
1486 2267 1512 2290 in
1537 2265 1606 2291 Edd.
1632 2265 1783 2298 plerumque
1810 2263 1961 2289 accusativo
1988 2263 2054 2288 elata
2078 2266 2147 2285 sunt.

1201 2303 1247 2331 20)
1268 2301 1408 2326 Praeteriti
1430 2300 1540 2333 pcaefecli
1564 2299 1634 2324 Edd.
1654 2299 1688 2324 Ο.

1202 2336 1298 2361 activa.
1335 2335 1380 2360 Sic
1398 2335 1464 2361 Cod.
1490 2341 1515 2361 et
1533 2334 1603 2360 Edd.
1626 2334 1674 2359 hoc
1699 2333 1765 2359 loco.

1202 2370 1265 2395 Cod.

1793 2300 1840 2331 21)
1864 2297 1998 2329 Infinitiuu
2024 2295 2149 2320 instantis

1873 2333 1920 2363 22)
1948 2331 1981 2357 Ue
2005 2329 2073 2354 Edd.
2099 2333 2147 2353 aut
