2264 2830
784 89 1031 126 ORIGINUM
1057 91 1202 126 LIBER
1228 93 1353 128 xvm.
1979 91 2056 128 579

271 189 305 223 2.
359 188 656 233 Amphitheatrum
683 187 828 226 dictum,
875 186 968 229 quod
997 197 1036 218 ex
1064 186 1195 220 duobus
1221 187 1357 220 theatris
1389 186 1429 219 sit
1454 185 1590 220 facturn.
1652 184 1738 217 Nam
1770 183 2055 230 amphitheatrum

108 241 287 276 rotundum
315 246 380 281 est,
407 241 573 275 theatrum
601 250 680 273 vero
709 249 749 271 ex
775 237 888 270 medio
916 237 1166 282 amphitheatro
1200 245 1267 280 est,
1294 237 1491 272 semicirculi
1515 238 1658 282 figuram
1686 235 1823 270 habens.

607 325 758 358 CAP.
812 323 902 356 Llll.
981 323 1057 357 De
1109 326 1237 358 ludo
1290 324 1546 369 equestri.

274 395 409 428 Genera
435 395 660 439 gladiatorum
688 393 803 438 plura,
831 403 973 435 quorum
1001 391 1162 437 primus²⁰
1189 394 1287 426 ludus
1315 392 1526 436 equestrium.
1586 391 1660 424 Duo
1688 391 1775 424 enim
1803 393 1929 435 equites
1954 404 2055 438 prae-

108 445 302 478 cedentibus
330 447 419 491 prins
447 446 547 491 signis
574 446 782 485 militaribus,
815 456 896 477 nnus
922 456 941 476 a
964 450 1059 488 porta
1087 445 1237 486 orientis,
1265 445 1348 477 alter
1373 443 1416 475 ab
1438 443 1621 476 occidentis
1647 443 1877 487 procedebant
1904 445 1936 476 in
1963 446 2055 488 equis

108 497 191 530 albis
219 507 294 531 cum
323 498 426 531 aureis
453 498 558 543 galcis·
586 497 766 530 minoribus
794 501 826 529 et
852 495 1072 529 habilioribus
1098 497 1212 538 armis,
1238 496 1352 540 sicque
1378 496 1483 528 atroci
1505 495 1747 538 perseverantia
1768 507 1832 539 pro
1853 496 1971 528 wirtute
1999 508 2055 528 sua

108 549 231 581 inibant
257 562 424 594 pugnam,
454 550 647 583 dimicantes
678 560 852 592 quousque
879 548 963 580 alter
984 549 1016 580 in
1041 549 1173 581 alterius
1201 554 1342 581 mortem
1354 544 1375 563 ²¹
1405 547 1582 591 prosiliret,
1611 552 1645 579 ut
1672 546 1811 580 baberet
1837 548 1894 590 qui
1921 547 2056 582 caderet

108 612 237 641 casum,
264 602 426 646 gloriani,
461 602 517 644 qui
545 602 733 646 perimeret.
796 600 894 641 Quae
921 605 1086 632 armatura
1113 601 1287 645 pugnabat
1314 599 1432 631 Martis
1459 598 1572 631 duellii
1599 610 1695 632 causa
1710 595 1745 630 ²².

695 686 844 721 CAP.
898 684 985 717 LlV.
1066 686 1139 718 De
1191 685 1468 718 retiariis.

271 756 436 789 Retiarius
463 757 505 788 ab
533 761 717 789 armaturae
738 770 880 803 genere,
906 758 939 789 in
960 754 1163 801 gladiatorio
1186 753 1268 786 ludo
1293 758 1407 786 contra
1436 752 1575 784 alterum
1608 756 1816 796 pugnantem
1839 751 1967 784 serebat
1994 760 2054 783 oc-

109 808 196 841 culte
209 804 234 824 Ἠ
261 813 348 849 rete,
376 808 467 850 quod
496 808 640 841 iaculum
668 810 878 854 appellatur,
915 813 948 840 ut
972 806 1196 840 adversarium
1224 805 1362 848 cuspide
1397 804 1562 837 insistente
1589 802 1752 847 operiret,
1788 802 2055 846 implicitumque

109 860 230 892 viribus
257 864 447 903 superaret,
475 871 562 902 quae
589 866 753 894 armatura
776 860 950 906 pugnabat
976 860 1135 903 Neptuno
1165 857 1314 890 tridentis
1341 868 1448 890 causa.

658 944 809 980 CAP.
862 945 933 978 LV.
1014 945 1086 978 De
1137 941 1502 977 secutoribus.

274 1013 416 1047 Secutor
439 1010 521 1047 est²⁸
549 1015 592 1047 ab
619 1014 824 1058 insequendo
850 1013 1018 1046 retiarium
1047 1012 1162 1046 dictus.
1218 1011 1380 1044 Gestabat
1407 1011 1493 1042 enim
1521 1008 1696 1052 cuspidem
1726 1012 1758 1039 et
1785 1015 1923 1038 massam
1944 1006 2055 1049 plum-

110 1067 226 1106 beam,
273 1077 358 1108 quae
386 1066 563 1098 adversarii
600 1067 746 1099 iaculum
779 1065 973 1109 impediret,
1016 1071 1050 1097 nt
1083 1069 1257 1106 antequam
1293 1063 1348 1095 ille
1381 1062 1493 1095 feriret
1529 1066 1598 1093 rete
1611 1056 1652 1100 ²⁵,
1702 1059 1761 1091 iste
1802 1054 2054 1101 exsuperaretffi.

109 1117 204 1151 Haec
231 1124 396 1149 armatura
423 1123 549 1150 sacrata
575 1123 646 1150 erat
672 1118 835 1151 Vulcano.
890 1117 980 1162 Ignis
1008 1116 1094 1148 enim
1129 1127 1262 1159 semper
1296 1110 1451 1157 aquam²⁷
1485 1112 1683 1155 insequitur,
1720 1110 1867 1151 ideoque
1895 1119 1970 1142 curn
2002 1119 2055 1140 re-

108 1169 201 1201 tiario
224 1169 504 1212 componebatur,
531 1169 607 1213 quia
634 1170 720 1215 iguis
743 1174 776 1204 et
797 1181 882 1214 aqua
909 1180 1041 1212 semper
1067 1169 1152 1200 inter
1177 1178 1211 1199 se
1238 1166 1369 1199 inimica
1396 1170 1477 1197 sunt.

604 1254 755 1288 CAP.
807 1254 897 1287 Lvl.
979 1253 1052 1285 De
1105 1249 1551 1295 laqueatoribns.

272 1323 519 1365 Laqneatorum
531 1319 556 1338 ’ΞΒ
584 1333 700 1367 pugna
728 1328 797 1355 erat
824 1322 989 1366 fugientes
1019 1321 1098 1353 iudo
1111 1318 1134 1336 ‘ff'
1162 1319 1313 1352 homines
1340 1318 1460 1351 iniecto
1486 1317 1606 1359 laqueo
1635 1313 1815 1358 impeditos
1842 1315 2056 1345 consecutos-

109 1384 174 1416 que
201 1380 368 1416 prostrare
404 1370 579 1406 a1nietos³⁰
606 1374 753 1407 umbone
785 1374 943 1418 pelliceo,

684 1441 824 1475 CAP.
878 1441 983 1475 Lvll.
1063 1440 1132 1473 De
1188 1437 1466 1472 velitibus.

275 1510 417 1543 velitum
446 1521 560 1555 pugna
589 1515 675 1551 erat,
703 1515 739 1543 ut
766 1510 853 1542 ultro
882 1511 1032 1552 citroque
1045 1506 1067 1525 ³¹
1098 1508 1164 1541 tela
1192 1507 1406 1540 obiectarent.
1469 1499 1585 1536 Erat³²
1612 1511 1729 1534 eorum
1760 1500 1849 1531 varia
1882 1508 1998 1542 pugna
2027 1503 2058 1530 et

109 1561 331 1606 spectantibus
358 1562 503 1606 gratior,
546 1573 647 1605 quam
674 1562 818 1605 reliqua:
860 1562 976 1594 velites
1005 1565 1114 1593 autem
1145 1564 1282 1592 vocatos
1298 1556 1323 1576 ³³
1349 1569 1368 1589 a
1395 1550 1642 1591 volitationem„
1685 1552 1752 1584 sive
1779 1563 1798 1582 a
1825 1549 1957 1583 civitate
1984 1548 2057 1582 He·-

108 1617 314 1653 muscarum,
339 1625 426 1656 quae
453 1609 621 1646 Veletes³⁵
645 1614 837 1647 vocabatur.

589 1682 739 1715 CAP.
793 1682 915 1714 LVlll.
999 1680 1059 1713 De
1102 1679 1256 1724 ferali
1310 1675 1569 1711 certamine.

274 1750 435 1783 Ferarum
462 1761 579 1794 pugna
606 1747 688 1783 est³⁶
711 1751 843 1784 emissas
857 1747 880 1766 ³³
908 1750 1028 1784 bestias
1054 1749 1188 1781 iuvenes
1217 1748 1372 1791 excipere
1396 1750 1427 1778 et
1440 1754 1593 1788 pugnare
1621 1740 1775 1773 adverslss
1804 1748 1875 1773 6³5«
1904 1736 2057 1768 ὓΙῐῐὉῐὶθῡ

111 1801 226 1835 sunere
249 1807 387 1840 certare,
414 1813 480 1834 non
507 1802 659 1844 crimine,
687 1803 746 1836 sed
775 1803 896 1835 surore.

439 1869 584 1903 CAP.
638 1871 726 1907 LIX.
799 1871 863 1904 De
916 1870 1069 1902 horum
1123 1865 1460 1901 emet-citatione
1513 1861 1724 1893 ludorum.

274 1937 370 1971 Haec
397 1938 524 1982 quippe
545 1939 736 1982 spectacula
764 1938 967 1972 crudelitatis
994 1942 1026 1970 et
1048 1937 1210 1980 inspectio
1238 1934 1418 1967 vanitatum
1445 1940 1512 1962 non
1539 1928 1645 1961 solum
1674 1924 1848 1958 hominum
1876 1924 1970 1963 vitiis,
1999 1923 2057 1956 sed

112 1992 144 2020 et
170 1987 371 2022 daemonum
381 1985 406 2005 ³⁸
431 1989 521 2022 iussis
546 1989 687 2025 instituta
714 1996 796 2024 sunt.
865 1989 1011 2023 Proinde
1041 1988 1125 2021 nihil
1158 1987 1259 2021 debet
1286 1997 1356 2018 esse
1370 1980 1394 1999 ³⁹
1424 1980 1611 2016 Christiano
1644 1988 1720 2011 cum
1748 1975 1896 2010 circensi
1922 1975 2056 2015 insania,

111 2072 190 2110 vulg·
214 2088 255 2095 ·-·
280 2073 328 2111 22)
351 2073 400 2101 Sic
425 2073 482 2102 Gu.
500 2076 527 2104 1.
550 2076 581 2105 2.
600 2083 647 2104 va.
670 2091 709 2095 —
731 2076 829 2104 Marti
857 2074 954 2102 duelli
979 2073 1059 2112 vulg,
1104 2077 1205 2099 autem
1229 2070 1327 2109 (enim
1351 2069 1406 2096 Gu.
1424 2070 1452 2098 2.
1477 2064 1545 2104 va),
1573 2062 1654 2102 quod
1678 2072 1734 2092 om.
1760 2061 1817 2089 Gu.
1837 2063 1862 2090 1.
1883 2077 1923 2082 —-
1945 2059 1991 2097 33)
2008 2060 2054 2087 Sic

111 2130 152 2136 -
174 2116 222 2150 23)
244 2115 293 2145 Sic
317 2116 373 2144 Gu.
394 2118 417 2146 1.
433 2118 462 2149 2.
477 2131 520 2138 -
542 2126 602 2146 occ.
616 2117 680 2154 fer.
704 2118 782 2155 vulg.
807 2135 845 2139 —
875 2120 919 2152 24)
943 2122 984 2144 est
1004 2126 1061 2144 om.
1105 2115 1161 2142 Gu.
1181 2117 1207 2145 1.
1228 2129 1268 2134 —
1291 2111 1464 2150 nuncupati
1487 2109 1537 2136 Ar.
1553 2122 1594 2128 --
1618 2110 1811 2144 nuncupatos
1833 2103 1890 2131 Gn.
1908 2105 1936 2133 2.
1960 2112 2054 2148 va&-

112 2167 160 2185 x'a.
184 2173 224 2185 7-
256 2155 304 2198 25)
323 2159 381 2185 reti
403 2159 453 2186 Ar.
476 2173 517 2178 —
546 2155 593 2197 26)
617 2159 664 2187 Sic
685 2159 740 2188 Gu.
759 2164 783 2191 1.
799 2162 828 2190 2.
847 2159 896 2188 Ar.
912 2176 945 2181 ·-
963 2169 1061 2198 sztpfr.
1108 2157 1206 2184 vocati
1230 2160 1301 2183 sunt
1325 2154 1405 2191 vulg.
1437 2169 1477 2174 -
1513 2149 1558 2188 34)
1583 2149 1670 2187 Vulg.
1692 2150 1754 2176 sive
1777 2158 1796 2175 α
1814 2146 1890 2182 vol„
1920 2145 1970 2172 sed
1994 2152 2053 2169 ,sn-e

111 2199 191 2239 vulg.
211 2216 252 2221 —-
274 2198 322 2239 Ξῖ)
338 2211 451 2239 aquam
473 2199 543 2230 add.
566 2200 615 2230 Ar.
639 2210 684 2230 va.
706 2218 746 2223 —
768 2204 813 2238 23)
835 2203 884 2230 Sic
899 2202 954 2232 Gu.
973 2205 999 2233 1.
1022 2202 1060 2229 al.
1105 2210 1161 2227 0111.
1186 2198 1241 2226 Gu.
1262 2201 1287 2228 1.
1314 2213 1349 2218 -
1379 2195 1529 2223 volatione·
1550 2192 1608 2220 Gn.
1631 2195 1661 2224 2.
1686 2208 1727 2212 —
1763 2193 1808 2220 35)
1836 2189 1921 2217 Vde-5
1945 2187 1992 2213 Ar.
2011 2199 2051 2204 -—-

112 2251 158 2273 va.
180 2259 221 2264 —-
244 2244 491 2280 Laqueariorum
512 2242 592 2281 vulg.
610 2259 650 2264 ——
673 2244 718 2279 ⁶29)
740 2245 771 2271 in
795 2243 868 2272 ludo
887 2245 984 2282 vulg„
1009 2243 1060 2272 sed
1109 2242 1218 2270 lilius
1242 2240 1297 2268 Gu.
1323 2243 1349 2270 1.
1373 2249 1418 2278 pr.
1434 2247 1480 2265 va.
1510 2252 1551 2256 —
1587 2237 1631 2267 36)
1659 2239 1701 2261 est
1724 2243 1778 2272 pro
1802 2236 1864 2258 erat
1893 2230 1948 2255 Gu.
1974 2230 1997 2256 1.
2022 2227 2050 2256 2.

113 2285 144 2312 in
166 2296 222 2315 om.
246 2286 301 2314 Gu.
321 2288 346 2316 1.
370 2302 411 2308 —
435 2288 481 2322 30)
507 2290 531 2314 el
554 2287 681 2313 amicto-5
707 2286 762 2315 Gu.
781 2289 806 2317 l.
838 2304 875 2308 —
903 2288 952 2324 31)
976 2286 1060 2313 ultra
1103 2300 1144 2305 —-
1170 2287 1214 2317 37)
1240 2284 1366 2310 emissas
1396 2291 1449 2320 pro
1483 2280 1595 2306 mis-sas
1621 2277 1676 2306 Gu.
1704 2279 1731 2306 1.
1755 2278 1782 2306 2.
1806 2283 1847 2299 va-
1873 2287 1907 2291 -
1932 2268 1978 2306 38)
1999 2267 2053 2295 Sed

115 2328 248 2366 citraque
271 2328 324 2357 Gu.
349 2332 373 2360 1.
389 2345 429 2350 —
450 2330 581 2366 citroque
604 2338 660 2356 om.
686 2338 730 2357 va.
756 2344 794 2348 —
817 2328 864 2363 32)
886 2328 971 2366 Vulg.
993 2328 1061 2356 add.
1103 2326 1138 2354 (le
1161 2325 1255 2353 daem.
1280 2325 1329 2354 Ar.
1359 2340 1399 2345 --
1435 2319 1482 2360 39)
1505 2322 1551 2348 Sic
1576 2320 1631 2347 Gu.
1656 2323 1680 2350 l.
1702 2334 1741 2341 ·—
1766 2325 1824 2343 ‘⁶³³⁶'
1845 2313 1906 2341 ‘'²⁷5'-
1931 2310 2011 2347 ‘’filg-

1463 2365 1493 2398 l)
1511 2365 1532 2396 d
1551 2363 1611 2396 dd
1633 2366 1650 2384 *
