2203 2829
131 103 206 139 222

233 194 311 230 Vita
319 216 330 234 ‚
360 189 437 235 quia
464 189 597 224 creavit.

836 90 1015 127 lSlDORl
1041 91 1223 128 HISPAL.
1250 92 1394 128 EPlsc.

236 248 355 290 Imago
382 242 448 276 Dei
476 237 618 277 dicitur¹
645 242 785 283 propter
812 235 952 283 parem²
978 237 1223 273 similitudinem
1251 238 1367 273 Patris.

301 295 362 330 22.
415 293 543 338 Figura
570 288 658 332 est³‚
692 290 771 333 quia
798 289 979 334 suscipiens
1004 290 1148 324 formam
1176 291 1258 324 servi
1294 300 1436 334 operum
1468 288 1694 332 virtutumque
1720 289 1957 323 similitudine⁴
1983 291 2088 325 Patris

135 353 169 385 in
197 362 232 384 se
257 342 459 392 imaginem⁵
486 350 585 387 atque
611 343 805 376 immensam
832 340 1120 386 magnitudinem⁶
1147 342 1343 388 designavit.

301 399 360 431 23.

414 396 533 429 Manus
561 395 624 428 Dei
658 398 726 435 est,
754 389 875 438 qu0d⁷
902 393 1014 426 omnia
1045 405 1107 438 per
1132 394 1241 439 ipsum
1268 394 1359 428 facta
1383 396 1466 426 sunt.

1526 391 1616 426 Hinc
1643 396 1676 424 et
1702 388 1843 425 dextra⁸
1871 398 2011 439 propter
2038 394 2088 427 ef-

137 454 261 488 fectum
289 450 388 483 totius
421 445 631 487 creaturae⁹‚
656 457 743 489 quae
769 457 831 490 per
852 445 960 490 ipsum
987 444 1131 480 formata
1157 451 1205 481 est
1217 443 1250 479 ¹⁰.

240 500 444 539 Brachium,
472 498 549 542 quia
577 498 620 531 ab
647 498 721 542 ipso
750 498 862 530 omnia
888 497 1107 532 continentur.

303 559 362 594 24.
416 559 528 592 Virtus
552 569 615 604 pro
643 569 701 598 e0,
728 557 823 602 quod
849 568 984 590 omnem
1011 561 1211 601 potestatem
1229 556 1336 590 Patris
1359 554 1392 587 in
1415 554 1594 600 semetipso
1619 553 1762 596 habeat,
1790 560 1822 589 et
1850 566 1983 589 omnem
2004 555 2090 590 coeli

138 625 312 659 terraeque
343 615 527 646 creaturam
554 610 737 656 gubernet,
765 609 931 643 contineat
958 619 997 642 ac
1007 605 1029 626 ¹¹
1057 614 1164 653 regat.

305 670 365 705 25.
419 671 592 716 Sapientia
621 681 684 715 pro
709 681 767 713 eo,
795 669 887 715 quod
914 670 985 713 ipse
1012 669 1138 701 revelet
1150 665 1173 686 ¹²
1200 666 1354 711 mysteria
1381 665 1535 699 scientiae
1563 670 1596 698 et
1629 676 1750 700 arcana
1776 666 1964 711 sapientiae.

2021 666 2090 699 Sed

139 737 250 763 tamen
278 736 353 759 cum
375 723 415 756 sit
436 724 536 756 Pater
549 720 573 741 ¹³
597 728 629 756 et
655 722 797 766 Spiritus
824 726 954 755 sanctus
975 720 1135 765 sapientia
1162 724 1194 752 et
1221 719 1342 760 virtus,
1370 718 1484 751 lumen
1496 715 1518 735 ¹⁴
1546 723 1579 751 et
1605 717 1681 759 lux,
1709 719 1845 763 proprie
1871 724 1982 752 tamen
2004 718 2055 751 his
2068 716 2091 737 ¹⁵

142 779 330 815 nominibus
357 779 567 819 nuncupatur
595 774 706 807 Filius.

306 825 366 860 26.
420 826 592 871 Splendor
617 829 726 858 autem
740 820 763 842 ¹⁶
790 823 1000 869 appellatur,
1027 826 1168 867 propter
1187 821 1281 865 quod
1304 821 1500 854 manifestat.

243 882 396 919 Lumen,
422 879 500 921 quia
526 877 699 910 illuminat.

242 933 333 971 Lux,
356 930 433 973 quia
460 929 504 962 ad
531 929 702 962 veritatem
731 925 1025 970 contemplandam
1052 924 1162 960 cordis
1190 924 1307 958 oculos
1329 928 1453 957 reserat
1464 919 1497 955 ¹⁷.

244 984 321 1022 Sol,
349 982 427 1025 quia
439 978 462 998 ¹⁸
488 981 691 1014 illuminator
703 975 734 1011 ¹⁰.

308 1032 366 1066 27.
421 1031 557 1074 Oriens,
585 1032 661 1076 quia
688 1029 818 1063 luminis
846 1023 956 1062 fons²⁰
977 1033 1010 1061 et
1035 1027 1214 1060 illustrator
1241 1031 1289 1061 est
1315 1037 1445 1069 rerum,
1474 1034 1506 1059 et
1532 1025 1626 1070 quod
1651 1025 1727 1059 oriri
1755 1037 1814 1060 nos
1842 1027 1944 1062 faciat
1971 1027 2014 1060 ad
2043 1028 2091 1059 vi-

142 1095 210 1122 tam
237 1091 414 1120 aeternam.

311 1144 372 1179 28.
424 1144 532 1186 Fons,
567 1142 643 1187 quia
670 1151 780 1174 rerum
807 1144 854 1172 est
887 1136 1038 1184 origo²¹‚
1081 1139 1133 1171 vel
1167 1138 1258 1182 quod
1286 1138 1381 1170 satiat
1408 1138 1552 1171 sitientes
1563 1133 1597 1170 ²².
1651 1138 1727 1182 lpse
1755 1149 1891 1181 quoque
1917 1140 1958 1175 A
1982 1144 2015 1171 et
2041 1138 2093 1173 [l.

144 1198 262 1244 Alpha
290 1197 375 1229 enim
404 1191 572 1228 literam²³
599 1193 691 1226 nulla
719 1190 902 1236 praecedit.
954 1191 1066 1222 Prima
1094 1195 1141 1222 est
1169 1190 1254 1222 enim
1282 1190 1468 1227 literarum,
1496 1190 1580 1223 sicut
1607 1195 1639 1222 et
1662 1190 1766 1222 Filius
1784 1190 1855 1223 Dei.

1911 1191 1986 1234 lpse
2008 1191 2094 1223 enim

145 1263 180 1284 se
208 1248 408 1294 principium
436 1245 566 1280 ludaeis
593 1242 872 1287 interrogantibus
901 1253 970 1274 esse
998 1238 1214 1285 respondit²⁴.
1270 1240 1371 1273 [nde
1396 1245 1428 1273 et
1452 1240 1616 1274 lohannes
1641 1242 1673 1274 in
1691 1238 1932 1286 Apocalypsi²³
1956 1243 2095 1286 proprie

145 1304 252 1347 ipsam
280 1300 411 1332 literam
445 1308 573 1342 ponens
600 1296 660 1329 ait:
696 1294 781 1339 Ego
808 1304 884 1325 sum
913 1293 952 1328 A
979 1297 1012 1325 et
1038 1293 1097 1334 ll,
1132 1292 1272 1339 primns
1299 1295 1332 1325 et
1365 1292 1578 1326 novissimus.
1631 1293 1778 1333 Primus,
1817 1294 1894 1337 quia
1922 1299 1997 1326 ante
2019 1305 2094 1326 eum

145 1353 228 1388 nihil
256 1356 313 1385 est.

366 1349 592 1391 Novissimus,
617 1347 693 1392 quia
720 1345 879 1378 iudicium
908 1344 1121 1378 novissimum
1137 1341 1161 1364 ²⁶
1188 1345 1261 1388 ipse
1288 1340 1475 1388 suscepitfl.

316 1409 375 1442 29.
429 1409 618 1449 Mediator,
647 1407 724 1451 quia
750 1407 835 1438 inter
861 1405 970 1438 Deum
1006 1410 1037 1438 et
1063 1404 1236 1437 hominem
1271 1403 1401 1437 medius
1435 1403 1629 1437 constitutus
1668 1408 1733 1444 est,
1775 1409 1810 1437 ut
1846 1403 2018 1437 hominem
2053 1405 2094 1437 ad

154 1466 262 1498 Deum
292 1462 493 1506 perduceret
505 1457 549 1502 ²³,
577 1459 667 1492 unde
694 1464 725 1491 et
747 1458 837 1490 illum
867 1456 990 1489 Graeci
1016 1457 1164 1504 μεσίτην
1192 1461 1321 1489 vocant.

313 1521 372 1553 30.
425 1520 618 1554 Paracletus
629 1516 672 1558 ²⁹,
699 1518 733 1550 id
762 1523 809 1551 est
841 1517 1040 1558 advocatus,
1068 1517 1146 1559 quia
1172 1527 1235 1560 pro
1264 1516 1357 1548 nobis
1383 1514 1558 1548 intercedit
1585 1515 1676 1559 apud
1705 1515 1856 1555 Patrem,
1890 1516 1975 1549 sicut
1998 1522 2029 1548 et
2054 1515 2098 1548 de

148 1587 189 1609 eo
201 1571 226 1591 ³⁰
255 1569 366 1606 dicit³¹
392 1571 574 1604 lohannes:
605 1571 830 1603 Advocatum
858 1567 1028 1600 habemus
1055 1567 1156 1613 apud
1184 1567 1330 1600 Putrem
1365 1566 1476 1599 lesum
1507 1566 1686 1599 Christum
1711 1567 1848 1600 iustum.

313 1632 373 1666 31.

425 1631 618 1665 Paracletus
653 1635 764 1666 autem
793 1628 962 1662 Graecum
991 1632 1054 1665 est,
1095 1627 1188 1670 quod
1223 1627 1341 1660 Latine
1377 1626 1497 1660 dicitur
1525 1626 1716 1661 advocatus.

1786 1626 1890 1668 Quod
1918 1637 2039 1659 nomen
2067 1631 2099 1659 et

150 1687 239 1721 Filio
264 1689 296 1717 et
322 1684 447 1728 spiritui
462 1688 575 1716 saneto
603 1681 792 1720 ascribitur,
819 1680 907 1714 iuxta
930 1674 1061 1723 quod³²
1083 1679 1245 1713 Dominus
1264 1679 1296 1712 in
1313 1677 1501 1725 Evangelio
1516 1679 1576 1712 ait:
1603 1677 1759 1723 Rogabo
1774 1678 1922 1712 Putrem
1938 1689 2052 1711 meum
2062 1674 2097 1718 ³³,

150 1743 182 1772 et
209 1737 319 1770 alium
348 1735 575 1780 paracletum
606 1732 706 1766 dubit
734 1731 838 1765 vobis.

316 1795 374 1828 32.

428 1795 627 1828 intercessor
655 1798 766 1825 autem
794 1791 872 1825 ideo
883 1788 909 1810 ³⁴
934 1795 1091 1833 vocatur,
1125 1790 1204 1833 quia
1229 1800 1294 1835 pro
1321 1789 1424 1833 culpa
1456 1794 1567 1823 nostra
1593 1788 1797 1823 removenda
1824 1787 1973 1824 curam³⁵
2000 1789 2098 1835 gerit,

149 1856 182 1884 et
208 1859 271 1894 pro
299 1846 471 1883 abluendis
498 1845 613 1879 nostris
640 1844 829 1880 criminibus
856 1854 969 1878 curam
997 1841 1170 1887 impendit.

239 1956 265 1995 1)
282 1955 398 1983 dicitur
420 1955 524 1985 addidi
546 1964 562 1984 e
584 1954 639 1983 Gu.
659 1956 685 1986 1.
700 1956 730 1986 2.
747 1953 798 1982 Ar.
821 1969 853 1976 —-
877 1952 910 1991 2)
920 1962 1028 1991 parem
1043 1962 1100 1980 om.

153 2003 182 2030 Z.
208 2010 323 2040 purum
353 1999 409 2027 Gu.
432 2001 462 2030 2.
487 2013 528 2022 --
557 1999 690 2035 priorem
721 2007 766 2025 va.
789 2012 831 2019 ·-—
864 1995 892 2034 3)
917 1996 1037 2034 Figura
1060 2000 1103 2022 est

153 2053 247 2083 usque
270 2041 307 2070 ad
330 2042 439 2069 Patris
460 2050 516 2069 om.
533 2040 564 2070 Z.
590 2058 627 2062 —
650 2040 681 2075 4)
704 2039 753 2067 Sic
769 2038 824 2069 Gu.
843 2041 871 2070 1.
887 2038 937 2067 Ar.
959 2055 993 2061 —-
1014 2038 1101 2066 slmi-

154 2085 314 2115 litudinem
338 2084 419 2121 vulg.
440 2098 480 2105 —
504 2084 535 2118 5)
557 2084 589 2111 in
611 2093 640 2111 se
661 2083 826 2119 imaginem
849 2091 904 2109 om.
937 2081 992 2110 Gu.
1016 2083 1044 2112 2.
1062 2096 1102 2102 —

153 2129 182 2168 b)
206 2131 351 2156 immensa
374 2124 589 2163 magnitudine
611 2125 667 2153 Gu.
684 2126 711 2154 2.
734 2140 774 2147 —
798 2123 827 2162 7)
851 2125 926 2162 quia
950 2124 1006 2152 Gu.
1025 2126 1102 2154 2.—

155 2173 182 2210 8)
204 2172 252 2200 Sic
278 2171 335 2198 Gu.
362 2172 390 2200 1.
411 2179 457 2207 pr.
481 2178 527 2196 va.
555 2183 598 2188 —
623 2166 743 2194 dextera
765 2167 846 2204 vulg.
878 2183 918 2188 —
954 2167 983 2203 9)
1006 2166 1102 2203 operi-9

155 2216 251 2242 totius
273 2217 365 2241 creat.
388 2211 484 2248 vulg.,
506 2209 559 2239 aed
581 2210 677 2248 operis
703 2219 758 2239 om.
777 2209 834 2237 Gu.
854 2212 879 2240 1.
906 2225 944 2229 ——
969 2206 1015 2246 10)
1024 2209 1102 2245 svr-

157 2263 240 2285 mala
262 2261 332 2284 sunt
355 2254 412 2283 Gu.
429 2257 458 2285 2.
474 2263 520 2281 va.
545 2269 583 2274 -
605 2250 650 2291 11)
674 2251 721 2280 Sic
740 2252 794 2279 Gu.
813 2254 839 2282 1.
858 2267 897 2275 --
914 2256 1005 2289 atque·
1022 2251 1102 2287 vulg.

156 2316 197 2323 —
224 2301 266 2336 19)
282 2297 391 2326 revelat
405 2296 442 2324 al.
466 2314 503 2320 —-
538 2296 582 2330 13)
606 2294 692 2331 Vulg.
718 2293 783 2322 add.
812 2298 837 2320 et
869 2294 988 2328 Filius,
1021 2293 1102 2331 quod

158 2353 214 2371 om.
241 2342 299 2371 Gu.
318 2343 344 2371 1.
363 2339 413 2368 Ar.
439 2356 476 2361 —
512 2338 553 2375 14)
570 2337 669 2365 lumen
692 2335 793 2364 addidi
817 2345 832 2364 e
855 2336 909 2364 Gu.
924 2337 988 2368 1.2.
1005 2345 1102 2363 va.—

159 2391 183 2412 et
208 2385 307 2411 lumen
329 2388 355 2410 et
379 2383 430 2410 lux
441 2381 493 2410 Ar.
510 2395 552 2402 —-
574 2380 619 2417 15)
635 2379 682 2407 Sic
698 2379 728 2409 Z.
744 2378 800 2408 Gu.
820 2381 846 2409 1.
865 2395 900 2399 —
920 2379 959 2405 iis
975 2378 1099 2416 vulg.—

1145 1950 1336 1990 nuncup.fil.
1360 1960 1417 1989 pro
1430 1950 1480 1988 fil.
1499 1960 1590 1977 nunc.
1607 1950 1664 1978 Gu.
1688 1953 1712 1982 1.
1734 1964 1775 1971 —
1799 1950 1843 1985 16)
1862 1948 2009 1987 Splendor
2025 1947 2099 1976 deus

1146 2004 1215 2032 app.
1240 1994 1277 2022 al.
1302 2009 1338 2014 —
1366 1997 1410 2025 17)
1433 1993 1545 2030 reserat
1569 1992 1605 2020 al.
1628 2008 1668 2013 —
1694 1990 1737 2030 18)
1761 1991 1846 2031 quod
1866 1991 1896 2021 Z.
1920 2009 1955 2012 —
1983 1991 2027 2028 19)
2049 1991 2097 2019 Sic

1147 2038 1203 2064 Gu.
1224 2039 1250 2068 1.
1264 2036 1293 2065 Z.
1310 2052 1347 2057 ——
1371 2035 1529 2064 illuminat
1556 2046 1655 2063 omncs
1674 2035 1754 2072 vulg.
1779 2050 1820 2056 —
1844 2033 1889 2071 20)
1914 2039 2015 2061 ortum
2028 2034 2097 2070 sert

1146 2080 1227 2109 al.--
1241 2083 1286 2112 21)
1297 2078 1345 2106 Sic
1354 2078 1410 2106 Gu.
1421 2081 1448 2109 1.
1461 2077 1509 2108 Ar,
1521 2080 1621 2117 (origo
1632 2076 1686 2115 est)
1697 2094 1736 2099 -—
1748 2077 1834 2115 Vulg.
1845 2087 1945 2104 rerum
1961 2078 2098 2104 omnium

1146 2123 1231 2160 origo
1255 2127 1308 2150 est.
1326 2139 1363 2143 —-
1390 2123 1436 2157 22)
1462 2122 1610 2149 sitientem
1629 2120 1668 2149 al.
1692 2136 1732 2142 -
1755 2120 1802 2156 23)
1824 2120 1912 2147 litera
1936 2119 1994 2148 Gu.
2015 2122 2041 2150 1.
2056 2135 2097 2141 —

1145 2164 1194 2203 24)
1219 2164 1339 2203 respicit
1356 2163 1387 2191 Z.
1410 2179 1451 2185 —
1473 2167 1520 2200 25)
1541 2174 1604 2202 cap.
1621 2166 1672 2201 22,
1692 2165 1738 2193 18.
1761 2178 1801 2183 —
1825 2162 1873 2199 26)
1889 2161 1937 2190 Sic
1953 2163 2010 2190 Gu.
2030 2164 2095 2194 1-2.

1147 2207 1194 2235 Ar.
1214 2223 1256 2231 -
1271 2207 1381 2234 noviss.
1404 2205 1499 2234 indic.
1523 2207 1603 2244 vulg.
1627 2222 1668 2228 —
1691 2204 1735 2244 27)
1751 2204 1800 2232 Sic
1825 2204 1881 2234 Gu.
1898 2208 1923 2235 1.
1942 2207 1969 2235 2.
1997 2204 2035 2233 al.
2055 2219 2097 2225 —

1145 2250 1274 2287 suscipit
1297 2249 1327 2276 Z.
1350 2265 1391 2270 —
1413 2250 1553 2287 starcipiet
1577 2248 1657 2286 vulg.
1700 2265 1738 2270 ——
1783 2247 1831 2285 28)
1860 2246 2034 2286 perduceret
2054 2245 2100 2273 ad

1146 2293 1248 2320 Deum
1263 2292 1293 2320 Z.
1313 2307 1352 2313 —
1374 2293 1404 2318 in
1429 2290 1518 2320 deum
1537 2290 1623 2331 perd.
1649 2290 1702 2319 Gu.
1724 2291 1752 2320 2.
1775 2305 1816 2310 -—
1847 2288 1894 2328 29)
1918 2289 2098 2317 paraclitus

1146 2335 1175 2364 Z.
1201 2334 1255 2362 Gu.
1283 2336 1309 2366 1.
1327 2336 1355 2365 2.
1379 2344 1423 2374 pr.
1446 2344 1491 2363 va.
1516 2340 1545 2364 et
1566 2335 1607 2362 sic
1629 2337 1741 2374 postea.
1770 2347 1811 2352 —
1842 2332 1898 2361 Gu.
1920 2335 1948 2364 2.
1971 2331 2097 2360 Paracl.

1145 2382 1263 2413 αιιιειη,
1286 2375 1322 2404 id
1343 2382 1393 2405 est.
1419 2394 1453 2398 —
1479 2378 1527 2415 30)
1550 2379 1627 2405 sicut
1652 2377 1714 2416 ipse
1736 2384 1855 2414 quoque
1877 2374 1913 2404 de
1937 2386 1968 2403 eo
1995 2374 2031 2403 al.
2058 2390 2090 2396 —
