2264 2830
779 107 1024 142 ORIGINUM
1059 108 1203 142 LIBER
1230 109 1320 144 XIII.

1948 108 2020 142 431

76 205 316 253 praecipitatur
351 204 383 236 in
417 203 540 245 sinum,
587 204 644 246 qui
678 203 834 236 Miletum
863 203 979 236 dividit
1013 208 1045 236 et
1079 200 1261 237 l‘rienen³⁷.
1324 202 1509 236 Maeander
1535 205 1645 234 autem
1673 205 1826 241 vocatus,
1861 202 1952 244 quod
1981 204 2022 235 sit

79 260 243 293 flexuosus
272 261 304 290 et
331 267 498 299 nunquam
526 260 634 289 currat
661 261 785 289 rectus:

243 392 300 425 24.

354 393 468 425 'sanus
496 392 559 426 suit
586 405 642 425 rex
670 393 872 436 Scytharum
900 393 1043 437 primus,

839 255 882 287 (le
909 267 976 298 quo
1004 256 1142 289 osidius
1155 253 1196 288 ³⁸:

310 325 478 357 Recurvis
511 325 599 357 ludit
630 324 832 357 ΑΜαιάιιιὶω·
859 325 892 356 1¹11
922 321 1069 357 undis-³⁹.

1081 405 1099 425 a
1126 403 1193 436 quo
1218 391 1340 424 Tanais
1364 390 1468 423 fertur
1500 389 1616 422 fluvius
1643 393 1867 433 nuncupatus,
1901 388 1956 431 qui
1985 400 2023 421 ex

79 444 240 490 Riphaeis
265 444 395 477 veniens
422 444 508 476 silvis
519 442 561 487 ¹¹⁰,
590 445 715 478 dirimit
742 445 915 490 Europam
942 445 984 477 ab
1012 445 1091 478 Asia
1119 445 1201 477 inter
1229 443 1309 476 duas
1337 442 1451 475 mundi
1478 446 1589 486 partes
1613 440 1740 473 medius
1768 450 1899 473 currens
1911 435 1945 481 ⁴¹,
1974 445 2023 472 at-

78 509 143 541 que
170 497 202 529 in
228 497 372 529 Pontum
399 496 511 530 ssuens.

242 554 300 588 25.
832 551 852 571 ¹²

354 555 496 589 Inachus
524 555 674 589 Achaiae
701 556 817 589 fluvius

78 610 222 650 minavit,
249 608 305 650 qui
332 608 504 640 emi-dium
532 608 679 652 Argivae
705 609 812 652 gentis
829 603 850 623 ⁸³
877 608 1001 652 primus
1029 607 1131 641 dedit.

78 666 190 694 monte
212 659 371 692 dimissus.

862 581 870 595 ,
906 556 1086 600 Argolicos
1113 555 1251 599 irrigans
1279 565 1436 598 campos,
1472 563 1572 595 quem
1600 563 1655 585 rex*
1684 550 1826 585 Inachus
1855 563 1873 583 a
1901 563 1934 583 se
1961 562 2024 583 no-

1189 606 1239 639 lbi
1266 601 1403 638 81111111Η
1430 609 1464 637 et
1490 603 1717 647 Erymanthus
1744 603 1785 635 ab
1815 602 2024 646 Erymantho

241 718 299 752 26.
354 718 466 752 Padus
494 719 607 751 ltaliae
638 719 750 753 fluvius
778 720 819 752 ab
830 715 854 736 ⁴⁵
881 719 966 763 iugis
994 719 1132 761 Alpium
1167 718 1274 757 fusus,
1316 727 1355 749 ex
1382 715 1485 748 tribus
1514 714 1659 747 sontibus
1681 714 1802 754 oritur,
1840 724 1878 745 ex
1905 712 2023 756 quibus

77 772 132 805 uni
155 771 357 804 vocabulum
385 776 433 803 est
446 767 467 787 ¹¹⁵
495 770 622 809 Padus,
654 771 711 813 qui
739 771 879 803 ‹lill'usus
907 771 938 802 in
966 770 1104 803 modum
1133 770 1240 813 stagni
1268 779 1400 801 amnem
1428 767 1497 799 sinu
1525 766 1638 811 dirigit
1654 763 1685 806 ¹⁷,
1713 778 1732 798 a
1759 776 1825 808 quo
1854 770 1886 797 et
1913 764 2024 798 Padus

77 828 125 857 est
152 827 367 866 nuncupatus.

75 879 202 907 tontem
231 874 361 913 dicunt,
389 874 445 916 qui
473 874 609 905 fulmine
636 884 811 918 percussus
834 875 865 906 in
893 873 1014 906 eodem
1042 874 1142 905 fluvio
1167 872 1314 906 deiectus
1342 876 1403 911 est,
1442 874 1474 903 et
1503 870 1673 903 extinctus.

421 823 488 856 llic
515 834 533 854 a
562 822 699 855 Graecis
725 823 888 854 Eridanus
916 823 1172 866 cognominatur
1183 819 1223 861 ⁴⁸,
1259 821 1301 852 ab
1325 819 1473 852 Eridano
1502 818 1569 850 lilio
1600 818 1687 851 Solis
1701 813 1744 858 ⁴⁰,
1783 827 1884 858 quem
1912 816 2025 848 Phae·

1733 868 1888 912 Augetur
1916 872 2024 899 autem

77 922 153 960 ab5⁰
180 931 253 958 ortu
282 925 380 958 Canis
408 925 658 968 liquescentibus
685 925 820 967 nivibus,
850 930 882 958 et
897 926 1088 958 accessione
1100 921 1122 941 ⁵¹
1145 924 1279 969 triginta
1308 923 1478 955 {luminum
1507 922 1596 955 circa
1615 922 1810 953 Ravennam
1828 918 1860 950 in
1878 918 2022 951 Adriati-

77 989 154 1012 cum
182 989 272 1010 mare
300 977 458 1010 defertur.

241 1036 300 1068 27.

77 1089 214 1121 fluvium
242 1084 419 1128 decidit²³²‚
460 1092 492 1119 et
526 1087 570 1120 de
598 1087 683 1120 exitu
718 1099 777 1120 suo
812 1099 933 1120 nomen
969 1087 1071 1120 dedit.

354 1036 485 1068 Tiberis
512 1036 626 1068 Italiae
654 1036 769 1068 ssuvius
797 1048 816 1068 a
846 1036 1007 1068 Tiberino
1036 1047 1117 1080 rege
1152 1035 1360 1067 Albanorum
1399 1033 1519 1066 (licitur
1546 1031 1752 1076 appellatus,
1795 1031 1851 1073 qui
1879 1029 1909 1061 in
1936 1027 2027 1061 hunc

1132 1088 1218 1119 Nam
1247 1090 1342 1118 antea
1366 1085 1489 1118 Albula
1519 1084 1690 1127 antiquum
1718 1092 1838 1114 nomen
1866 1092 1884 1112 a
1914 1080 2026 1112 colore

77 1141 215 1183 habuit,
249 1138 342 1182 quod
365 1139 491 1171 nivibus
518 1139 611 1171 albus
639 1140 688 1171 sit.
742 1139 819 1184 Ipse
847 1146 895 1172 est
921 1145 1030 1172 autem
1054 1139 1186 1179 Tibris,
1214 1138 1271 1181 qui
1299 1142 1331 1170 et
1356 1137 1504 1177 Tiberis,
1534 1136 1592 1169 sed
1608 1134 1739 1168 Tiberis
1762 1134 1793 1165 in
1822 1131 1988 1166 cotidiano
2003 1126 2026 1145 ³³

77 1203 243 1234 sermone,
271 1190 384 1223 Tibris
412 1191 444 1223 in
467 1202 562 1224 versu
588 1191 718 1224 dicitur.

243 1249 304 1286 28.
358 1250 530 1283 Danubius
558 1251 759 1284 Germaniae
786 1251 901 1283 fluvius
928 1250 1041 1283 vocari
1077 1249 1182 1282 fertur
1215 1261 1233 1281 a
1268 1248 1390 1280 nivium
1426 1246 1544 1291 copia,
1587 1246 1706 1290 quibus
1743 1244 1849 1288 magis
1872 1247 2024 1287 angetur.

77 1304 142 1337 Iste
169 1306 234 1343 est,
268 1302 324 1344 qui
350 1302 382 1333 in
406 1302 546 1346 Europa
575 1303 651 1346 plus
678 1302 829 1334 omnibus
856 1302 959 1333 habet
986 1302 1110 1333 samam
1122 1297 1155 1333 ³¹.

77 1354 168 1387 vadit
193 1358 328 1398 gentes,
355 1358 460 1385 mutat
487 1358 518 1386 et
545 1364 682 1394 nomen,
711 1358 743 1385 et
771 1353 911 1385 maiores
939 1352 999 1384 sibi
1027 1347 1243 1385 1111111101111055
1264 1350 1393 1394 colligit
1403 1347 1427 1366 ⁵⁶
1456 1350 1548 1381 vires.

1216 1299 1311 1331 Idem
1341 1305 1373 1331 et
1400 1298 1498 1338 Ister,
1542 1298 1619 1340 quia
1646 1297 1726 1328 dum
1750 1307 1812 1340 per
1839 1295 2025 1327 innumeras

1603 1347 1717 1381 Oritur
1740 1342 1791 1379 a⁵⁷
1819 1345 2025 1379 Germanicis

78 1406 164 1450 iugis
189 1411 221 1437 et
246 1403 508 1437 occidentalibus
535 1405 684 1448 partibus
712 1404 951 1444 barbarorum,
980 1415 1124 1448 pergens
1152 1406 1267 1435 contra
1294 1402 1474 1434 orientem:
1501 1400 1672 1445 sexaginta
1699 1400 1731 1431 in
1760 1409 1794 1430 se
1825 1397 1943 1430 fluvios
1970 1408 2024 1428 re-

78 1457 173 1501 cipit:
200 1461 328 1500 septem
355 1457 444 1488 ostiis
471 1456 502 1488 in
529 1457 673 1488 Pontum
700 1452 848 1488 influitffi.

243 1506 301 1540 29.
356 1506 544 1540 Rhodanus
571 1507 704 1540 Galliae
729 1506 846 1539 ssuvius
883 1506 926 1538 ab
953 1505 1083 1550 oppido
1111 1504 1239 1537 Rhodo
1267 1498 1575 1547 cognominatus⁵⁹,
1602 1511 1701 1544 quem
1729 1500 1841 1533 coloni
1865 1498 2026 1531 Rhodio-

78 1556 186 1593 rum⁰⁰
215 1555 459 1601 locaveruntffl,
501 1560 557 1602 qui
584 1558 703 1603 rapido
729 1558 877 1592 concitus
904 1568 1019 1598 cursu,
1056 1555 1224 1601 Tyrrheni
1254 1554 1407 1598 aequoris
1433 1554 1517 1587 freta
1543 1552 1713 1592 scindens,
1759 1561 1825 1583 non
1854 1549 2026 1583 modicum

79 1623 179 1656 saepe
202 1610 426 1655 navigantium
459 1611 645 1654 periculum
672 1607 804 1651 facitffl,
839 1610 920 1642 dum
946 1610 1032 1642 inter
1058 1621 1094 1642 se
1125 1608 1224 1640 maris
1250 1607 1369 1640 fluctus
1395 1610 1428 1638 et
1455 1604 1558 1637 amnis
1587 1604 1712 1636 fluenta
1742 1602 1923 1635 decertant.

243 1662 302 1695 30.
359 1662 497 1695 Rhenus
523 1674 543 1694 a
570 1662 731 1694 Rhodani
764 1661 869 1694 fertur
900 1657 1094 1694 societate-,⁰³
1121 1663 1277 1699 vocatus,
1323 1658 1480 1701 quoniam
1516 1667 1593 1689 cum
1621 1654 1743 1688 eodem
1774 1665 1814 1687 ex
1847 1665 1911 1686 una
1944 1664 2027 1696 pro-

80 1714 186 1748 vincia
210 1714 323 1746 oritur.

376 1714 436 1746 Est
461 1719 571 1746 autem
600 1713 801 1747 Germaniae
828 1713 946 1746 fluvius
974 1708 1092 1745 interffl
1121 1711 1283 1755 Europae
1316 1710 1478 1742 maximos
1510 1708 1629 1740 fluvios
1640 1703 1665 1724 ⁶5
1702 1711 1929 1750 computatus,
1971 1704 2026 1747 qui

80 1767 122 1800 ab
133 1763 157 1782 ‘³⁶
183 1765 264 1809 iugo
291 1765 432 1809 Alpium
459 1776 563 1808 usque
590 1765 622 1799 in
649 1765 777 1800 Oceani
804 1764 975 1809 profunda
1003 1775 1115 1798 cursus
1141 1774 1217 1796 suos
1244 1757 1402 1806 dirigitffl.

80 1881 129 1922 34)
152 1888 177 1909 et
201 1881 303 1910 addidi
326 1892 341 1910 e
365 1882 421 1910 Gu.
448 1885 475 1912 1.
498 1884 525 1912 2.
549 1893 595 1913 va.
621 1899 658 1904 —
692 1881 739 1921 35)
764 1884 841 1910 rivis
864 1883 920 1910 Gu.
940 1885 965 1912 1.
989 1898 1029 1902 —

81 1927 126 1962 36)
150 1924 198 1953 Sic
222 1924 271 1952 Ar.
297 1942 333 1946 -
360 1925 469 1952 Asiam
491 1930 517 1952 et
543 1925 659 1954 Ionium
680 1926 761 1963 vulg.
793 1942 829 1946 —
866 1925 916 1961 37)
940 1925 1030 1952 Prie-

82 1978 154 1995 nam
179 1966 235 1997 Gu.
255 1969 282 1998 2.
305 1982 347 1988 —
368 1969 413 2004 38)
436 1966 553 1998 Metam.
574 1968 611 2004 11,
636 1968 708 2001 246.
729 1986 768 1991 —
792 1970 837 2001 39)
862 1967 910 1995 Sic
928 1966 985 1995 Gu.
1003 1968 1030 1997 1.

81 2012 110 2040 2.
133 2012 163 2041 3.
181 2009 209 2039 4.
234 2026 271 2030 --
299 2009 416 2048 Quique
438 2016 616 2039 recurvatus
637 2009 720 2039 ladit
736 2015 791 2039 etc.
815 2010 897 2047 vulg.
923 2025 960 2031 —
984 2006 1031 2047 40)

82 2053 130 2081 Sic
148 2053 203 2081 Gu.
223 2054 247 2082 1.
268 2054 297 2082 2,
320 2067 362 2073 —-
383 2051 450 2080 silv.
472 2063 538 2082 ven.
561 2054 640 2092 vulg.
661 2070 703 2075 —
735 2054 783 2091 41)
810 2063 933 2081 currens
955 2050 1031 2079 med.

83 2095 140 2124 Gu.
160 2097 188 2126 2.
214 2111 251 2115 —-
286 2096 330 2131 42)
355 2093 404 2122 Sic
429 2094 484 2123 Gu.
507 2098 532 2126 1.
554 2110 591 2117 —
616 2097 717 2124 amnis
737 2095 817 2134 vulg.
843 2113 880 2117 -
910 2094 958 2132 43)
982 2094 1031 2123 Sic

83 2137 139 2166 Gu.
166 2140 192 2168 1.
213 2136 250 2165 al.
274 2153 316 2158 —
335 2137 421 2175 genti
443 2136 523 2175 vulg.
545 2153 586 2160 —
614 2138 662 2175 44)
686 2138 734 2166 Sic
756 2137 815 2167 Gu.
837 2141 864 2170 1.
888 2154 930 2159 —
949 2136 1029 2174 vulg.

83 2180 127 2208 ibi
150 2184 192 2207 est
218 2184 254 2208 et.
278 2194 319 2200 -
342 2179 386 2206 ibi
409 2184 434 2206 ει
462 2180 518 2209 611.
540 2182 569 2212 2.
596 2196 639 2202 —-
667 2182 714 2216 45)
737 2180 774 2209 αῖ)
796 2191 854 2221 pro
878 2191 897 2209 α
922 2179 978 2208 611.
1002 2181 1029 2210 1.

82 2238 123 2244 —
156 2219 204 2261 46)
225 2227 267 2249 est
290 2231 347 2252 om.
367 2231 413 2250 va.
445 2238 487 2243 —-
522 2222 569 2259 47)
593 2221 705 2260 digerit
728 2223 785 2250 Gu.
810 2226 836 2256 1.
859 2223 896 2254 al.
920 2241 957 2244 —
983 2222 1028 2254 43)

83 2265 315 2303 cognominatus
347 2264 404 2293 611.
431 2266 457 2295 1.
483 2266 513 2296 2.
539 2280 579 2285 —
609 2267 653 2297 49)
682 2264 731 2292 Sic
754 2265 811 2295 Gu.
838 2269 864 2297 1.
888 2282 927 2286 —
951 2264 1032 2292 Solis

82 2308 148 2343 silio
170 2306 252 2344 vulg.
284 2322 326 2329 -
363 2305 412 2345 50)
437 2306 475 2334 ab
504 2317 560 2344 pro
590 2317 623 2334 ex
655 2307 710 2335 Gu.
734 2309 761 2338 1.
791 2323 832 2330 —
866 2311 911 2341 51)
943 2306 1032 2343 Vulg.

87 2360 152 2378 cum
174 2359 300 2384 necess„
332 2348 383 2378 sed
404 2359 470 2376 cum
495 2359 552 2378 om.
579 2350 635 2378 Gu.
659 2352 685 2380 1.
716 2365 758 2371 —
786 2349 832 2389 52)
855 2351 904 2379 Sic
926 2350 983 2378 Gu.
1008 2352 1032 2379 1.

1073 1897 1115 1902 —
1138 1879 1245 1908 cecidit
1269 1879 1348 1917 vulg.
1376 1895 1411 1899 —
1452 1877 1501 1913 53)
1530 1874 1712 1914 quotidiano
1743 1873 1789 1904 ed.
1817 1873 1907 1902 Goth.
1939 1873 2025 1901 Arev.

1074 1933 1119 1951 va.
1148 1939 1190 1944 —
1211 1923 1259 1959 54)
1283 1922 1331 1950 Sic
1357 1921 1413 1948 Gu.
1436 1922 1463 1950 1.
1486 1920 1515 1949 2.
1538 1919 1587 1949 Ar.
1613 1933 1655 1938 —-
1677 1918 1762 1955 fam.
1785 1916 1855 1944 Ιιαῖ).
1884 1915 1962 1954 vulg.
1988 1931 2027 1936 —

1074 1965 1120 2003 55)
1144 1965 1193 1994 Sic
1211 1965 1266 1993 Gu.
1286 1967 1311 1995 1.
1334 1967 1362 1996 2.
1385 1972 1432 1991 va.
1456 1960 1507 1990 Ar.
1531 1970 1594 1990 var.
1616 1960 1683 1988 lect.
1708 1970 1754 1998 ap.
1781 1957 1869 1987 Goth.
1892 1974 1934 1980 --
1957 1968 2027 1985 am-

1076 2007 1203 2046 bigendo
1228 2007 1308 2044 vulg.
1332 2021 1373 2027 -—
1402 2001 1448 2042 56)
1470 2003 1622 2041 colligunt
1646 2003 1702 2032 Gu.
1725 2005 1750 2033 1.
1773 2018 1807 2022 —
1849 2002 1896 2038 57)
1926 2011 1946 2029 α
1969 2010 2026 2029 om.

1076 2051 1131 2080 Gu.
1155 2053 1184 2082 2.
1215 2066 1256 2070 —
1293 2050 1337 2081 58)
1369 2047 1499 2078 Ararim
1524 2046 1648 2085 flarius
1672 2045 1873 2080 Germaniae,
1908 2042 1945 2072 de
1967 2053 2026 2082 quo

1079 2093 1250 2132 Virgilius:
1275 2096 1333 2119 aut
1354 2090 1483 2118 Ararim
1505 2088 1644 2118 Parthus
1666 2088 1743 2116 hibet
1766 2086 1836 2118 add.
1861 2086 1917 2114 Gu.
1934 2088 1962 2118 2.
1986 2100 2027 2106 -—

1073 2138 1118 2171 59)
1145 2141 1188 2164 est
1209 2134 1280 2163 add.
1303 2133 1402 2172 vulg.,
1425 2131 1476 2161 sed
1500 2142 1556 2160 orn.
1581 2131 1637 2160 Gu.
1657 2134 1681 2162 1.
1708 2134 1736 2162 2.
1760 2140 1808 2158 va.
1842 2145 1877 2150 —-
1910 2131 1957 2166 60)
1975 2138 2026 2154 ro-

1075 2177 1125 2205 dio
1149 2178 1206 2206 Gu.
1231 2180 1259 2209 2.
1283 2186 1329 2204 va.
1358 2191 1399 2197 —
1433 2171 1483 2214 61)
1513 2173 1563 2202 Sic
1586 2173 1636 2204 Ar.
1661 2189 1703 2195 —
1734 2176 1918 2201 vocaverunt
1946 2169 2024 2205 vulg.

1076 2236 1112 2242 —
1144 2219 1193 2260 62)
1217 2220 1265 2249 Sic
1289 2220 1345 2248 Gu.
1364 2222 1391 2249 1.
1407 2232 1448 2238 —
1465 2217 1549 2254 facit
1566 2227 1632 2255 per.
1657 2216 1738 2254 vulg.
1761 2231 1802 2238 —
1826 2214 1874 2250 63)
1898 2212 1944 2239 Sic
1967 2211 2022 2238 Gu.

1076 2265 1160 2293 1.—
1183 2273 1242 2293 soc.
1267 2263 1343 2301 fert.
1372 2259 1451 2296 vulg.
1474 2275 1516 2280 —
1552 2260 1599 2299 64)
1623 2264 1682 2288 tres
1710 2257 1779 2287 add.
1809 2256 1906 2293 vulg„
1942 2249 2024 2288 quod

1075 2315 1133 2333 0111.
1159 2305 1255 2335 Gu.1.
1282 2321 1318 2328 -
1343 2305 1389 2337 65)
1413 2303 1565 2331 maxima-5
1585 2302 1702 2338 fluvius
1725 2301 1779 2330 Gu.
1803 2301 1831 2329 2.
1856 2312 1890 2317 -
1915 2295 1959 2325 66)
1984 2292 2022 2319 (ll)

1076 2357 1132 2387 pro
1156 2358 1176 2375 α
1200 2348 1255 2376 Gu.
1274 2350 1299 2378 1.
1325 2362 1361 2367 -
1387 2345 1435 2382 67)
1459 2343 1599 2384 dirigunt
1623 2344 1681 2373 Gu.
1700 2347 1725 2374 1.
