<?xml version="1.0" encoding="UTF-8"?>
<!DOCTYPE html PUBLIC "-//W3C//DTD XHTML 1.0 Transitional//EN"
    "http://www.w3.org/TR/xhtml1/DTD/xhtml1-transitional.dtd">
<html xmlns="http://www.w3.org/1999/xhtml" xml:lang="en" lang="en">
 <head>
  <title>
</title>
<meta http-equiv="Content-Type" content="text/html;charset=utf-8" />
  <meta name='ocr-system' content='tesseract 3.04.00' />
  <meta name='ocr-capabilities' content='ocr_page ocr_carea ocr_par ocr_line ocrx_word'/>
</head>
<body>
  <div class='ocr_page' id='page_1' title='image "./corpusgrammatico03linduoft_0598.png"; bbox 0 0 2255 2819; ppageno 0'>
   <div class='ocr_carea' id='block_1_1' title="bbox 236 112 1487 148">
    <p class='ocr_par' dir='ltr' id='par_1_1' title="bbox 236 112 1487 148">
     <span class='ocr_line' id='line_1_1' title="bbox 236 112 1487 148; baseline 0 0"><span class='ocrx_word' id='word_1_1' title='bbox 236 112 312 148; x_wconf 79' lang='lat'>58⁰</span> <span class='ocrx_word' id='word_1_2' title='bbox 931 112 1107 146; x_wconf 86' lang='lat' dir='ltr'>lSlDORl</span> <span class='ocrx_word' id='word_1_3' title='bbox 1133 112 1314 146; x_wconf 88' lang='lat' dir='ltr'>HISPAL.</span> <span class='ocrx_word' id='word_1_4' title='bbox 1341 112 1487 148; x_wconf 91' lang='lat' dir='ltr'>EPISC.</span> 
     </span>
    </p>
   </div>
   <div class='ocr_carea' id='block_1_2' title="bbox 236 205 2178 397">
    <p class='ocr_par' dir='ltr' id='par_1_2' title="bbox 236 205 2178 397">
     <span class='ocr_line' id='line_1_2' title="bbox 236 205 2178 252; baseline -0.001 -9"><span class='ocrx_word' id='word_1_5' title='bbox 236 220 312 243; x_wconf 90' lang='lat' dir='ltr'>cum</span> <span class='ocrx_word' id='word_1_6' title='bbox 345 207 551 252; x_wconf 88' lang='lat' dir='ltr'>impudicitia</span> <span class='ocrx_word' id='word_1_7' title='bbox 584 206 728 246; x_wconf 80' lang='lat' dir='ltr'>theatri,</span> <span class='ocrx_word' id='word_1_8' title='bbox 779 216 855 238; x_wconf 89' lang='lat' dir='ltr'>cum</span> <span class='ocrx_word' id='word_1_9' title='bbox 893 205 1131 249; x_wconf 76' lang='lat' dir='ltr'><strong>amphitheatri</strong></span> <span class='ocrx_word' id='word_1_10' title='bbox 1169 205 1383 245; x_wconf 82' lang='lat' dir='ltr'>crudelitate,</span> <span class='ocrx_word' id='word_1_11' title='bbox 1433 217 1509 239; x_wconf 87' lang='lat' dir='ltr'>cum</span> <span class='ocrx_word' id='word_1_12' title='bbox 1545 207 1717 240; x_wconf 74' lang='lat' dir='ltr'>atrocitate</span> <span class='ocrx_word' id='word_1_13' title='bbox 1754 219 1893 252; x_wconf 85' lang='lat' dir='ltr'>arenae,</span> <span class='ocrx_word' id='word_1_14' title='bbox 1940 219 2017 242; x_wconf 91' lang='lat' dir='ltr'>cum</span> <span class='ocrx_word' id='word_1_15' title='bbox 2051 209 2178 243; x_wconf 84' lang='lat' dir='ltr'>luxuria</span> 
     </span>
     <span class='ocr_line' id='line_1_3' title="bbox 236 257 2178 305; baseline 0.001 -12"><span class='ocrx_word' id='word_1_16' title='bbox 236 261 315 293; x_wconf 92' lang='lat' dir='ltr'>ludi.</span> <span class='ocrx_word' id='word_1_17' title='bbox 368 260 476 292; x_wconf 85' lang='lat' dir='ltr'>Deum</span> <span class='ocrx_word' id='word_1_18' title='bbox 512 259 596 290; x_wconf 86' lang='lat' dir='ltr'>enim</span> <span class='ocrx_word' id='word_1_19' title='bbox 631 261 748 300; x_wconf 79' lang='lat' dir='ltr'>negat,</span> <span class='ocrx_word' id='word_1_20' title='bbox 792 257 848 299; x_wconf 90' lang='lat' dir='ltr'>qui</span> <span class='ocrx_word' id='word_1_21' title='bbox 882 257 961 289; x_wconf 85' lang='lat' dir='ltr'>talia</span> <span class='ocrx_word' id='word_1_22' title='bbox 995 258 1196 302; x_wconf 81' lang='lat' dir='ltr'>praesumit,</span> <span class='ocrx_word' id='word_1_23' title='bbox 1247 257 1326 289; x_wconf 89' lang='lat' dir='ltr'>fidei</span> <span class='ocrx_word' id='word_1_24' title='bbox 1362 257 1568 292; x_wconf 79' lang='lat' dir='ltr'>Christianae</span> <span class='ocrx_word' id='word_1_25' title='bbox 1605 260 1851 304; x_wconf 83' lang='lat' dir='ltr'>praevaricator</span> <span class='ocrx_word' id='word_1_26' title='bbox 1883 260 2049 302; x_wconf 85' lang='lat' dir='ltr'>effectus,</span> <span class='ocrx_word' id='word_1_27' title='bbox 2099 258 2178 305; x_wconf 77' lang='lat' dir='ltr'>qui¹</span> 
     </span>
     <span class='ocr_line' id='line_1_4' title="bbox 236 308 2178 357; baseline 0.001 -13"><span class='ocrx_word' id='word_1_28' title='bbox 236 312 347 344; x_wconf 86' lang='lat' dir='ltr'>denuo</span> <span class='ocrx_word' id='word_1_29' title='bbox 375 311 518 354; x_wconf 76' lang='lat' dir='ltr'>appetit,</span> <span class='ocrx_word' id='word_1_30' title='bbox 560 309 651 352; x_wconf 87' lang='lat' dir='ltr'>quod</span> <span class='ocrx_word' id='word_1_31' title='bbox 679 310 711 340; x_wconf 92' lang='lat' dir='ltr'>in</span> <span class='ocrx_word' id='word_1_32' title='bbox 746 308 878 341; x_wconf 88' lang='lat' dir='ltr'>lavacro</span> <span class='ocrx_word' id='word_1_33' title='bbox 907 309 972 341; x_wconf 92' lang='lat' dir='ltr'>iam</span> <span class='ocrx_word' id='word_1_34' title='bbox 1007 309 1138 354; x_wconf 84' lang='lat' dir='ltr'><strong>pridem</strong></span> <span class='ocrx_word' id='word_1_35' title='bbox 1169 308 1386 349; x_wconf 72' lang='lat' dir='ltr'>renunciavit,</span> <span class='ocrx_word' id='word_1_36' title='bbox 1431 308 1466 340; x_wconf 89' lang='lat' dir='ltr'>id</span> <span class='ocrx_word' id='word_1_37' title='bbox 1499 316 1545 342; x_wconf 85' lang='lat' dir='ltr'>est</span> <span class='ocrx_word' id='word_1_38' title='bbox 1571 311 1729 353; x_wconf 83' lang='lat' dir='ltr'>diabolo,</span> <span class='ocrx_word' id='word_1_39' title='bbox 1766 308 1819 344; x_wconf 80' lang='lat' dir='ltr'>et²</span> <span class='ocrx_word' id='word_1_40' title='bbox 1854 313 2006 357; x_wconf 83' lang='lat' dir='ltr'><strong>pompis,</strong></span> <span class='ocrx_word' id='word_1_41' title='bbox 2035 317 2068 345; x_wconf 88' lang='lat' dir='ltr'>et</span> <span class='ocrx_word' id='word_1_42' title='bbox 2094 324 2178 357; x_wconf 86' lang='lat' dir='ltr'>ope-</span> 
     </span>
     <span class='ocr_line' id='line_1_5' title="bbox 236 363 436 397; baseline 0.005 -2"><span class='ocrx_word' id='word_1_43' title='bbox 236 364 325 397; x_wconf 83' lang='lat' dir='ltr'>ribus</span> <span class='ocrx_word' id='word_1_44' title='bbox 360 363 436 396; x_wconf 85' lang='lat' dir='ltr'>eius.</span> 
     </span>
    </p>
   </div>
   <div class='ocr_carea' id='block_1_3' title="bbox 824 435 1576 470">
    <p class='ocr_par' dir='ltr' id='par_1_3' title="bbox 824 435 1576 470">
     <span class='ocr_line' id='line_1_6' title="bbox 824 435 1576 470; baseline 0.001 -1"><span class='ocrx_word' id='word_1_45' title='bbox 824 436 1093 470; x_wconf 78' lang='lat' dir='ltr'>CARLX.</span> <span class='ocrx_word' id='word_1_46' title='bbox 1173 435 1576 470; x_wconf 79' lang='lat' dir='ltr'>Detabula.</span> 
     </span>
    </p>
   </div>
   <div class='ocr_carea' id='block_1_4' title="bbox 233 508 2177 611">
    <p class='ocr_par' dir='ltr' id='par_1_4' title="bbox 233 508 2177 611">
     <span class='ocr_line' id='line_1_7' title="bbox 397 508 2177 559; baseline 0.003 -15"><span class='ocrx_word' id='word_1_47' title='bbox 397 512 494 553; x_wconf 87' lang='lat' dir='ltr'>Alea,</span> <span class='ocrx_word' id='word_1_48' title='bbox 521 512 555 544; x_wconf 90' lang='lat' dir='ltr'>id</span> <span class='ocrx_word' id='word_1_49' title='bbox 583 516 632 544; x_wconf 82' lang='lat' dir='ltr'>est</span> <span class='ocrx_word' id='word_1_50' title='bbox 658 508 779 546; x_wconf 79' lang='lat' dir='ltr'>ludus³</span> <span class='ocrx_word' id='word_1_51' title='bbox 805 513 941 546; x_wconf 87' lang='lat' dir='ltr'>tabulae</span> <span class='ocrx_word' id='word_1_52' title='bbox 966 514 1098 547; x_wconf 86' lang='lat' dir='ltr'>inventa</span> <span class='ocrx_word' id='word_1_53' title='bbox 1125 525 1143 546; x_wconf 93' lang='lat' dir='ltr'>a</span> <span class='ocrx_word' id='word_1_54' title='bbox 1168 512 1306 546; x_wconf 85' lang='lat' dir='ltr'>Graecis</span> <span class='ocrx_word' id='word_1_55' title='bbox 1334 513 1365 544; x_wconf 91' lang='lat' dir='ltr'>in</span> <span class='ocrx_word' id='word_1_56' title='bbox 1391 512 1459 544; x_wconf 91' lang='lat' dir='ltr'>otio</span> <span class='ocrx_word' id='word_1_57' title='bbox 1486 512 1622 546; x_wconf 82' lang='lat' dir='ltr'>Troiani</span> <span class='ocrx_word' id='word_1_58' title='bbox 1649 514 1730 546; x_wconf 87' lang='lat' dir='ltr'>belli</span> <span class='ocrx_word' id='word_1_59' title='bbox 1758 527 1776 548; x_wconf 91' lang='lat' dir='ltr'>a</span> <span class='ocrx_word' id='word_1_60' title='bbox 1794 515 1943 559; x_wconf 89' lang='lat' dir='ltr'>quodam</span> <span class='ocrx_word' id='word_1_61' title='bbox 1970 517 2074 550; x_wconf 89' lang='lat' dir='ltr'>milite</span> <span class='ocrx_word' id='word_1_62' title='bbox 2093 516 2177 550; x_wconf 87' lang='lat' dir='ltr'>Alea</span> 
     </span>
     <span class='ocr_line' id='line_1_8' title="bbox 233 560 1892 611; baseline 0.002 -14"><span class='ocrx_word' id='word_1_63' title='bbox 233 560 402 606; x_wconf 82' lang='lat' dir='ltr'>nomine⁴‚</span> <span class='ocrx_word' id='word_1_64' title='bbox 429 576 448 596; x_wconf 91' lang='lat' dir='ltr'>a</span> <span class='ocrx_word' id='word_1_65' title='bbox 475 575 542 608; x_wconf 90' lang='lat' dir='ltr'>quo</span> <span class='ocrx_word' id='word_1_66' title='bbox 570 569 602 597; x_wconf 87' lang='lat' dir='ltr'>et</span> <span class='ocrx_word' id='word_1_67' title='bbox 628 576 679 596; x_wconf 81' lang='lat' dir='ltr'>ars</span> <span class='ocrx_word' id='word_1_68' title='bbox 707 576 827 597; x_wconf 85' lang='lat' dir='ltr'>nomen</span> <span class='ocrx_word' id='word_1_69' title='bbox 855 567 997 610; x_wconf 87' lang='lat' dir='ltr'>accepit.</span> <span class='ocrx_word' id='word_1_70' title='bbox 1049 565 1181 598; x_wconf 82' lang='lat' dir='ltr'>Tabula</span> <span class='ocrx_word' id='word_1_71' title='bbox 1209 564 1334 598; x_wconf 79' lang='lat' dir='ltr'>luditur</span> <span class='ocrx_word' id='word_1_72' title='bbox 1360 575 1490 608; x_wconf 72' lang='lat' dir='ltr'>pyrgo,</span> <span class='ocrx_word' id='word_1_73' title='bbox 1527 565 1663 598; x_wconf 83' lang='lat' dir='ltr'>calculis</span> <span class='ocrx_word' id='word_1_74' title='bbox 1689 568 1892 611; x_wconf 80' lang='lat' dir='ltr'>tesserisque.</span> 
     </span>
    </p>
   </div>
   <div class='ocr_carea' id='block_1_5' title="bbox 812 659 1588 705">
    <p class='ocr_par' dir='ltr' id='par_1_5' title="bbox 812 659 1588 705">
     <span class='ocr_line' id='line_1_9' title="bbox 812 659 1588 705; baseline 0 -13"><span class='ocrx_word' id='word_1_75' title='bbox 812 659 1102 693; x_wconf 75' lang='lat' dir='ltr'>CARLXl.</span> <span class='ocrx_word' id='word_1_76' title='bbox 1188 659 1264 692; x_wconf 81' lang='lat' dir='ltr'>De</span> <span class='ocrx_word' id='word_1_77' title='bbox 1320 661 1588 705; x_wconf 74' lang='lat' dir='ltr'>pyrgis.</span> 
     </span>
    </p>
   </div>
   <div class='ocr_carea' id='block_1_6' title="bbox 232 733 2175 834">
    <p class='ocr_par' dir='ltr' id='par_1_6' title="bbox 232 733 2175 834">
     <span class='ocr_line' id='line_1_10' title="bbox 395 733 2175 782; baseline 0.002 -16"><span class='ocrx_word' id='word_1_78' title='bbox 395 733 526 778; x_wconf 72' lang='lat' dir='ltr'>Pyrgus</span> <span class='ocrx_word' id='word_1_79' title='bbox 553 735 677 777; x_wconf 88' lang='lat' dir='ltr'>dietus,</span> <span class='ocrx_word' id='word_1_80' title='bbox 714 735 806 779; x_wconf 87' lang='lat' dir='ltr'>quod</span> <span class='ocrx_word' id='word_1_81' title='bbox 830 748 892 780; x_wconf 90' lang='lat' dir='ltr'>per</span> <span class='ocrx_word' id='word_1_82' title='bbox 920 749 995 770; x_wconf 85' lang='lat' dir='ltr'>eum</span> <span class='ocrx_word' id='word_1_83' title='bbox 1023 742 1164 770; x_wconf 78' lang='lat' dir='ltr'>tesserae</span> <span class='ocrx_word' id='word_1_84' title='bbox 1190 742 1352 782; x_wconf 79' lang='lat' dir='ltr'>pergant,</span> <span class='ocrx_word' id='word_1_85' title='bbox 1394 738 1461 770; x_wconf 78' lang='lat' dir='ltr'>sive</span> <span class='ocrx_word' id='word_1_86' title='bbox 1489 737 1581 780; x_wconf 88' lang='lat' dir='ltr'>quod</span> <span class='ocrx_word' id='word_1_87' title='bbox 1609 737 1703 770; x_wconf 88' lang='lat' dir='ltr'>turris</span> <span class='ocrx_word' id='word_1_88' title='bbox 1729 738 1875 782; x_wconf 86' lang='lat' dir='ltr'>speciem</span> <span class='ocrx_word' id='word_1_89' title='bbox 1902 738 2035 772; x_wconf 82' lang='lat' dir='ltr'>habeat.</span> <span class='ocrx_word' id='word_1_90' title='bbox 2090 739 2175 771; x_wconf 77' lang='lat' dir='ltr'>Nam</span> 
     </span>
     <span class='ocr_line' id='line_1_11' title="bbox 232 783 849 834; baseline 0.002 -16"><span class='ocrx_word' id='word_1_91' title='bbox 232 784 356 819; x_wconf 88' lang='lat' dir='ltr'>Graeci</span> <span class='ocrx_word' id='word_1_92' title='bbox 384 783 530 819; x_wconf 75' lang='lat' dir='ltr'>turrem⁵</span> <span class='ocrx_word' id='word_1_93' title='bbox 556 784 693 834; x_wconf 75' lang='grc' dir='ltr'><em>πύργον</em></span> <span class='ocrx_word' id='word_1_94' title='bbox 721 794 849 822; x_wconf 85' lang='lat' dir='ltr'>vocant.</span> 
     </span>
    </p>
   </div>
   <div class='ocr_carea' id='block_1_7' title="bbox 772 872 1632 907">
    <p class='ocr_par' dir='ltr' id='par_1_7' title="bbox 772 872 1632 907">
     <span class='ocr_line' id='line_1_12' title="bbox 772 872 1632 907; baseline 0 -1"><span class='ocrx_word' id='word_1_95' title='bbox 772 872 921 906; x_wconf 86' lang='lat' dir='ltr'>CAP.</span> <span class='ocrx_word' id='word_1_96' title='bbox 976 873 1080 906; x_wconf 86' lang='lat' dir='ltr'>LXII.</span> <span class='ocrx_word' id='word_1_97' title='bbox 1160 873 1243 906; x_wconf 79' lang='lat' dir='ltr'>De</span> <span class='ocrx_word' id='word_1_98' title='bbox 1295 874 1632 907; x_wconf 79' lang='lat' dir='ltr'>calculis.</span> 
     </span>
    </p>
   </div>
   <div class='ocr_carea' id='block_1_8' title="bbox 231 949 2176 1088">
    <p class='ocr_par' dir='ltr' id='par_1_8' title="bbox 231 949 2176 1088">
     <span class='ocr_line' id='line_1_13' title="bbox 398 949 2176 995; baseline 0 -11"><span class='ocrx_word' id='word_1_99' title='bbox 398 950 528 985; x_wconf 82' lang='lat' dir='ltr'>Calculi</span> <span class='ocrx_word' id='word_1_100' title='bbox 553 949 678 989; x_wconf 81' lang='lat' dir='ltr'>vocati,</span> <span class='ocrx_word' id='word_1_101' title='bbox 720 949 812 992; x_wconf 89' lang='lat' dir='ltr'>quod</span> <span class='ocrx_word' id='word_1_102' title='bbox 840 951 928 982; x_wconf 79' lang='lat' dir='ltr'>leves</span> <span class='ocrx_word' id='word_1_103' title='bbox 954 951 1016 982; x_wconf 82' lang='lat' dir='ltr'>sint</span> <span class='ocrx_word' id='word_1_104' title='bbox 1051 955 1083 982; x_wconf 89' lang='lat' dir='ltr'>et</span> <span class='ocrx_word' id='word_1_105' title='bbox 1109 950 1250 982; x_wconf 86' lang='lat' dir='ltr'>rotundi.</span> <span class='ocrx_word' id='word_1_106' title='bbox 1325 950 1425 983; x_wconf 89' lang='lat' dir='ltr'>Unde</span> <span class='ocrx_word' id='word_1_107' title='bbox 1453 955 1485 983; x_wconf 87' lang='lat' dir='ltr'>et</span> <span class='ocrx_word' id='word_1_108' title='bbox 1511 951 1656 983; x_wconf 88' lang='lat' dir='ltr'>calculus</span> <span class='ocrx_word' id='word_1_109' title='bbox 1690 949 1810 983; x_wconf 87' lang='lat' dir='ltr'>dicitur</span> <span class='ocrx_word' id='word_1_110' title='bbox 1837 950 1922 995; x_wconf 87' lang='lat' dir='ltr'>lapis</span> <span class='ocrx_word' id='word_1_111' title='bbox 1947 951 2072 991; x_wconf 77' lang='lat' dir='ltr'>brevis,</span> <span class='ocrx_word' id='word_1_112' title='bbox 2119 952 2176 994; x_wconf 90' lang='lat' dir='ltr'>qui</span> 
     </span>
     <span class='ocr_line' id='line_1_14' title="bbox 231 998 2175 1046; baseline 0 -10"><span class='ocrx_word' id='word_1_113' title='bbox 231 1005 299 1037; x_wconf 81' lang='lat' dir='ltr'>sine</span> <span class='ocrx_word' id='word_1_114' title='bbox 325 1003 477 1036; x_wconf 77' lang='lat' dir='ltr'>molestia</span> <span class='ocrx_word' id='word_1_115' title='bbox 510 1001 558 1034; x_wconf 83' lang='lat' dir='ltr'>sui</span> <span class='ocrx_word' id='word_1_116' title='bbox 593 1001 752 1033; x_wconf 86' lang='lat' dir='ltr'>brevitate</span> <span class='ocrx_word' id='word_1_117' title='bbox 787 1002 942 1035; x_wconf 84' lang='lat' dir='ltr'>calcatur.</span> <span class='ocrx_word' id='word_1_118' title='bbox 1010 1002 1093 1034; x_wconf 84' lang='lat' dir='ltr'>ltem</span> <span class='ocrx_word' id='word_1_119' title='bbox 1121 1002 1258 1040; x_wconf 75' lang='lat' dir='ltr'>calculi,</span> <span class='ocrx_word' id='word_1_120' title='bbox 1301 1002 1392 1045; x_wconf 90' lang='lat' dir='ltr'>quod</span> <span class='ocrx_word' id='word_1_121' title='bbox 1429 1013 1490 1046; x_wconf 85' lang='lat' dir='ltr'>per</span> <span class='ocrx_word' id='word_1_122' title='bbox 1527 1002 1592 1034; x_wconf 78' lang='lat' dir='ltr'>vius</span> <span class='ocrx_word' id='word_1_123' title='bbox 1620 998 1809 1036; x_wconf 74' lang='lat' dir='ltr'>ordinales⁸</span> <span class='ocrx_word' id='word_1_124' title='bbox 1841 1002 1934 1046; x_wconf 82' lang='lat' dir='ltr'>quasi</span> <span class='ocrx_word' id='word_1_125' title='bbox 1960 1014 2022 1046; x_wconf 85' lang='lat' dir='ltr'>per</span> <span class='ocrx_word' id='word_1_126' title='bbox 2049 999 2175 1036; x_wconf 68' lang='lat' dir='ltr'>calles&#39;</span> 
     </span>
     <span class='ocr_line' id='line_1_15' title="bbox 231 1052 340 1088; baseline -0.009 0"><span class='ocrx_word' id='word_1_127' title='bbox 231 1060 306 1088; x_wconf 87' lang='lat' dir='ltr'>eant</span> <span class='ocrx_word' id='word_1_128' title='bbox 317 1052 340 1087; x_wconf 66' lang='grc' dir='ltr'>Β.</span> 
     </span>
    </p>
   </div>
   <div class='ocr_carea' id='block_1_9' title="bbox 767 1125 1629 1161">
    <p class='ocr_par' dir='ltr' id='par_1_9' title="bbox 767 1125 1629 1161">
     <span class='ocr_line' id='line_1_16' title="bbox 767 1125 1629 1161; baseline 0.001 -2"><span class='ocrx_word' id='word_1_129' title='bbox 767 1125 1086 1161; x_wconf 74' lang='lat' dir='ltr'>CARLXHI.</span> <span class='ocrx_word' id='word_1_130' title='bbox 1170 1126 1629 1160; x_wconf 79' lang='lat' dir='ltr'>Detesseris.</span> 
     </span>
    </p>
   </div>
   <div class='ocr_carea' id='block_1_10' title="bbox 230 1199 2176 1300">
    <p class='ocr_par' dir='ltr' id='par_1_10' title="bbox 230 1199 2176 1300">
     <span class='ocr_line' id='line_1_17' title="bbox 392 1199 2176 1249; baseline 0.002 -13"><span class='ocrx_word' id='word_1_131' title='bbox 392 1205 556 1237; x_wconf 79' lang='lat' dir='ltr'>Tesserae</span> <span class='ocrx_word' id='word_1_132' title='bbox 589 1207 748 1244; x_wconf 88' lang='lat' dir='ltr'>vocatae,</span> <span class='ocrx_word' id='word_1_133' title='bbox 793 1203 870 1246; x_wconf 85' lang='lat' dir='ltr'>quia</span> <span class='ocrx_word' id='word_1_134' title='bbox 906 1199 1114 1245; x_wconf 80' lang='lat' dir='ltr'>quadratae⁹</span> <span class='ocrx_word' id='word_1_135' title='bbox 1152 1208 1226 1234; x_wconf 87' lang='lat' dir='ltr'>sunt</span> <span class='ocrx_word' id='word_1_136' title='bbox 1261 1214 1300 1236; x_wconf 84' lang='lat' dir='ltr'>ex</span> <span class='ocrx_word' id='word_1_137' title='bbox 1333 1204 1484 1236; x_wconf 87' lang='lat' dir='ltr'>omnibus</span> <span class='ocrx_word' id='word_1_138' title='bbox 1519 1204 1668 1248; x_wconf 76' lang='lat' dir='ltr'>partibus</span> <span class='ocrx_word' id='word_1_139' title='bbox 1681 1200 1714 1238; x_wconf 88' lang='lat'>¹⁰.</span> <span class='ocrx_word' id='word_1_140' title='bbox 1789 1204 1859 1237; x_wconf 80' lang='lat' dir='ltr'>Has</span> <span class='ocrx_word' id='word_1_141' title='bbox 1894 1204 1947 1236; x_wconf 89' lang='lat' dir='ltr'>alii</span> <span class='ocrx_word' id='word_1_142' title='bbox 1983 1205 2176 1249; x_wconf 84' lang='lat' dir='ltr'>lepusculos</span> 
     </span>
     <span class='ocr_line' id='line_1_18' title="bbox 230 1251 2174 1300; baseline 0 -10"><span class='ocrx_word' id='word_1_143' title='bbox 230 1261 370 1296; x_wconf 80' lang='lat' dir='ltr'>vocant,</span> <span class='ocrx_word' id='word_1_144' title='bbox 424 1267 465 1289; x_wconf 87' lang='lat' dir='ltr'>eo</span> <span class='ocrx_word' id='word_1_145' title='bbox 499 1254 592 1298; x_wconf 92' lang='lat' dir='ltr'>quod</span> <span class='ocrx_word' id='word_1_146' title='bbox 629 1254 796 1287; x_wconf 80' lang='lat' dir='ltr'>exiliendo</span> <span class='ocrx_word' id='word_1_147' title='bbox 840 1254 1025 1287; x_wconf 82' lang='lat' dir='ltr'>discurrunt</span> <span class='ocrx_word' id='word_1_148' title='bbox 1045 1251 1076 1286; x_wconf 91' lang='lat'>¹¹.</span> <span class='ocrx_word' id='word_1_149' title='bbox 1157 1254 1249 1287; x_wconf 87' lang='lat' dir='ltr'>Olim</span> <span class='ocrx_word' id='word_1_150' title='bbox 1296 1261 1406 1287; x_wconf 84' lang='lat' dir='ltr'>autem</span> <span class='ocrx_word' id='word_1_151' title='bbox 1450 1260 1592 1288; x_wconf 80' lang='lat' dir='ltr'>tesserae</span> <span class='ocrx_word' id='word_1_152' title='bbox 1633 1256 1742 1289; x_wconf 86' lang='lat' dir='ltr'>iacula</span> <span class='ocrx_word' id='word_1_153' title='bbox 1787 1256 2046 1300; x_wconf 85' lang='lat' dir='ltr'>appellabantur</span> <span class='ocrx_word' id='word_1_154' title='bbox 2063 1254 2085 1274; x_wconf 83' lang='lat'>¹²</span> <span class='ocrx_word' id='word_1_155' title='bbox 2132 1258 2174 1290; x_wconf 83' lang='lat' dir='ltr'>ab</span> 
     </span>
    </p>
   </div>
   <div class='ocr_carea' id='block_1_11' title="bbox 228 1304 1681 1427">
    <p class='ocr_par' dir='ltr' id='par_1_11' title="bbox 228 1304 1681 1427">
     <span class='ocr_line' id='line_1_19' title="bbox 228 1304 431 1343; baseline 0.005 -2"><span class='ocrx_word' id='word_1_156' title='bbox 228 1308 380 1343; x_wconf 86' lang='lat' dir='ltr'>iaciendo</span> <span class='ocrx_word' id='word_1_157' title='bbox 398 1304 431 1342; x_wconf 82' lang='lat'>¹³.</span> 
     </span>
     <span class='ocr_line' id='line_1_20' title="bbox 702 1381 1681 1427; baseline 0 -11"><span class='ocrx_word' id='word_1_158' title='bbox 702 1382 853 1416; x_wconf 80' lang='lat' dir='ltr'>CAP.</span> <span class='ocrx_word' id='word_1_159' title='bbox 907 1382 1028 1416; x_wconf 78' lang='lat' dir='ltr'>Lxlv.</span> <span class='ocrx_word' id='word_1_160' title='bbox 1106 1382 1183 1415; x_wconf 86' lang='lat' dir='ltr'>De</span> <span class='ocrx_word' id='word_1_161' title='bbox 1233 1381 1457 1427; x_wconf 80' lang='lat' dir='ltr'>figuris</span> <span class='ocrx_word' id='word_1_162' title='bbox 1510 1384 1681 1416; x_wconf 76' lang='lat' dir='ltr'>aleae.</span> 
     </span>
    </p>
   </div>
   <div class='ocr_carea' id='block_1_12' title="bbox 229 1455 2175 1709">
    <p class='ocr_par' dir='ltr' id='par_1_12' title="bbox 229 1455 2175 1709">
     <span class='ocr_line' id='line_1_21' title="bbox 394 1455 2174 1504; baseline 0.001 -12"><span class='ocrx_word' id='word_1_163' title='bbox 394 1460 541 1500; x_wconf 83' lang='lat' dir='ltr'>Quidam</span> <span class='ocrx_word' id='word_1_164' title='bbox 569 1464 678 1492; x_wconf 78' lang='lat' dir='ltr'>autem</span> <span class='ocrx_word' id='word_1_165' title='bbox 708 1460 868 1492; x_wconf 71' lang='lat' dir='ltr'>aleatores</span> <span class='ocrx_word' id='word_1_166' title='bbox 898 1459 957 1491; x_wconf 83' lang='lat' dir='ltr'>sibi</span> <span class='ocrx_word' id='word_1_167' title='bbox 981 1459 1132 1491; x_wconf 80' lang='lat' dir='ltr'>videntur</span> <span class='ocrx_word' id='word_1_168' title='bbox 1155 1459 1392 1503; x_wconf 72' lang='lat' dir='ltr'>physiologice</span> <span class='ocrx_word' id='word_1_169' title='bbox 1420 1459 1508 1493; x_wconf 84' lang='lat' dir='ltr'>hanc</span> <span class='ocrx_word' id='word_1_170' title='bbox 1535 1464 1638 1492; x_wconf 85' lang='lat' dir='ltr'>artem</span> <span class='ocrx_word' id='word_1_171' title='bbox 1661 1471 1723 1504; x_wconf 86' lang='lat' dir='ltr'>per</span> <span class='ocrx_word' id='word_1_172' title='bbox 1748 1459 1944 1504; x_wconf 84' lang='lat' dir='ltr'>allegoriam</span> <span class='ocrx_word' id='word_1_173' title='bbox 1960 1455 1983 1476; x_wconf 68' lang='lat'>¹⁴</span> <span class='ocrx_word' id='word_1_174' title='bbox 2010 1470 2174 1501; x_wconf 85' lang='lat' dir='ltr'>exercere,</span> 
     </span>
     <span class='ocr_line' id='line_1_22' title="bbox 230 1511 2175 1555; baseline 0.001 -11"><span class='ocrx_word' id='word_1_175' title='bbox 230 1516 262 1544; x_wconf 87' lang='lat' dir='ltr'>et</span> <span class='ocrx_word' id='word_1_176' title='bbox 288 1511 348 1544; x_wconf 86' lang='lat' dir='ltr'>sub</span> <span class='ocrx_word' id='word_1_177' title='bbox 373 1512 520 1553; x_wconf 89' lang='lat' dir='ltr'>quadam</span> <span class='ocrx_word' id='word_1_178' title='bbox 549 1523 657 1543; x_wconf 87' lang='lat' dir='ltr'>rerum</span> <span class='ocrx_word' id='word_1_179' title='bbox 682 1512 895 1544; x_wconf 81' lang='lat' dir='ltr'>similitudine</span> <span class='ocrx_word' id='word_1_180' title='bbox 922 1512 1059 1554; x_wconf 58' lang='lat' dir='ltr'>lingere.</span> <span class='ocrx_word' id='word_1_181' title='bbox 1114 1512 1199 1543; x_wconf 67' lang='lat' dir='ltr'>Nam</span> <span class='ocrx_word' id='word_1_182' title='bbox 1228 1512 1330 1542; x_wconf 84' lang='lat' dir='ltr'>tribus</span> <span class='ocrx_word' id='word_1_183' title='bbox 1356 1512 1482 1543; x_wconf 78' lang='lat' dir='ltr'>tesseris</span> <span class='ocrx_word' id='word_1_184' title='bbox 1510 1511 1627 1544; x_wconf 86' lang='lat' dir='ltr'>ludere</span> <span class='ocrx_word' id='word_1_185' title='bbox 1659 1511 1837 1555; x_wconf 84' lang='lat' dir='ltr'>perhibent</span> <span class='ocrx_word' id='word_1_186' title='bbox 1863 1515 2003 1555; x_wconf 86' lang='lat' dir='ltr'>propter</span> <span class='ocrx_word' id='word_1_187' title='bbox 2029 1512 2091 1544; x_wconf 88' lang='lat' dir='ltr'>tria</span> <span class='ocrx_word' id='word_1_188' title='bbox 2121 1524 2175 1545; x_wconf 88' lang='lat' dir='ltr'>se-</span> 
     </span>
     <span class='ocr_line' id='line_1_23' title="bbox 229 1559 2174 1607; baseline 0.001 -12"><span class='ocrx_word' id='word_1_189' title='bbox 229 1563 295 1596; x_wconf 90' lang='lat' dir='ltr'>culi</span> <span class='ocrx_word' id='word_1_190' title='bbox 321 1567 475 1606; x_wconf 83' lang='lat' dir='ltr'>tempora</span> <span class='ocrx_word' id='word_1_191' title='bbox 491 1559 530 1604; x_wconf 75' lang='lat'>¹⁵,</span> <span class='ocrx_word' id='word_1_192' title='bbox 566 1563 762 1606; x_wconf 82' lang='lat' dir='ltr'>praeterita,</span> <span class='ocrx_word' id='word_1_193' title='bbox 803 1559 1024 1606; x_wconf 55' lang='lat' dir='ltr'>praesentiam</span> <span class='ocrx_word' id='word_1_194' title='bbox 1052 1567 1084 1595; x_wconf 87' lang='lat' dir='ltr'>et</span> <span class='ocrx_word' id='word_1_195' title='bbox 1111 1562 1237 1603; x_wconf 85' lang='lat' dir='ltr'>sutura,</span> <span class='ocrx_word' id='word_1_196' title='bbox 1280 1562 1357 1605; x_wconf 85' lang='lat' dir='ltr'>quia</span> <span class='ocrx_word' id='word_1_197' title='bbox 1384 1574 1449 1594; x_wconf 85' lang='lat' dir='ltr'>non</span> <span class='ocrx_word' id='word_1_198' title='bbox 1475 1568 1574 1604; x_wconf 76' lang='lat' dir='ltr'>stant,</span> <span class='ocrx_word' id='word_1_199' title='bbox 1615 1563 1674 1595; x_wconf 83' lang='lat' dir='ltr'>sed</span> <span class='ocrx_word' id='word_1_200' title='bbox 1703 1567 1836 1595; x_wconf 84' lang='lat' dir='ltr'>currunt</span> <span class='ocrx_word' id='word_1_201' title='bbox 1848 1559 1880 1595; x_wconf 76' lang='lat'>¹⁷.</span> <span class='ocrx_word' id='word_1_202' title='bbox 1934 1562 2002 1594; x_wconf 89' lang='lat' dir='ltr'>Sed</span> <span class='ocrx_word' id='word_1_203' title='bbox 2031 1568 2063 1595; x_wconf 87' lang='lat' dir='ltr'>et</span> <span class='ocrx_word' id='word_1_204' title='bbox 2088 1563 2174 1607; x_wconf 82' lang='lat' dir='ltr'>ipsas</span> 
     </span>
     <span class='ocr_line' id='line_1_24' title="bbox 229 1610 2173 1659; baseline 0.001 -13"><span class='ocrx_word' id='word_1_205' title='bbox 229 1615 295 1646; x_wconf 83' lang='lat' dir='ltr'>vias</span> <span class='ocrx_word' id='word_1_206' title='bbox 322 1614 456 1646; x_wconf 83' lang='lat' dir='ltr'>senariis</span> <span class='ocrx_word' id='word_1_207' title='bbox 484 1614 566 1646; x_wconf 86' lang='lat' dir='ltr'>locis</span> <span class='ocrx_word' id='word_1_208' title='bbox 594 1614 758 1647; x_wconf 85' lang='lat' dir='ltr'>distinctas</span> <span class='ocrx_word' id='word_1_209' title='bbox 785 1620 924 1658; x_wconf 82' lang='lat' dir='ltr'>propter</span> <span class='ocrx_word' id='word_1_210' title='bbox 951 1619 1074 1646; x_wconf 82' lang='lat' dir='ltr'>aetates</span> <span class='ocrx_word' id='word_1_211' title='bbox 1101 1613 1274 1646; x_wconf 88' lang='lat' dir='ltr'>hominum</span> <span class='ocrx_word' id='word_1_212' title='bbox 1302 1614 1448 1645; x_wconf 78' lang='lat' dir='ltr'>ternariis</span> <span class='ocrx_word' id='word_1_213' title='bbox 1464 1610 1486 1630; x_wconf 72' lang='lat'>¹⁸</span> <span class='ocrx_word' id='word_1_214' title='bbox 1512 1614 1604 1646; x_wconf 86' lang='lat' dir='ltr'>lineis</span> <span class='ocrx_word' id='word_1_215' title='bbox 1629 1619 1772 1658; x_wconf 86' lang='lat' dir='ltr'>propter</span> <span class='ocrx_word' id='word_1_216' title='bbox 1806 1619 1960 1657; x_wconf 86' lang='lat' dir='ltr'>tempora</span> <span class='ocrx_word' id='word_1_217' title='bbox 1995 1625 2173 1659; x_wconf 84' lang='lat' dir='ltr'>argumen-</span> 
     </span>
     <span class='ocr_line' id='line_1_25' title="bbox 229 1662 1411 1709; baseline 0 -12"><span class='ocrx_word' id='word_1_218' title='bbox 229 1670 337 1698; x_wconf 82' lang='lat' dir='ltr'>tantur</span> <span class='ocrx_word' id='word_1_219' title='bbox 354 1663 386 1699; x_wconf 57' lang='grc' dir='ltr'>ω.</span> <span class='ocrx_word' id='word_1_220' title='bbox 440 1665 524 1698; x_wconf 86' lang='lat' dir='ltr'>lude</span> <span class='ocrx_word' id='word_1_221' title='bbox 551 1669 583 1697; x_wconf 89' lang='lat' dir='ltr'>et</span> <span class='ocrx_word' id='word_1_222' title='bbox 610 1666 757 1698; x_wconf 82' lang='lat' dir='ltr'>tabulam</span> <span class='ocrx_word' id='word_1_223' title='bbox 785 1666 898 1699; x_wconf 87' lang='lat' dir='ltr'>dicunt</span> <span class='ocrx_word' id='word_1_224' title='bbox 925 1665 1016 1697; x_wconf 88' lang='lat' dir='ltr'>lineis</span> <span class='ocrx_word' id='word_1_225' title='bbox 1042 1666 1140 1698; x_wconf 84' lang='lat' dir='ltr'>ternis</span> <span class='ocrx_word' id='word_1_226' title='bbox 1168 1665 1368 1709; x_wconf 81' lang='lat' dir='ltr'>descriptam</span> <span class='ocrx_word' id='word_1_227' title='bbox 1379 1662 1411 1697; x_wconf 72' lang='lat'>²⁰.</span> 
     </span>
    </p>
   </div>
   <div class='ocr_carea' id='block_1_13' title="bbox 658 1749 1730 1784">
    <p class='ocr_par' dir='ltr' id='par_1_13' title="bbox 658 1749 1730 1784">
     <span class='ocr_line' id='line_1_26' title="bbox 658 1749 1730 1784; baseline 0 -2"><span class='ocrx_word' id='word_1_228' title='bbox 658 1749 808 1782; x_wconf 90' lang='lat' dir='ltr'>CAP.</span> <span class='ocrx_word' id='word_1_229' title='bbox 861 1750 966 1783; x_wconf 84' lang='lat' dir='ltr'>LXV.</span> <span class='ocrx_word' id='word_1_230' title='bbox 1041 1751 1105 1783; x_wconf 79' lang='lat' dir='ltr'>De</span> <span class='ocrx_word' id='word_1_231' title='bbox 1157 1750 1397 1784; x_wconf 76' lang='lat' dir='ltr'>vocabulis</span> <span class='ocrx_word' id='word_1_232' title='bbox 1447 1753 1730 1782; x_wconf 80' lang='lat' dir='ltr'>tesserarum.</span> 
     </span>
    </p>
   </div>
   <div class='ocr_carea' id='block_1_14' title="bbox 394 1813 2171 1862">
    <p class='ocr_par' dir='ltr' id='par_1_14' title="bbox 394 1813 2171 1862">
     <span class='ocr_line' id='line_1_27' title="bbox 394 1813 2171 1862; baseline 0.001 -13"><span class='ocrx_word' id='word_1_233' title='bbox 394 1818 500 1851; x_wconf 86' lang='lat' dir='ltr'>lactus</span> <span class='ocrx_word' id='word_1_234' title='bbox 526 1818 666 1861; x_wconf 86' lang='lat' dir='ltr'>quisque</span> <span class='ocrx_word' id='word_1_235' title='bbox 676 1815 699 1834; x_wconf 90' lang='lat'>²¹</span> <span class='ocrx_word' id='word_1_236' title='bbox 728 1819 820 1862; x_wconf 88' lang='lat' dir='ltr'>apud</span> <span class='ocrx_word' id='word_1_237' title='bbox 848 1819 973 1852; x_wconf 83' lang='lat' dir='ltr'>lusores</span> <span class='ocrx_word' id='word_1_238' title='bbox 999 1824 1126 1852; x_wconf 83' lang='lat' dir='ltr'>veteres</span> <span class='ocrx_word' id='word_1_239' title='bbox 1149 1831 1168 1852; x_wconf 87' lang='lat' dir='ltr'>a</span> <span class='ocrx_word' id='word_1_240' title='bbox 1188 1830 1326 1852; x_wconf 85' lang='lat' dir='ltr'>numero</span> <span class='ocrx_word' id='word_1_241' title='bbox 1352 1817 1553 1861; x_wconf 82' lang='lat' dir='ltr'>vocabatur,</span> <span class='ocrx_word' id='word_1_242' title='bbox 1581 1822 1616 1850; x_wconf 90' lang='lat' dir='ltr'>ut</span> <span class='ocrx_word' id='word_1_243' title='bbox 1642 1818 1732 1859; x_wconf 90' lang='lat' dir='ltr'>unio,</span> <span class='ocrx_word' id='word_1_244' title='bbox 1759 1814 1896 1859; x_wconf 62' lang='lat' dir='ltr'>bunion,</span> <span class='ocrx_word' id='word_1_245' title='bbox 1922 1813 2062 1858; x_wconf 57' lang='lat' dir='ltr'>trinioffl,</span> <span class='ocrx_word' id='word_1_246' title='bbox 2087 1829 2171 1861; x_wconf 82' lang='lat' dir='ltr'>qua-</span> 
     </span>
    </p>
   </div>
   <div class='ocr_carea' id='block_1_15' title="bbox 231 1931 2171 2313">
    <p class='ocr_par' dir='ltr' id='par_1_15' title="bbox 231 1931 2171 2313">
     <span class='ocr_line' id='line_1_28' title="bbox 316 1931 2171 1976; baseline 0.003 -17"><span class='ocrx_word' id='word_1_247' title='bbox 316 1935 341 1967; x_wconf 82' lang='lat' dir='ltr'>l)</span> <span class='ocrx_word' id='word_1_248' title='bbox 365 1931 400 1959; x_wconf 77' lang='lat' dir='ltr'>id</span> <span class='ocrx_word' id='word_1_249' title='bbox 421 1933 486 1962; x_wconf 89' lang='lat' dir='ltr'>add.</span> <span class='ocrx_word' id='word_1_250' title='bbox 510 1935 587 1972; x_wconf 81' lang='lat' dir='ltr'>vulg.</span> <span class='ocrx_word' id='word_1_251' title='bbox 611 1952 653 1956; x_wconf 92' lang='lat'>—-</span> <span class='ocrx_word' id='word_1_252' title='bbox 675 1936 741 1964; x_wconf 86' lang='lat' dir='ltr'>Om.</span> <span class='ocrx_word' id='word_1_253' title='bbox 766 1937 820 1964; x_wconf 91' lang='lat' dir='ltr'>Gu.</span> <span class='ocrx_word' id='word_1_254' title='bbox 836 1939 861 1967; x_wconf 87' lang='lat'>1.</span> <span class='ocrx_word' id='word_1_255' title='bbox 881 1939 909 1969; x_wconf 81' lang='grc'>2.</span> <span class='ocrx_word' id='word_1_256' title='bbox 933 1935 991 1976; x_wconf 76' lang='lat' dir='ltr'>(de</span> <span class='ocrx_word' id='word_1_257' title='bbox 1013 1939 1108 1973; x_wconf 71' lang='lat' dir='ltr'>novo)</span> <span class='ocrx_word' id='word_1_258' title='bbox 1140 1955 1177 1959; x_wconf 90' lang='lat'><strong>—</strong></span> <span class='ocrx_word' id='word_1_259' title='bbox 1222 1942 1308 1974; x_wconf 63' lang='lat' dir='ltr'>temp.</span> <span class='ocrx_word' id='word_1_260' title='bbox 1335 1946 1390 1966; x_wconf 76' lang='lat' dir='ltr'>sec.</span> <span class='ocrx_word' id='word_1_261' title='bbox 1414 1936 1444 1963; x_wconf 94' lang='lat' dir='ltr'>Z.</span> <span class='ocrx_word' id='word_1_262' title='bbox 1466 1951 1507 1957; x_wconf 92' lang='lat'><em>-</em></span> <span class='ocrx_word' id='word_1_263' title='bbox 1529 1935 1625 1962; x_wconf 66' lang='lat' dir='ltr'>seculi</span> <span class='ocrx_word' id='word_1_264' title='bbox 1647 1945 1704 1965; x_wconf 87' lang='lat' dir='ltr'>om.</span> <span class='ocrx_word' id='word_1_265' title='bbox 1728 1945 1776 1965; x_wconf 85' lang='lat' dir='ltr'>va.</span> <span class='ocrx_word' id='word_1_266' title='bbox 1803 1951 1845 1956; x_wconf 98' lang='lat'><strong>—</strong></span> <span class='ocrx_word' id='word_1_267' title='bbox 1886 1936 1931 1968; x_wconf 86' lang='lat'>16)</span> <span class='ocrx_word' id='word_1_268' title='bbox 1947 1945 2047 1972; x_wconf 73' lang='lat' dir='ltr'>praes.</span> <span class='ocrx_word' id='word_1_269' title='bbox 2074 1941 2171 1973; x_wconf 78' lang='lat' dir='ltr'>praet.</span> 
     </span>
     <span class='ocr_line' id='line_1_29' title="bbox 231 1974 2171 2017; baseline 0.001 -11"><span class='ocrx_word' id='word_1_270' title='bbox 231 1976 262 2012; x_wconf 64' lang='lat'>2)</span> <span class='ocrx_word' id='word_1_271' title='bbox 285 1980 311 2002; x_wconf 71' lang='lat' dir='ltr'>et</span> <span class='ocrx_word' id='word_1_272' title='bbox 333 1974 437 2003; x_wconf 67' lang='lat' dir='ltr'>addidi</span> <span class='ocrx_word' id='word_1_273' title='bbox 460 1985 475 2003; x_wconf 73' lang='grc' dir='ltr'>θ</span> <span class='ocrx_word' id='word_1_274' title='bbox 499 1977 554 2004; x_wconf 87' lang='lat' dir='ltr'>Gu-</span> <span class='ocrx_word' id='word_1_275' title='bbox 578 1981 603 2007; x_wconf 90' lang='lat'>1.</span> <span class='ocrx_word' id='word_1_276' title='bbox 624 1981 652 2009; x_wconf 79' lang='grc'>2.</span> <span class='ocrx_word' id='word_1_277' title='bbox 675 1994 715 2000; x_wconf 92' lang='lat'>—-</span> <span class='ocrx_word' id='word_1_278' title='bbox 738 1982 765 2013; x_wconf 84' lang='grc'>3)</span> <span class='ocrx_word' id='word_1_279' title='bbox 791 1979 878 2006; x_wconf 68' lang='lat' dir='ltr'>lasus</span> <span class='ocrx_word' id='word_1_280' title='bbox 902 1980 931 2007; x_wconf 90' lang='lat' dir='ltr'>Z.</span> <span class='ocrx_word' id='word_1_281' title='bbox 957 1980 1011 2009; x_wconf 87' lang='lat' dir='ltr'>Gu.</span> <span class='ocrx_word' id='word_1_282' title='bbox 1035 1983 1063 2010; x_wconf 82' lang='lat'>2.</span> <span class='ocrx_word' id='word_1_283' title='bbox 1088 1998 1125 2002; x_wconf 94' lang='lat'>—</span> <span class='ocrx_word' id='word_1_284' title='bbox 1150 1978 1178 2017; x_wconf 75' lang='lat'>4)</span> <span class='ocrx_word' id='word_1_285' title='bbox 1225 1980 1280 2007; x_wconf 83' lang='lat' dir='ltr'>Gn.</span> <span class='ocrx_word' id='word_1_286' title='bbox 1298 1982 1326 2010; x_wconf 80' lang='lat'>2.</span> <span class='ocrx_word' id='word_1_287' title='bbox 1350 1989 1395 2006; x_wconf 87' lang='lat' dir='ltr'>va.</span> <span class='ocrx_word' id='word_1_288' title='bbox 1419 1994 1460 1999; x_wconf 88' lang='lat'><strong>—</strong></span> <span class='ocrx_word' id='word_1_289' title='bbox 1491 1977 1540 2015; x_wconf 77' lang='lat'>17)</span> <span class='ocrx_word' id='word_1_290' title='bbox 1562 1979 1610 2005; x_wconf 88' lang='lat' dir='ltr'>Sic</span> <span class='ocrx_word' id='word_1_291' title='bbox 1642 1978 1696 2006; x_wconf 92' lang='lat' dir='ltr'>Gu.</span> <span class='ocrx_word' id='word_1_292' title='bbox 1718 1981 1742 2009; x_wconf 87' lang='lat'>1.</span> <span class='ocrx_word' id='word_1_293' title='bbox 1765 1994 1800 1998; x_wconf 89' lang='lat'><strong>—</strong></span> <span class='ocrx_word' id='word_1_294' title='bbox 1832 1976 1997 2005; x_wconf 73' lang='lat' dir='ltr'>decurrunt</span> <span class='ocrx_word' id='word_1_295' title='bbox 2029 1978 2107 2015; x_wconf 86' lang='lat' dir='ltr'>vulg.</span> <span class='ocrx_word' id='word_1_296' title='bbox 2129 1993 2171 1999; x_wconf 92' lang='lat'>—</span> 
     </span>
     <span class='ocr_line' id='line_1_30' title="bbox 231 2017 2171 2060; baseline 0.002 -15"><span class='ocrx_word' id='word_1_297' title='bbox 231 2018 280 2045; x_wconf 84' lang='lat' dir='ltr'>Sic</span> <span class='ocrx_word' id='word_1_298' title='bbox 303 2017 333 2047; x_wconf 83' lang='lat' dir='ltr'>Z.</span> <span class='ocrx_word' id='word_1_299' title='bbox 359 2017 414 2044; x_wconf 91' lang='lat' dir='ltr'>Gu.</span> <span class='ocrx_word' id='word_1_300' title='bbox 434 2020 460 2048; x_wconf 90' lang='lat'>1.</span> <span class='ocrx_word' id='word_1_301' title='bbox 482 2021 510 2049; x_wconf 84' lang='lat'>2.</span> <span class='ocrx_word' id='word_1_302' title='bbox 532 2035 573 2039; x_wconf 96' lang='lat'><strong>—</strong></span> <span class='ocrx_word' id='word_1_303' title='bbox 602 2023 719 2047; x_wconf 73' lang='lat' dir='ltr'>nomine</span> <span class='ocrx_word' id='word_1_304' title='bbox 740 2022 818 2049; x_wconf 67' lang='lat' dir='ltr'>Alea</span> <span class='ocrx_word' id='word_1_305' title='bbox 845 2022 925 2059; x_wconf 80' lang='lat' dir='ltr'>vulg.</span> <span class='ocrx_word' id='word_1_306' title='bbox 955 2038 996 2042; x_wconf 90' lang='lat'>——</span> <span class='ocrx_word' id='word_1_307' title='bbox 1026 2021 1054 2060; x_wconf 83' lang='lat'>5)</span> <span class='ocrx_word' id='word_1_308' title='bbox 1078 2023 1126 2050; x_wconf 83' lang='lat' dir='ltr'>Sic</span> <span class='ocrx_word' id='word_1_309' title='bbox 1148 2023 1178 2051; x_wconf 86' lang='lat' dir='ltr'>Z.</span> <span class='ocrx_word' id='word_1_310' title='bbox 1225 2021 1268 2059; x_wconf 61' lang='grc'>18)</span> <span class='ocrx_word' id='word_1_311' title='bbox 1297 2021 1345 2049; x_wconf 86' lang='lat' dir='ltr'>Sic</span> <span class='ocrx_word' id='word_1_312' title='bbox 1368 2022 1398 2048; x_wconf 92' lang='lat' dir='ltr'>Z.</span> <span class='ocrx_word' id='word_1_313' title='bbox 1421 2021 1476 2048; x_wconf 91' lang='lat' dir='ltr'>Gu.</span> <span class='ocrx_word' id='word_1_314' title='bbox 1504 2023 1528 2051; x_wconf 86' lang='lat'>1.</span> <span class='ocrx_word' id='word_1_315' title='bbox 1553 2030 1598 2048; x_wconf 83' lang='lat' dir='ltr'>va.</span> <span class='ocrx_word' id='word_1_316' title='bbox 1622 2020 1671 2048; x_wconf 83' lang='lat' dir='ltr'>Ar.</span> <span class='ocrx_word' id='word_1_317' title='bbox 1704 2037 1737 2041; x_wconf 86' lang='lat'>-</span> <span class='ocrx_word' id='word_1_318' title='bbox 1774 2021 1844 2048; x_wconf 80' lang='lat' dir='ltr'>trin.</span> <span class='ocrx_word' id='word_1_319' title='bbox 1871 2019 1952 2057; x_wconf 84' lang='lat' dir='ltr'>vulg.</span> <span class='ocrx_word' id='word_1_320' title='bbox 1980 2037 2019 2041; x_wconf 89' lang='lat'><strong>—</strong></span> <span class='ocrx_word' id='word_1_321' title='bbox 2052 2022 2094 2057; x_wconf 88' lang='lat'>19)</span> <span class='ocrx_word' id='word_1_322' title='bbox 2117 2031 2171 2048; x_wconf 85' lang='lat' dir='ltr'>ar-</span> 
     </span>
     <span class='ocr_line' id='line_1_31' title="bbox 232 2060 2169 2102; baseline 0.001 -13"><span class='ocrx_word' id='word_1_323' title='bbox 232 2060 289 2089; x_wconf 84' lang='lat' dir='ltr'>Gu.</span> <span class='ocrx_word' id='word_1_324' title='bbox 312 2062 339 2090; x_wconf 85' lang='lat'>1·</span> <span class='ocrx_word' id='word_1_325' title='bbox 362 2062 390 2089; x_wconf 79' lang='grc'>2-</span> <span class='ocrx_word' id='word_1_326' title='bbox 415 2069 460 2087; x_wconf 72' lang='lat' dir='ltr'>va·</span> <span class='ocrx_word' id='word_1_327' title='bbox 487 2075 521 2080; x_wconf 90' lang='lat'>—</span> <span class='ocrx_word' id='word_1_328' title='bbox 551 2064 659 2088; x_wconf 76' lang='lat' dir='ltr'>turrim</span> <span class='ocrx_word' id='word_1_329' title='bbox 687 2064 767 2100; x_wconf 75' lang='lat' dir='ltr'>vulg.</span> <span class='ocrx_word' id='word_1_330' title='bbox 802 2082 838 2086; x_wconf 81' lang='lat'>-—</span> <span class='ocrx_word' id='word_1_331' title='bbox 877 2063 905 2102; x_wconf 84' lang='lat'>6)</span> <span class='ocrx_word' id='word_1_332' title='bbox 932 2071 1032 2092; x_wconf 67' lang='lat' dir='ltr'>errant</span> <span class='ocrx_word' id='word_1_333' title='bbox 1056 2065 1123 2092; x_wconf 86' lang='lat' dir='ltr'>add.</span> <span class='ocrx_word' id='word_1_334' title='bbox 1149 2066 1179 2092; x_wconf 83' lang='lat' dir='ltr'>Z.</span> <span class='ocrx_word' id='word_1_335' title='bbox 1221 2069 1421 2101; x_wconf 57' lang='grc' dir='ltr'>ις”ιιηιειιίαιιιν</span> <span class='ocrx_word' id='word_1_336' title='bbox 1449 2063 1478 2090; x_wconf 91' lang='grc' dir='ltr'>Ζ.</span> <span class='ocrx_word' id='word_1_337' title='bbox 1510 2080 1549 2083; x_wconf 88' lang='lat'>—-</span> <span class='ocrx_word' id='word_1_338' title='bbox 1586 2066 1630 2095; x_wconf 64' lang='grc' dir='ltr'>ΞΟ)</span> <span class='ocrx_word' id='word_1_339' title='bbox 1661 2063 1712 2090; x_wconf 83' lang='lat' dir='ltr'>Sic</span> <span class='ocrx_word' id='word_1_340' title='bbox 1743 2063 1798 2091; x_wconf 88' lang='lat' dir='ltr'>Gu.</span> <span class='ocrx_word' id='word_1_341' title='bbox 1822 2065 1847 2093; x_wconf 84' lang='lat'>1.</span> <span class='ocrx_word' id='word_1_342' title='bbox 1877 2078 1918 2084; x_wconf 90' lang='grc'>-</span> <span class='ocrx_word' id='word_1_343' title='bbox 1954 2062 2046 2090; x_wconf 74' lang='lat' dir='ltr'>ternis</span> <span class='ocrx_word' id='word_1_344' title='bbox 2074 2061 2169 2092; x_wconf 77' lang='lat' dir='ltr'>deser.</span> 
     </span>
     <span class='ocr_line' id='line_1_32' title="bbox 233 2102 2170 2145; baseline 0.003 -16"><span class='ocrx_word' id='word_1_345' title='bbox 233 2102 290 2130; x_wconf 89' lang='lat' dir='ltr'>Gu.</span> <span class='ocrx_word' id='word_1_346' title='bbox 312 2104 341 2132; x_wconf 83' lang='lat'>2.</span> <span class='ocrx_word' id='word_1_347' title='bbox 363 2117 405 2122; x_wconf 92' lang='lat'>—</span> <span class='ocrx_word' id='word_1_348' title='bbox 439 2103 470 2137; x_wconf 91' lang='lat'>7)</span> <span class='ocrx_word' id='word_1_349' title='bbox 493 2103 631 2131; x_wconf 66' lang='lat' dir='ltr'>calculas</span> <span class='ocrx_word' id='word_1_350' title='bbox 655 2105 704 2132; x_wconf 79' lang='lat' dir='ltr'>Ar.</span> <span class='ocrx_word' id='word_1_351' title='bbox 729 2121 764 2126; x_wconf 95' lang='lat'><strong>—</strong></span> <span class='ocrx_word' id='word_1_352' title='bbox 796 2108 824 2144; x_wconf 84' lang='lat'>8)</span> <span class='ocrx_word' id='word_1_353' title='bbox 849 2113 917 2134; x_wconf 72' lang='lat' dir='ltr'>eant</span> <span class='ocrx_word' id='word_1_354' title='bbox 942 2118 998 2135; x_wconf 68' lang='grc' dir='ltr'>οη).</span> <span class='ocrx_word' id='word_1_355' title='bbox 1023 2108 1052 2134; x_wconf 94' lang='grc' dir='ltr'>Ζ.</span> <span class='ocrx_word' id='word_1_356' title='bbox 1074 2107 1130 2135; x_wconf 87' lang='lat' dir='ltr'>Gu.</span> <span class='ocrx_word' id='word_1_357' title='bbox 1154 2110 1179 2138; x_wconf 90' lang='lat'>1.</span> <span class='ocrx_word' id='word_1_358' title='bbox 1225 2106 1377 2144; x_wconf 70' lang='lat' dir='ltr'>(discnpt.</span> <span class='ocrx_word' id='word_1_359' title='bbox 1400 2104 1461 2143; x_wconf 81' lang='lat' dir='ltr'>va.)</span> <span class='ocrx_word' id='word_1_360' title='bbox 1492 2105 1550 2133; x_wconf 71' lang='lat' dir='ltr'>dic.</span> <span class='ocrx_word' id='word_1_361' title='bbox 1573 2106 1660 2133; x_wconf 62' lang='lat' dir='ltr'>lineis</span> <span class='ocrx_word' id='word_1_362' title='bbox 1683 2106 1747 2145; x_wconf 76' lang='lat' dir='ltr'>(vel</span> <span class='ocrx_word' id='word_1_363' title='bbox 1770 2106 1899 2143; x_wconf 72' lang='lat' dir='ltr'>paginis</span> <span class='ocrx_word' id='word_1_364' title='bbox 1927 2104 1996 2134; x_wconf 86' lang='lat' dir='ltr'>add.</span> <span class='ocrx_word' id='word_1_365' title='bbox 2018 2104 2064 2141; x_wconf 88' lang='lat' dir='ltr'>Z.)</span> <span class='ocrx_word' id='word_1_366' title='bbox 2089 2105 2170 2140; x_wconf 81' lang='lat' dir='ltr'>vulg.</span> 
     </span>
     <span class='ocr_line' id='line_1_33' title="bbox 233 2146 2167 2186; baseline 0.003 -16"><span class='ocrx_word' id='word_1_367' title='bbox 233 2147 261 2175; x_wconf 83' lang='lat'>2.</span> <span class='ocrx_word' id='word_1_368' title='bbox 285 2159 322 2165; x_wconf 90' lang='lat'>-—</span> <span class='ocrx_word' id='word_1_369' title='bbox 346 2149 414 2171; x_wconf 71' lang='lat' dir='ltr'>cant</span> <span class='ocrx_word' id='word_1_370' title='bbox 437 2146 528 2181; x_wconf 62' lang='lat' dir='ltr'>qua-rb</span> <span class='ocrx_word' id='word_1_371' title='bbox 551 2155 606 2182; x_wconf 69' lang='lat' dir='ltr'>ptr</span> <span class='ocrx_word' id='word_1_372' title='bbox 628 2148 719 2173; x_wconf 62' lang='lat' dir='ltr'>calles</span> <span class='ocrx_word' id='word_1_373' title='bbox 742 2157 785 2175; x_wconf 84' lang='lat' dir='ltr'>va.</span> <span class='ocrx_word' id='word_1_374' title='bbox 819 2165 853 2169; x_wconf 93' lang='lat'>—</span> <span class='ocrx_word' id='word_1_375' title='bbox 884 2151 914 2183; x_wconf 89' lang='lat'>9)</span> <span class='ocrx_word' id='word_1_376' title='bbox 939 2149 986 2177; x_wconf 79' lang='lat' dir='ltr'>sic</span> <span class='ocrx_word' id='word_1_377' title='bbox 1011 2150 1067 2179; x_wconf 88' lang='lat' dir='ltr'>Gu.</span> <span class='ocrx_word' id='word_1_378' title='bbox 1092 2152 1118 2180; x_wconf 83' lang='lat'>1.</span> <span class='ocrx_word' id='word_1_379' title='bbox 1140 2165 1181 2170; x_wconf 92' lang='lat'>—</span> <span class='ocrx_word' id='word_1_380' title='bbox 1224 2165 1264 2169; x_wconf 96' lang='lat'>——</span> <span class='ocrx_word' id='word_1_381' title='bbox 1287 2152 1334 2183; x_wconf 66' lang='lat'>21&gt;</span> <span class='ocrx_word' id='word_1_382' title='bbox 1359 2158 1476 2186; x_wconf 72' lang='lat' dir='ltr'>qaoque</span> <span class='ocrx_word' id='word_1_383' title='bbox 1499 2158 1543 2177; x_wconf 86' lang='lat' dir='ltr'>va.</span> <span class='ocrx_word' id='word_1_384' title='bbox 1567 2164 1609 2170; x_wconf 86' lang='lat'><strong>—</strong></span> <span class='ocrx_word' id='word_1_385' title='bbox 1632 2149 1743 2186; x_wconf 73' lang='lat' dir='ltr'>quippe</span> <span class='ocrx_word' id='word_1_386' title='bbox 1768 2149 1799 2176; x_wconf 91' lang='lat' dir='ltr'>Z.</span> <span class='ocrx_word' id='word_1_387' title='bbox 1825 2165 1863 2170; x_wconf 93' lang='lat'>—-</span> <span class='ocrx_word' id='word_1_388' title='bbox 1892 2147 1939 2183; x_wconf 62' lang='grc' dir='ltr'>ΞΩ)</span> <span class='ocrx_word' id='word_1_389' title='bbox 1962 2147 2043 2174; x_wconf 79' lang='lat' dir='ltr'>binio</span> <span class='ocrx_word' id='word_1_390' title='bbox 2067 2157 2122 2178; x_wconf 83' lang='lat' dir='ltr'>om.</span> <span class='ocrx_word' id='word_1_391' title='bbox 2134 2148 2167 2176; x_wconf 91' lang='lat' dir='ltr'>Z.</span> 
     </span>
     <span class='ocr_line' id='line_1_34' title="bbox 234 2185 2169 2229; baseline 0.003 -15"><span class='ocrx_word' id='word_1_392' title='bbox 234 2185 369 2224; x_wconf 75' lang='lat' dir='ltr'>quadrae</span> <span class='ocrx_word' id='word_1_393' title='bbox 391 2186 469 2224; x_wconf 84' lang='lat' dir='ltr'>vulg.</span> <span class='ocrx_word' id='word_1_394' title='bbox 492 2202 534 2208; x_wconf 93' lang='lat'>-—-</span> <span class='ocrx_word' id='word_1_395' title='bbox 572 2188 617 2222; x_wconf 80' lang='lat'>10)</span> <span class='ocrx_word' id='word_1_396' title='bbox 643 2189 690 2215; x_wconf 85' lang='lat' dir='ltr'>Sic</span> <span class='ocrx_word' id='word_1_397' title='bbox 716 2190 745 2216; x_wconf 81' lang='lat' dir='ltr'>Z.</span> <span class='ocrx_word' id='word_1_398' title='bbox 770 2190 825 2218; x_wconf 89' lang='lat' dir='ltr'>Gu.</span> <span class='ocrx_word' id='word_1_399' title='bbox 853 2193 878 2220; x_wconf 92' lang='lat'>1.</span> <span class='ocrx_word' id='word_1_400' title='bbox 906 2201 951 2219; x_wconf 83' lang='lat' dir='ltr'>va.</span> <span class='ocrx_word' id='word_1_401' title='bbox 974 2208 1016 2213; x_wconf 88' lang='lat'>—</span> <span class='ocrx_word' id='word_1_402' title='bbox 1045 2202 1077 2218; x_wconf 71' lang='lat' dir='ltr'>ex</span> <span class='ocrx_word' id='word_1_403' title='bbox 1098 2197 1180 2229; x_wconf 68' lang='lat' dir='ltr'>pari.</span> <span class='ocrx_word' id='word_1_404' title='bbox 1225 2191 1279 2218; x_wconf 91' lang='lat' dir='ltr'>Gu.</span> <span class='ocrx_word' id='word_1_405' title='bbox 1303 2193 1331 2220; x_wconf 79' lang='lat'>2.</span> <span class='ocrx_word' id='word_1_406' title='bbox 1357 2209 1394 2212; x_wconf 91' lang='lat'>—</span> <span class='ocrx_word' id='word_1_407' title='bbox 1437 2191 1483 2226; x_wconf 69' lang='lat'>23)</span> <span class='ocrx_word' id='word_1_408' title='bbox 1505 2192 1563 2217; x_wconf 80' lang='lat' dir='ltr'>trio</span> <span class='ocrx_word' id='word_1_409' title='bbox 1586 2191 1616 2218; x_wconf 93' lang='lat' dir='ltr'>Z.</span> <span class='ocrx_word' id='word_1_410' title='bbox 1639 2200 1684 2228; x_wconf 86' lang='lat' dir='ltr'>pr.</span> <span class='ocrx_word' id='word_1_411' title='bbox 1706 2201 1750 2218; x_wconf 90' lang='lat' dir='ltr'>va.</span> <span class='ocrx_word' id='word_1_412' title='bbox 1779 2207 1821 2212; x_wconf 89' lang='lat'><em>-</em></span> <span class='ocrx_word' id='word_1_413' title='bbox 1855 2189 1903 2227; x_wconf 68' lang='lat'>24)</span> <span class='ocrx_word' id='word_1_414' title='bbox 1931 2189 1978 2217; x_wconf 82' lang='lat' dir='ltr'>Sic</span> <span class='ocrx_word' id='word_1_415' title='bbox 2002 2190 2059 2218; x_wconf 85' lang='lat' dir='ltr'>Gu.</span> <span class='ocrx_word' id='word_1_416' title='bbox 2079 2193 2105 2220; x_wconf 90' lang='lat'>1.</span> <span class='ocrx_word' id='word_1_417' title='bbox 2129 2204 2169 2211; x_wconf 91' lang='lat'>—</span> 
     </span>
     <span class='ocr_line' id='line_1_35' title="bbox 234 2227 2167 2271; baseline 0.002 -15"><span class='ocrx_word' id='word_1_418' title='bbox 234 2239 310 2258; x_wconf 85' lang='lat' dir='ltr'>omn.</span> <span class='ocrx_word' id='word_1_419' title='bbox 337 2227 416 2265; x_wconf 88' lang='lat' dir='ltr'>vulg.</span> <span class='ocrx_word' id='word_1_420' title='bbox 438 2245 475 2250; x_wconf 82' lang='lat'>-—</span> <span class='ocrx_word' id='word_1_421' title='bbox 505 2231 548 2263; x_wconf 90' lang='grc'>11)</span> <span class='ocrx_word' id='word_1_422' title='bbox 568 2228 731 2258; x_wconf 71' lang='lat' dir='ltr'>decurrunt</span> <span class='ocrx_word' id='word_1_423' title='bbox 755 2232 809 2261; x_wconf 84' lang='lat' dir='ltr'>Gu.</span> <span class='ocrx_word' id='word_1_424' title='bbox 830 2235 855 2261; x_wconf 94' lang='lat'>1.</span> <span class='ocrx_word' id='word_1_425' title='bbox 878 2250 911 2254; x_wconf 91' lang='lat'>—-</span> <span class='ocrx_word' id='word_1_426' title='bbox 934 2233 1110 2262; x_wconf 59' lang='lat' dir='ltr'>discurrant</span> <span class='ocrx_word' id='word_1_427' title='bbox 1133 2244 1179 2263; x_wconf 83' lang='lat' dir='ltr'>va.</span> <span class='ocrx_word' id='word_1_428' title='bbox 1225 2233 1347 2271; x_wconf 79' lang='lat' dir='ltr'>quatrio</span> <span class='ocrx_word' id='word_1_429' title='bbox 1370 2232 1450 2269; x_wconf 77' lang='lat' dir='ltr'>vulg.</span> <span class='ocrx_word' id='word_1_430' title='bbox 1483 2248 1519 2254; x_wconf 84' lang='lat'>—-</span> <span class='ocrx_word' id='word_1_431' title='bbox 1559 2234 1604 2269; x_wconf 71' lang='lat'>⁰25)</span> <span class='ocrx_word' id='word_1_432' title='bbox 1631 2234 1779 2271; x_wconf 74' lang='lat' dir='ltr'>qzcinqaio</span> <span class='ocrx_word' id='word_1_433' title='bbox 1802 2233 1832 2260; x_wconf 90' lang='lat' dir='ltr'>Z.</span> <span class='ocrx_word' id='word_1_434' title='bbox 1858 2251 1894 2254; x_wconf 96' lang='lat'><strong>—</strong></span> <span class='ocrx_word' id='word_1_435' title='bbox 1920 2232 1985 2260; x_wconf 89' lang='lat' dir='ltr'>Om.</span> <span class='ocrx_word' id='word_1_436' title='bbox 2009 2232 2064 2259; x_wconf 90' lang='lat' dir='ltr'>Gu.</span> <span class='ocrx_word' id='word_1_437' title='bbox 2082 2234 2110 2262; x_wconf 82' lang='lat'>2.</span> <span class='ocrx_word' id='word_1_438' title='bbox 2127 2246 2167 2253; x_wconf 90' lang='lat'>-—</span> 
     </span>
     <span class='ocr_line' id='line_1_36' title="bbox 234 2269 2166 2313; baseline 0.003 -18"><span class='ocrx_word' id='word_1_439' title='bbox 234 2286 274 2292; x_wconf 91' lang='lat'>-—</span> <span class='ocrx_word' id='word_1_440' title='bbox 298 2274 341 2304; x_wconf 70' lang='lat'>12)</span> <span class='ocrx_word' id='word_1_441' title='bbox 365 2269 542 2299; x_wconf 76' lang='lat' dir='ltr'>dicebantur</span> <span class='ocrx_word' id='word_1_442' title='bbox 564 2272 597 2300; x_wconf 90' lang='lat' dir='ltr'>Z.</span> <span class='ocrx_word' id='word_1_443' title='bbox 629 2288 669 2292; x_wconf 83' lang='lat'>——</span> <span class='ocrx_word' id='word_1_444' title='bbox 707 2276 747 2308; x_wconf 76' lang='lat'>13)</span> <span class='ocrx_word' id='word_1_445' title='bbox 771 2274 809 2300; x_wconf 82' lang='lat' dir='ltr'>ab</span> <span class='ocrx_word' id='word_1_446' title='bbox 841 2285 894 2312; x_wconf 85' lang='lat' dir='ltr'>pro</span> <span class='ocrx_word' id='word_1_447' title='bbox 918 2287 937 2303; x_wconf 83' lang='grc' dir='ltr'>(ι</span> <span class='ocrx_word' id='word_1_448' title='bbox 961 2276 1017 2304; x_wconf 88' lang='lat' dir='ltr'>Gu.</span> <span class='ocrx_word' id='word_1_449' title='bbox 1045 2281 1069 2308; x_wconf 79' lang='lat'>1.</span> <span class='ocrx_word' id='word_1_450' title='bbox 1089 2279 1117 2307; x_wconf 79' lang='grc'>2.</span> <span class='ocrx_word' id='word_1_451' title='bbox 1139 2292 1181 2298; x_wconf 89' lang='lat'>-—-</span> <span class='ocrx_word' id='word_1_452' title='bbox 1223 2279 1268 2310; x_wconf 64' lang='lat'>26)</span> <span class='ocrx_word' id='word_1_453' title='bbox 1292 2274 1341 2302; x_wconf 84' lang='lat' dir='ltr'>Sic</span> <span class='ocrx_word' id='word_1_454' title='bbox 1362 2275 1417 2304; x_wconf 92' lang='lat' dir='ltr'>Gu.</span> <span class='ocrx_word' id='word_1_455' title='bbox 1442 2279 1466 2305; x_wconf 87' lang='lat' dir='ltr'>l.</span> <span class='ocrx_word' id='word_1_456' title='bbox 1484 2292 1517 2296; x_wconf 87' lang='lat'>——</span> <span class='ocrx_word' id='word_1_457' title='bbox 1547 2276 1673 2303; x_wconf 78' lang='lat' dir='ltr'>trionem</span> <span class='ocrx_word' id='word_1_458' title='bbox 1695 2276 1778 2313; x_wconf 84' lang='lat' dir='ltr'>vulg.</span> <span class='ocrx_word' id='word_1_459' title='bbox 1806 2291 1845 2296; x_wconf 92' lang='grc'>-</span> <span class='ocrx_word' id='word_1_460' title='bbox 1874 2273 1921 2311; x_wconf 75' lang='grc'>27)</span> <span class='ocrx_word' id='word_1_461' title='bbox 1944 2275 1993 2302; x_wconf 82' lang='lat' dir='ltr'>Sic</span> <span class='ocrx_word' id='word_1_462' title='bbox 2016 2273 2071 2301; x_wconf 90' lang='lat' dir='ltr'>Gu.</span> <span class='ocrx_word' id='word_1_463' title='bbox 2094 2276 2120 2305; x_wconf 85' lang='lat'>1.</span> <span class='ocrx_word' id='word_1_464' title='bbox 2138 2276 2166 2305; x_wconf 78' lang='lat'>2.</span> 
     </span>
    </p>
   </div>
   <div class='ocr_carea' id='block_1_16' title="bbox 237 2311 2165 2356">
    <p class='ocr_par' dir='ltr' id='par_1_16' title="bbox 237 2311 2165 2356">
     <span class='ocr_line' id='line_1_37' title="bbox 237 2311 2165 2356; baseline 0.002 -16"><span class='ocrx_word' id='word_1_465' title='bbox 237 2311 281 2351; x_wconf 71' lang='lat'>14)</span> <span class='ocrx_word' id='word_1_466' title='bbox 304 2312 354 2341; x_wconf 90' lang='lat' dir='ltr'>Sic</span> <span class='ocrx_word' id='word_1_467' title='bbox 377 2313 432 2342; x_wconf 88' lang='lat' dir='ltr'>Gu.</span> <span class='ocrx_word' id='word_1_468' title='bbox 452 2315 478 2345; x_wconf 89' lang='lat'>1.</span> <span class='ocrx_word' id='word_1_469' title='bbox 507 2330 545 2335; x_wconf 92' lang='lat'>-—-</span> <span class='ocrx_word' id='word_1_470' title='bbox 575 2324 630 2352; x_wconf 83' lang='lat' dir='ltr'>per</span> <span class='ocrx_word' id='word_1_471' title='bbox 652 2314 739 2352; x_wconf 82' lang='lat' dir='ltr'>alleg.</span> <span class='ocrx_word' id='word_1_472' title='bbox 763 2315 842 2342; x_wconf 70' lang='grc' dir='ltr'><em>Ιιαηε</em></span> <span class='ocrx_word' id='word_1_473' title='bbox 875 2323 933 2345; x_wconf 76' lang='lat' dir='ltr'>art.</span> <span class='ocrx_word' id='word_1_474' title='bbox 960 2319 1039 2356; x_wconf 80' lang='lat' dir='ltr'>vulg,</span> <span class='ocrx_word' id='word_1_475' title='bbox 1063 2336 1099 2340; x_wconf 89' lang='lat'><strong>—</strong></span> <span class='ocrx_word' id='word_1_476' title='bbox 1134 2318 1180 2356; x_wconf 82' lang='lat'>15)</span> <span class='ocrx_word' id='word_1_477' title='bbox 1225 2334 1260 2339; x_wconf 96' lang='lat'>—</span> <span class='ocrx_word' id='word_1_478' title='bbox 1287 2319 1474 2356; x_wconf 74' lang='lat' dir='ltr'>quatrionem</span> <span class='ocrx_word' id='word_1_479' title='bbox 1497 2317 1577 2355; x_wconf 83' lang='lat' dir='ltr'>vulg.</span> <span class='ocrx_word' id='word_1_480' title='bbox 1599 2333 1641 2340; x_wconf 90' lang='lat'>——</span> <span class='ocrx_word' id='word_1_481' title='bbox 1673 2317 1721 2355; x_wconf 71' lang='lat'>28)</span> <span class='ocrx_word' id='word_1_482' title='bbox 1742 2321 1923 2349; x_wconf 67' lang='lat' dir='ltr'>vocaverunt</span> <span class='ocrx_word' id='word_1_483' title='bbox 1945 2316 1993 2351; x_wconf 89' lang='lat' dir='ltr'>Z.‚</span> <span class='ocrx_word' id='word_1_484' title='bbox 2024 2315 2074 2353; x_wconf 87' lang='lat' dir='ltr'>qui</span> <span class='ocrx_word' id='word_1_485' title='bbox 2097 2316 2165 2344; x_wconf 86' lang='lat' dir='ltr'>add.</span> 
     </span>
    </p>
   </div>
  </div>
 </body>
</html>
