2203 2829
170 101 218 134 64
859 95 1036 130 ISIDORI
1061 94 1241 128 HISPAL.
1268 95 1412 131 EPISC.

333 190 392 225 14.
444 189 641 235 Elegiacus
667 194 775 222 autem
803 187 931 224 dictus¹
959 201 1017 231 eo,
1052 189 1144 232 quod
1177 188 1363 222 modulatio
1398 189 1546 222 eiusdem
1582 189 1735 223 carminis
1769 189 1943 222 conveniat
1970 192 2103 226 miseris.

169 243 387 277 Terentianus
409 241 471 274 hos
499 242 614 286 elegos
637 241 747 274 dicere
775 242 874 282 solet,
901 241 993 285 quod
1021 241 1168 274 clausula
1195 241 1266 273 talis
1291 241 1450 282 tristibus,
1479 247 1514 273 ut
1541 242 1689 281 tradunt,
1716 241 1825 285 aptior
1852 248 1935 274 esset
1962 244 2078 277 modis.

334 292 391 326 15.
444 292 544 326 Hoc²
571 298 678 325 autem
707 293 840 325 omnino
867 289 943 325 vix³
966 297 1109 331 constat,
1145 304 1163 324 a
1190 303 1257 335 quo
1286 293 1324 324 sit
1350 289 1536 334 inventus⁴‚
1581 293 1639 325 nisi
1666 292 1743 336 quia
1778 293 1867 336 apud
1896 305 1954 325 nos
1983 295 2105 328 Ennius

171 342 270 380 eum⁵
296 345 386 390 prior
412 355 488 377 usus
515 349 570 378 est.
622 344 706 377 Nam
729 345 818 389 apud
841 345 990 378 Graecos
1017 345 1063 377 sic
1090 343 1202 376 adhuc
1229 341 1307 376 lex¹⁵
1335 343 1636 377 Grammaticorum
1664 343 1808 388 pendet,
1845 348 1881 376 ut
1907 345 1967 378 =sub
1995 346 2105 381 iudice

169 410 220 431 res
246 397 395 441 relegata
422 396 460 429 sit
473 393 493 427 ⁷.
556 395 642 427 Nam
670 396 807 439 quidam
842 407 957 429 eorum
988 395 1239 439 Colophonium
1267 394 1453 438 quendam,
1488 396 1625 438 quidam
1660 394 1904 428 Archilochum
1933 402 2104 431 auctorem

169 454 268 493 atque
293 449 494 481 inventorem
523 446 645 481 volunt.

336 498 392 532 16.
447 495 688 538 Bucolicumss.
716 497 749 529 id
779 502 825 529 est
852 498 1018 541 pastorale
1046 508 1178 530 carmen
1207 493 1383 540 plerique⁹
1410 497 1553 540 primum
1581 495 1826 540 compositum¹
1867 510 1886 530 a
1913 499 2102 542 pastoribus
2141 528 2143 531 .

170 552 363 595 opinantur,
390 549 538 581 nonnulli
565 546 864 582 Lacedaemoness.
919 550 1004 581 Nam
1015 545 1039 565 ¹²
1065 553 1252 581 transeunte
1287 549 1319 580 in
1345 546 1526 581 Thraciam
1562 548 1670 580 Xerxe
1698 560 1779 593 rege
1806 550 1998 589 Persarum,
2026 561 2101 583 cum

168 603 351 646 Spartanae
376 601 518 645 virgines
544 601 603 633 sub
631 600 742 632 hostili
769 605 859 632 metu
884 611 992 643 neque
1020 601 1135 644 egredi
1163 601 1278 632 urbem
1305 599 1465 632 auderent
1476 596 1509 639 ¹³,
1536 610 1644 642 neque
1667 611 1830 644 pompam
1858 600 2066 645 chorumque
2079 598 2102 618 ¹⁴

167 657 333 697 agrestem
344 649 367 669 ¹⁵
390 652 434 684 de
454 663 547 684 more
574 652 700 684 Dianae
712 648 735 668 ¹⁶
759 658 948 684 exercerent
963 649 1003 692 ¹⁷,
1030 652 1124 684 turba
1152 657 1337 695 pastorum,
1366 662 1406 683 ne
1429 651 1550 694 religio
1567 652 1763 693 praeteriret
1778 648 1816 692 ¹⁸,
1846 653 1988 685 eundem
2002 650 2024 669 ¹⁹
2050 654 2101 685 in-

166 703 305 737 conditis
317 701 341 720 ²⁰
368 704 517 737 cantibus
545 703 765 736 celebrarunt.
829 703 1031 746 Appellatur
1059 708 1167 735 autem
1195 703 1395 736 Bucolicum
1429 715 1447 734 a
1474 702 1582 734 bobus
1593 698 1615 718 ²¹
1646 701 1688 733 de
1716 703 1830 735 maiori
1846 701 1869 720 ²²
1899 710 1996 748 parte
2029 704 2101 736 ani-

167 756 303 788 malium
314 751 349 795 ²³,
372 755 522 798 quamvis
552 755 735 798 opilionum
761 755 1055 797 caprariorumque
1082 766 1248 786 sermones
1278 754 1310 786 in
1333 754 1370 785 iis
1399 758 1430 785 et
1457 754 1582 786 cantica
1601 753 1792 787 inferantur.

330 806 387 838 17.
441 806 598 849 Hymnus
620 806 761 850 primum
792 806 901 838 David
928 805 1130 850 prophetam
1143 802 1167 821 ²⁴
1200 806 1232 838 in
1261 805 1393 837 laudem
1422 805 1483 837 Dei
1511 805 1736 848 composuisse
1770 815 1810 837 ac
1845 805 1999 838 cecinisse
2026 817 2100 838 ma-

166 857 317 890 nifestum
345 862 401 891 est.
454 857 583 889 Deinde
611 857 700 901 apud
732 858 870 901 gentiles
903 858 1010 901 prima
1038 856 1199 889 Memmia
1210 854 1234 874 ²5
1261 856 1459 900 Phemopoe
1470 853 1494 872 ²⁶
1521 857 1598 889 fecit
1629 856 1660 888 in
1688 856 1881 900 Apollinem
1910 862 1942 889 et
1974 857 2099 898 Musas,

1830 494 1841 514 0

164 921 250 952 quae
277 908 340 941 fuit
351 905 376 925 ²⁷
402 909 606 953 temporibus
633 909 727 941 Ennii
756 909 857 953 longe
884 914 960 953 post
982 908 1100 941 David.

163 964 392 1005 terpretantur.

1155 908 1281 951 Hymni
1308 913 1417 940 autem
1440 918 1479 940 ex
1507 907 1640 940 Graeco
1666 908 1698 939 in
1726 908 1878 940 Latinum
1906 908 2021 941 laudes
2048 910 2099 941 in-

334 1010 392 1043 lS.
445 1010 693 1056 Epithalamia
716 1015 789 1043 sunt
816 1010 960 1044 carmina
987 1011 1196 1050 nubentium,
1230 1021 1315 1054 quae
1343 1010 1559 1043 decantantur
1572 1007 1597 1027 ²⁸
1630 1010 1672 1043 ab
1700 1009 1905 1043 scholasticis
1916 1007 1940 1026 ²⁰
1973 1011 2005 1043 in
2032 1010 2099 1043 ho-

165 1073 280 1095 norem
307 1063 418 1106 sponsi
446 1068 478 1095 et
504 1074 654 1106 sponsae.

164 1125 231 1157 quo
259 1115 398 1158 gentiles
424 1114 484 1146 sibi
512 1114 774 1158 Epithalamium
802 1113 1032 1152 vendicarunt,
1062 1119 1093 1145 et
1120 1114 1211 1145 istius
1226 1110 1249 1130 ³¹
1283 1114 1413 1157 generis
1441 1124 1574 1146 carmen
1609 1118 1811 1156 assumptum
1840 1117 1887 1144 est
1898 1110 1931 1147 ³².

163 1176 268 1210 genus
295 1165 438 1208 primum
471 1176 489 1197 a
516 1166 696 1209 gentilibus
730 1166 761 1196 in
796 1165 900 1197 scenis
928 1161 1208 1204 celebrabaturffl,
1251 1170 1366 1207 postea
1399 1169 1525 1197 tantuin
1560 1164 1665 1197 haesit
1700 1165 1731 1197 in
1766 1164 1886 1208 nuptiis
1923 1190 1929 1196 .

710 1063 804 1095 Haec
832 1063 975 1105 primum
1003 1062 1164 1094 Salomon
1196 1062 1298 1094 edidit
1331 1062 1362 1093 iu
1390 1061 1524 1094 laudeni
1557 1062 1717 1095 ecclesiae
1753 1067 1784 1094 et
1819 1059 1986 1094 Christiffl.
2046 1062 2099 1094 Ex

1994 1113 2097 1154 Quod

1897 1161 1920 1181 ³⁴
1984 1165 2098 1198 Voca-

163 1221 232 1248 tum
243 1213 267 1233 ³⁵
294 1222 404 1248 autem
431 1216 684 1258 epithalamium
695 1213 719 1232 ³⁶
747 1227 804 1254 e0,
832 1214 923 1257 quod
952 1215 982 1246 in
1009 1212 1196 1248 thalamis³⁷
1224 1215 1418 1248 decantetur
1429 1213 1462 1248 ³³.

331 1266 388 1300 19.

168 1329 230 1362 per
255 1318 372 1350 urbem
400 1317 608 1350 Hierusalem
637 1323 668 1350 et
696 1317 878 1360 populum,
906 1317 1041 1358 quando
1069 1318 1216 1361 captivus
1244 1317 1361 1349 ductus
1385 1323 1431 1349 est
1442 1314 1476 1348 ⁴⁰.

651 1365 943 1400 Adliibebantur⁴¹
972 1374 1081 1401 autem
1110 1369 1278 1401 funeribus
1306 1374 1404 1410 atque
1426 1368 1591 1400 lamentis:
1619 1369 1766 1401 similiter
1792 1374 1823 1400 et
1852 1380 1946 1401 nunc.

163 1369 313 1401 monides
341 1374 440 1412 poeta
467 1369 597 1412 lyricus.

329 1420 388 1452 20.
441 1420 672 1464 Epitaphium
701 1419 848 1459 Graece,
876 1418 992 1451 Latine
1018 1431 1116 1463 super
1130 1416 1154 1436 ⁴²
1181 1419 1352 1452 tumulum.

164 1470 399 1502 dormitatione
408 1466 432 1486 ⁴³

164 1532 279 1555 eorum
288 1516 321 1552 ⁴⁷.

457 1481 573 1502 eorum
600 1471 646 1511 tit,
673 1471 729 1513 qui
755 1470 819 1502 iam
847 1469 994 1503 defuncti
1019 1476 1099 1502 sunt.

227 1621 256 1661 1)
281 1622 326 1650 Sic
345 1622 400 1652 Gn.
412 1625 436 1652 1.
449 1625 478 1654 2.
490 1623 526 1654 al.
536 1639 577 1644 —
591 1623 768 1661 Elegiacnm
785 1629 884 1650 autem
896 1622 1009 1651 dicium
1027 1624 1106 1661 vulg.

164 1667 191 1701 Ξ)
215 1665 265 1692 liic
279 1665 314 1694 al.
333 1682 372 1685 --
399 1668 427 1697 3)
452 1665 499 1693 Sic
519 1666 575 1694 Gu.
593 1669 619 1696 1.
644 1682 683 1686 —-
709 1668 889 1693 leomnino
914 1666 992 1702 vulg.
1016 1682 1055 1686 —
1079 1666 1106 1704 4)

165 1707 212 1735 Sic
228 1708 284 1734 Gu.
307 1710 330 1737 1.
348 1710 375 1738 2,
391 1707 428 1734 al.
451 1725 483 1728 —
506 1709 660 1735 inventum,
674 1709 752 1746 vulg.
774 1724 814 1730 —
837 1710 863 1744 5)
888 1709 935 1736 Sic
959 1710 1013 1737 (ἆυ.
1032 1710 1102 1738 1.-

165 1761 195 1776 eo
215 1749 294 1786 vulg.
322 1749 396 1777 Vide
416 1755 514 1778 notam
540 1750 576 1778 ad
599 1761 663 1789 cap.
685 1753 719 1785 3,
742 1751 771 1782 4.
803 1767 837 1772 -
872 1749 903 1789 6)
927 1751 966 1777 lis
991 1751 1040 1779 Ar.
1064 1768 1104 1771 —

162 1792 434 1830 granzmtzlicorum
448 1793 514 1820 lites
530 1792 657 1830 pendent
676 1793 711 1821 al.
735 1809 776 1814 —-
797 1795 875 1820 sicia
890 1793 992 1820 <ullum
1007 1802 1051 1820 va.
1068 1811 1105 1815 —

164 1834 193 1872 7)
218 1835 348 1871 religata
366 1835 421 1862 Gu.
442 1838 468 1865 1.
485 1835 521 1864 al.
537 1845 598 1864 var.
614 1836 678 1863 lect.
697 1846 744 1873 ap.
759 1835 848 1863 Goth.
866 1845 909 1873 pr.
928 1846 972 1863 va.
994 1851 1036 1856 —
1059 1846 1106 1862 re-

165 1877 238 1904 licta
261 1876 352 1904 Grial.
371 1886 385 1904 e
401 1882 457 1905 vet.
483 1877 549 1906 cod.
574 1879 657 1907 Rom.
685 1895 720 1899 —-
746 1880 775 1915 8)
798 1878 982 1905 Bucolicum
999 1877 1046 1904 Ar.
1063 1888 1105 1915 pr.

164 1929 212 1949 va.
235 1934 276 1940 —
299 1919 329 1954 9)
352 1919 431 1957 vulg.
450 1921 588 1958 plerique
608 1922 781 1957 &ruens-is,
806 1920 858 1948 sed
876 1930 981 1948 nomen
1001 1930 1104 1958 propr.

166 1971 222 1989 om.
241 1962 293 1988 Gu.
312 1964 337 1991 1.
362 1978 399 1981 —
435 1962 476 2000 10)
493 1965 628 2000 posilam.
651 1965 705 1990 Gu.
722 1965 748 1993 2.
769 1979 809 1983 --
841 1961 884 2001 ll)
909 1975 928 1990 (ι
951 1961 1106 1990 Lacedae-

165 2014 248 2031 mone
274 2004 330 2031 Gu.
349 2006 374 2033 1.
403 2020 444 2025 —
476 2006 518 2041 η’)
542 2006 590 2032 Sic
613 2005 668 2033 Gu.
687 2008 711 2035 1.
735 2022 776 2027 —
807 2006 942 2042 Namque
963 2005 1042 2042 vulg.
1067 2020 1107 2025 —-

167 2047 209 2082 13)
236 2044 380 2072 auderent
406 2056 462 2075 oui.
482 2048 536 2075 (ἆυ.
558 2050 582 2077 1.
599 2048 636 2075 al.
661 2063 700 2068 ——
732 2050 774 2084 14)
799 2058 1047 2085 quosnam-unque
1070 2047 1106 2075 al.

165 2104 205 2109 -
232 2086 275 2125 15)
299 2088 363 2116 cod.
379 2089 503 2117 Roman.
521 2096 674 2125 agras-tae:
699 2090 790 2118 Grial.
809 2092 978 2127 suspicatur
995 2091 1108 2127 agre-viz?

167 2130 330 2158 secundum
355 2131 478 2159 Pausan.
496 2132 557 2160 VH.
588 2149 626 2153 —-
660 2132 703 2171 16)
736 2131 770 2159 tle
800 2143 879 2159 more
907 2135 1030 2160 Dianae>
1052 2143 1106 2170 pro

164 2173 246 2209 vulg.
272 2174 395 2200 Dianae
415 2173 485 2201 deae
499 2185 556 2212 pro
575 2185 653 2201 more
668 2175 772 2212 scripsi
789 2185 802 2202 e
821 2176 875 2202 Gu.
889 2178 914 2205 1.
926 2192 966 2197 —-
985 2176 1109 2202 Dianae

167 2214 202 2242 de
212 2225 290 2242 more
301 2215 357 2245 GU.
369 2218 396 2246 2.
407 2232 442 2238 -
455 2218 580 2244 Dianae
593 2216 663 2244 <leae
673 2227 752 2244 more
768 2228 810 2255 pr.
819 2227 863 2245 va.
872 2234 912 2238 —
927 2218 972 2254 17)
984 2228 1109 2244 exercere

162 2263 284 2295 possent
302 2257 338 2286 al.
355 2274 396 2279 —-
413 2257 456 2297 18)
476 2259 522 2287 Sic
533 2260 588 2287 Gu.
602 2263 625 2290 1.
638 2263 664 2290 2.
681 2270 724 2297 pr.
740 2270 836 2287 va—
851 2262 959 2297 periret
976 2260 1057 2295 vulg.
1070 2276 1108 2280 —

170 2299 214 2336 19)
229 2299 353 2327 eandem
365 2311 410 2328 va.
421 2301 547 2328 —z'tlan
563 2302 600 2330 al.
616 2318 657 2322 —
677 2305 720 2338 20)
740 2303 903 2339 incogmlis
922 2313 967 2340 pr.
978 2318 1011 2322 —
1027 2300 1071 2338 2¹1)
1090 2313 1107 2328 ιι

169 2341 259 2368 hobas
273 2342 372 2370 addidi
385 2344 466 2371 eGu.
481 2347 506 2374 1.
526 2361 561 2365 —
576 2343 621 2382 ΣΞ)
635 2344 682 2372 Sic
699 2345 837 2374 Gu.1.-—
855 2346 961 2371 mamm
981 2343 1050 2380 vulg
1068 2360 1109 2365 —

169 2383 405 2421 23)4111imalium
415 2385 516 2414 addidi
526 2396 540 2414 e
553 2388 607 2415 (ju.
619 2389 644 2416 1,
657 2403 696 2408 -
710 2387 940 2424 ἐὴρνωῃίκίαηι
955 2386 1106 2414 A1-.Recte.

445 1267 615 1305 Threnos,
642 1266 733 1309 quod
761 1266 878 1298 Latine
899 1266 1077 1298 lamentum
1104 1278 1278 1303 vocamuS,
1314 1268 1439 1309 primus
1466 1278 1577 1298 versus
1607 1263 1784 1298 Ieremias³

1787 1263 1798 1282 ⁰
1831 1266 2019 1309 composuit
2041 1278 2096 1299 su—

1529 1318 1608 1349 Post
1634 1317 1724 1350 hune
1751 1317 1841 1360 apud
1871 1317 2020 1351 Graecos
2041 1318 2095 1350 Si-

1407 1420 1467 1451 Est
1495 1420 1582 1452 eniin
1609 1420 1718 1452 titulus
1745 1426 1968 1459 mortuorum,
1994 1420 2096 1462 quiin

1152 1469 1350 1503 Scribuntur
1361 1467 1384 1488 Ἠ
1412 1471 1497 1502 euim
1525 1468 1603 1502 ibi⁴⁵
1630 1471 1695 1503 vita
1720 1476 1752 1502 et
1780 1482 1887 1503 mores
1898 1467 1922 1486 ⁴⁰
1950 1474 1981 1503 et
2009 1478 2096 1504 aetas

1150 1624 1222 1652 Nam
1240 1623 1325 1651 facile
1345 1634 1372 1650 m
1391 1622 1544 1651 absorberi
1560 1622 1656 1661 potuit
1672 1622 1707 1650 ab
1727 1624 1768 1649 ιἠ,
1792 1623 1831 1650 De
1849 1632 1880 1650 re
1897 1621 1962 1650 vide
1974 1622 2093 1651 Hieron.

1150 1667 1199 1696 lib.
1218 1667 1237 1695 l.
1255 1666 1290 1694 de
1309 1666 1409 1694 eccles.
1423 1665 1507 1693 Offic.
1527 1668 1588 1696 c.6.
1611 1682 1652 1686 —
1675 1666 1721 1699 23)
1740 1666 1871 1692 ,lltzemicc
1895 1665 1985 1693 Gnial.
2003 1675 2017 1692 e
2034 1666 2093 1693 suis

1149 1709 1235 1737 codd.
1261 1725 1297 1729 —
1322 1710 1444 1736 Emmi'tc
1461 1709 1498 1736 al.
1524 1725 1558 1729 —
1586 1708 1700 1736 Iuenna
1716 1707 1752 1735 al.
1773 1723 1814 1727 ——
1837 1710 1880 1734 ΞΕΧ
1898 1707 1945 1734 Sic
1966 1707 2002 1734 de
2017 1717 2094 1735 con-

1148 1752 1260 1779 iectura
1280 1751 1397 1778 Arcvali
1418 1750 1539 1788 scripsi,
1572 1750 1608 1778 de
1640 1760 1696 1787 qna
1719 1750 1947 1777 Fortunatianus
1973 1750 2002 1776 in
2031 1755 2093 1778 arte

1150 1794 1185 1822 de
1215 1794 1363 1831 dactylico
1384 1798 1487 1821 metro.
1510 1809 1551 1813 —
1590 1793 1718 1821 Tinzotoe
1744 1792 1822 1828 vulg.
1848 1810 1885 1814 —
1920 1792 2093 1828 Timotliees

1151 1837 1207 1864 Gu.
1225 1840 1250 1866 1.
1279 1853 1319 1857 -—
1346 1835 1503 1872 Cjimotlwe
1519 1835 1553 1862 al.
1570 1846 1615 1873 ap.
1629 1835 1719 1862 Grial.
1744 1851 1783 1856 —
1808 1833 1853 1873 27)
1873 1835 1943 1871 sall
1961 1844 2016 1862 oin.
2037 1835 2091 1863 Gu.

1150 1881 1179 1909 2.
1204 1894 1243 1899 —
1268 1881 1315 1915 28)
1342 1883 1507 1905 cantantur
1527 1877 1561 1905 al.
1582 1893 1623 1898 —-
1646 1876 1692 1912 230)
1715 1878 1761 1904 Sic
1776 1877 1832 1905 Gu.
1852 1880 1875 1906 1.
1894 1894 1931 1897 -
1957 1887 1976 1903 α
2000 1877 2091 1906 schol.

1150 1921 1229 1958 vulg.
1249 1938 1284 1942 -—
1309 1923 1352 1955 30)
1379 1920 1492 1948 C'ln-stli
1508 1925 1533 1946 et
1549 1920 1687 1946 ecclesiae
1701 1921 1754 1947 Gu.
1774 1923 1800 1951 2.
1823 1934 1864 1940 -·
1887 1918 1934 1958 31)
1951 1920 2020 1947 istis
2033 1921 2089 1948 Gu.

1154 1966 1179 1993 1,
1206 1980 1240 1984 -
1266 1964 1313 1998 3Ξ)
1337 1963 1384 1990 Sic
1405 1963 1461 1990 Gu.
1481 1965 1506 1993 1.
1524 1964 1554 1992 2.
1573 1962 1673 1990 Ar.—
1696 1968 1887 1999 ‹taus-znnplum
1902 1961 1999 1988 haesit
2013 1962 2091 1999 vulg.

1150 2023 1187 2026 ——
1212 2009 1256 2039 33)
1280 2006 1446 2032 celebratur
1463 2005 1517 2034 Gu.
1540 2006 1563 2033 1.
1588 2020 1628 2024 -
1648 2003 1693 2041 3⁴)
1717 2005 1765 2032 Sic
1785 2006 1840 2033 Gn.
1866 2007 1890 2034 l.
1910 2020 1951 2025 —
1981 2005 2013 2031 in
2033 2014 2091 2031 nze-

1148 2049 1223 2085 ptz'is
1238 2048 1334 2075 haesit
1353 2048 1431 2084 vulg.
1448 2063 1490 2068 —
1511 2049 1558 2083 35)
1583 2046 1630 2073 Sic
1655 2047 1709 2074 Gu.
1734 2050 1759 2077 1.
1778 2049 1804 2076 2,
1824 2046 1860 2074 al.
1885 2061 1926 2067 -—
1954 2046 2090 2074 Vocatur

1151 2091 1228 2127 vulg.
1252 2107 1292 2111 —
1315 2093 1362 2125 36)
1385 2089 1605 2127 epithalamum
1621 2091 1675 2116 (αὐ.
1691 2092 1718 2120 2.
1744 2105 1783 2110 -
1812 2090 1859 2123 37)
1883 2088 1930 2115 Sic
1948 2089 2002 2116 Gu.
2019 2091 2046 2119 l.
2062 2091 2090 2119 2.

1152 2133 1202 2161 Ar.
1226 2150 1266 2153 —
1288 2143 1377 2169 super
1396 2132 1567 2158 thalamum
1585 2131 1664 2168 vulg.
1696 2149 1736 2152 —
1764 2133 1809 2167 38)
1833 2136 1970 2158 cantetur
1987 2131 2023 2159 al.
2042 2141 2087 2169 pr.

1150 2185 1198 2202 va.
1224 2191 1260 2195 —
1281 2174 1328 2213 39)
1355 2174 1403 2201 Sic
1426 2174 1482 2202 Gu.
1501 2178 1537 2210 1.‚
1561 2174 1616 2201 nisi
1634 2174 1710 2210 quod
1730 2184 1813 2200 rev-su
1838 2172 1966 2201 exhibet.
1981 2190 2022 2194 —
2046 2171 2088 2201 Ie-

1152 2219 1261 2244 remias
1287 2227 1390 2243 virsa-s>
1409 2217 1487 2253 vulg.
1511 2232 1551 2237 -
1581 2226 1695 2243 rer-sum.
1717 2217 1772 2245 [εν.
1795 2216 1849 2244 Gu.
1865 2217 1892 2246 2.
1911 2232 1945 2236 -
1967 2217 2089 2253 primus

1152 2259 1272 2297 quidem
1289 2259 1340 2286 lwr.
1357 2269 1400 2286 va.
1427 2277 1464 2280 —
1491 2268 1575 2285 ver-su
1593 2269 1638 2286 va.
1661 2275 1702 2279 —
1724 2262 1769 2289 40)
1792 2269 1879 2295 sapei·
1895 2258 1995 2285 urbem
2010 2259 2087 2286 Hie-

1151 2302 1291 2336 rusalem,
1313 2300 1435 2338 quando
1450 2301 1594 2328 subversa
1615 2307 1656 2328 est
1677 2307 1702 2328 ec
1722 2301 1856 2339 populu-s·
1873 2300 1969 2327 lsrael
1987 2302 2088 2338 capti-

1152 2356 1206 2372 t'llS
1221 2343 1331 2371 <luctus
1345 2349 1385 2371 est
1400 2344 1451 2372 Ar.
1469 2359 1509 2365 -——
1527 2349 1553 2370 et
1565 2344 1699 2381 populus
1715 2344 1810 2371 lau-uel
1822 2342 1982 2370 sulam-sus
1996 2349 2021 2370 et
2037 2353 2088 2370 εα-

1145 2388 1252 2425 ptivus
1267 2386 1301 2414 al.
1327 2402 1365 2408 --
1389 2386 1439 2421 41)
1457 2385 1638 2413 adhibebant
1656 2386 1692 2414 al.
1715 2401 1756 2407 —-
1789 2384 1838 2424 42)
1861 2385 1908 2413 Sic
1927 2386 1984 2414 Gu.
2001 2388 2027 2416 1.
2041 2395 2086 2413 va.
