2255 2819
230 116 305 150 618

922 118 1101 152 ISIDORI
1128 118 1313 156 HISPAL.
1339 121 1483 156 EPlSC.

396 209 455 245 16.
509 204 685 253 Spongia¹
713 207 807 251 panis
833 220 920 253 aqua
947 210 1004 244 diu
1031 212 1215 245 malaxatus
1229 210 1252 254 ²,
1286 214 1426 248 similam
1454 218 1620 253 modicam
1645 219 1787 264 accipit,
1822 226 1855 253 et
1881 221 2080 255 fermentum
2108 235 2181 256 mo-

229 263 354 304 dicum,
383 267 415 295 et
442 262 543 294 habet
571 258 850 292 humectationis³
874 262 949 306 plus
977 275 1077 306 quam
1107 265 1212 297 omnis
1242 266 1345 309 panis.

1400 266 1501 302 Unde
1527 277 1560 303 et
1583 272 1746 317 spongiae
1767 284 1889 305 nomen
1917 274 2057 318 accepit.

395 313 453 348 17,
506 307 686 344 Placenta⁴
705 317 790 352 sunt,
805 324 891 355 quae
910 314 993 348 fiunt
1011 313 1074 348 de5
1089 316 1187 357 farre,
1207 329 1288 360 quas
1305 317 1360 350 alii
1382 318 1450 352 liba
1473 321 1596 364 dicunt,
1619 335 1659 356 eo
1675 324 1766 367 quod
1789 325 1915 357 libeant
1936 331 1968 358 et
1989 326 2144 369 placeant
2159 323 2181 360 ⁶.

394 363 450 395 18.

303 415 420 448 Crusta
458 411 532 447 estss
565 415 757 458 superficies
792 418 894 461 panis.

505 362 625 396 Dulcia
654 369 726 395 sunt
754 375 880 409 genera
921 367 1047 411 pistorii
1075 369 1205 412 operis,
1241 381 1260 401 a
1281 380 1402 414 sapore
1429 371 1530 408 dicta.

1584 375 1691 408 Melle
1712 376 1798 408 enim
1823 388 1961 420 asperso
1981 375 2180 411 sumuntur⁷.

948 419 1024 463 lpsa
1059 417 1111 452 et⁹
1139 420 1344 465 fragmenta,
1373 423 1450 465 quia
1477 425 1633 459 dividitur
1650 425 1672 444 ¹⁰
1711 433 1745 460 ut
1771 429 1877 462 fracta
1892 425 1926 463 ¹¹.

1674 455 1683 469 ,

302 466 517 498 Fermentum
529 477 548 498 a
562 466 693 500 fervore
707 476 944 514 nuncupatum,
961 467 1063 514 quia¹²
1073 472 1146 516 plus
1159 470 1248 504 una¹³
1259 472 1343 505 hora
1357 482 1541 520 nonpotest
1553 480 1725 515 contineri.
1737 480 1928 514 Crescendo
1940 479 2026 514 enim
2038 479 2179 514 excedit.

301 517 421 550 Farina
447 522 479 550 et
502 518 643 551 furfures
671 531 689 551 a
718 520 805 553 farre
833 522 953 564 dictae,
981 523 1072 556 culus
1101 529 1173 556 sunt
1201 532 1436 570 purgamenta,

390 569 448 602 19.
503 570 665 603 Amolum
694 571 755 604 flos
783 573 906 607 farinae
934 576 1159 608 tenuissimum
1180 588 1263 620 prae
1292 577 1424 611 levitate
1452 579 1495 612 de
1522 581 1612 613 mola
1641 582 1800 624 eiectum,
1835 583 1924 616 unde
1960 588 1992 615 et
2024 583 2179 627 appella-

221 626 304 665 tum,
332 622 425 665 quasi
453 619 610 655 amola¹⁴.
664 623 783 656 Simila
798 626 828 660 *.
853 626 997 659 Pollines
1008 628 1036 661 *.

387 682 447 715 20.
501 682 627 716 Carnes
656 682 776 725 dictae,
804 686 880 728 quia
905 698 1002 720 carae
1029 692 1113 725 sunt.
1142 688 1210 720 sive
1237 700 1256 720 a
1284 690 1442 729 creando,
1471 691 1559 724 unde
1586 696 1619 724 et
1645 704 1664 724 a
1692 693 1830 728 Graecis
1856 696 1958 734 ποίας
1986 700 2131 728 meatur-

324 733 487 774 Crudum,
515 734 607 777 quod
636 735 674 767 sit
698 743 892 779 cruentum,
921 744 968 771 est
996 739 1082 771 enim
1110 751 1185 772 cuin
1214 742 1374 785 sanguine
1386 738 1417 774 ¹⁵.
1878 726 1889 743 κ

386 793 444 826 21.
499 793 643 828 coctum
671 796 764 838 quasi
792 804 945 832 coactum
973 795 1143 838 ‹licitu1·¹⁰,
1172 800 1206 832 id
1236 806 1281 833 est
1309 802 1351 833 ab
1380 814 1477 845 aqua,
1505 803 1557 835 vel
1586 805 1665 848 igne
1680 801 1702 821 ¹⁷
1729 805 1874 838 violento
1885 802 1907 824 ¹⁸
1934 806 2038 839 modo
2066 813 2176 841 actum

221 845 363 889 usuique
391 846 601 878 comestionis
619 843 640 862 ¹⁹

386 904 445 940 22.

320 956 468 997 Elixum,
496 970 536 991 eo
558 958 651 1001 quod
680 959 712 991 111
737 971 823 1002 aqua
850 963 921 995 sola
950 963 1157 1006 decoquitur.

668 852 795 891 aptum.

847 850 915 884 Sed
945 856 976 884 et
1003 851 1098 884 multi
1126 853 1287 896 temporis
1315 853 1441 897 aliquid
1471 860 1610 888 vocatur
1637 862 1771 890 coctum
1788 853 1823 890 ²⁰.

500 908 632 949 Assum,
661 908 752 950 quod
782 909 907 949 ardeat,
939 911 1032 954 quasi
1060 923 1179 946 arsum.

1210 964 1292 997 Lixa
1319 965 1407 997 enini
1441 977 1527 1008 aqua
1555 967 1693 1009 dicitur,
1735 969 1777 1001 ab
1805 979 1846 1001 eo
1869 968 1962 1013 quod
1991 969 2030 1001 sit
2056 969 2174 1007 soluta,

219 1007 307 1040 unde
335 1013 367 1040 et
394 1010 514 1043 solutio
542 1010 687 1042 libidinis
703 1008 725 1027 ²¹
755 1012 861 1054 luxus,
890 1020 922 1046 et.
948 1016 1098 1048 membra
1125 1015 1202 1048 loco
1230 1022 1320 1049 mota
1335 1013 1359 1032 ²²
1395 1017 1470 1049 luxa
1499 1018 1663 1052 dicuntur.

383 1067 441 1100 23.

497 1070 632 1102 Frixum
657 1082 675 1102 a
702 1082 783 1103 sono
812 1072 949 1115 dictum,
974 1075 1110 1118 quando
1139 1076 1234 1108 ardet
1261 1076 1293 1108 in
1321 1077 1396 1108 oleo
1413 1074 1446 1109 ²³.

318 1118 462 1160 Salsum,
485 1118 618 1164 (1111151Ἠ
645 1122 714 1154 sale
741 1134 924 1167 aspersum,
957 1126 1101 1171 demptis
1129 1139 1147 1159 e
1175 1128 1288 1160 medio
1315 1128 1452 1171 syllabis
1479 1129 1592 1162 tribus.

319 1171 510 1205 Rancidum
526 1170 551 1190 ²⁵
579 1184 618 1206 ex
642 1173 722 1205 vitio
738 1171 762 1190 ²⁶

786 1184 1025 1221 nuncupatum,
1054 1179 1146 1221 quod
1172 1191 1290 1212 raucos
1319 1180 1453 1212 efficiat.

380 1232 438 1266 2-1.
492 1233 649 1266 Succidia
677 1245 791 1267 carnes
814 1237 846 1268 in
874 1249 967 1270 usum
996 1240 1172 1282 repositae,
1201 1252 1219 1271 a
1247 1239 1452 1273 succidendo
1463 1236 1487 1256 ²⁷
1516 1239 1635 1273 dictae.

318 1290 522 1331 Lardumffl.
557 1303 598 1325 eo
633 1295 725 1337 quod
760 1297 793 1328 in
822 1297 925 1329 domo
954 1299 1138 1343 repositum
1170 1305 1391 1332 conservatur.

318 1352 435 1385 Taxea
463 1353 595 1386 lardum
623 1360 672 1387 est
698 1355 832 1390 Gallice
863 1357 1000 1392 dictum.

1445 1300 1532 1332 Nam
1560 1300 1685 1343 antiqui
1712 1300 1832 1334 domos
1847 1298 1872 1318 ²³
1899 1303 1982 1334 lares
2010 1302 2170 1336 dicebant.

1056 1358 1156 1392 Unde
1190 1356 1253 1392 et³¹⁰
1280 1360 1436 1393 Afranius
1472 1360 1503 1392 in
1536 1358 1676 1393 Rosam:

448 1412 595 1446 Gallum
621 1414 829 1459 sagatum³²
852 1418 983 1463 pingui
1005 1423 1150 1463 pastum
1177 1424 1297 1453 taxea.

378 1470 437 1505 25.
489 1474 646 1520 Axungia
669 1476 710 1508 ab
738 1477 893 1511 unctione
919 1483 1047 1513 vocata.

318 1531 447 1565 Sebum
476 1546 495 1566 a
523 1546 580 1568 sue
607 1535 745 1579 1110111111,
773 1539 865 1581 quasi
893 1540 1044 1580 suebum,
1074 1539 1167 1583 quod

378 1592 436 1625 26.
491 1593 573 1628 Offa
596 1601 644 1629 est
671 1599 808 1643 proprie
832 1599 971 1633 frustum
1000 1600 1161 1641 dentium,

299 1658 326 1698 l)
351 1659 398 1688 Sic
424 1660 475 1691 Ar.
501 1679 538 1683 —
572 1664 709 1702 Sszmgicz
738 1666 816 1703 vulg.
849 1683 891 1688 —
927 1666 956 1705 2)
980 1667 1029 1695 sic
1052 1667 1104 1695 Ar.
1128 1683 1169 1689 —

215 1697 386 1729 diutissime
409 1703 536 1732 laxatus
558 1706 638 1744 vulg.
663 1723 702 1729 —-
727 1707 901 1736 ‹limatas-ime
926 1710 1052 1737 laxatur
1068 1712 1122 1738 Cu·
1141 1713 1168 1740 1.

214 1758 255 1763 —·
285 1743 405 1772 diutius
435 1748 611 1776 malua-atur
642 1749 699 1778 Gu.
723 1753 751 1782 2.
783 1768 825 1773 —
861 1752 889 1792 3)
916 1753 1169 1780 humectationem

216 1785 271 1813 Gu.
294 1789 320 1817 2.
347 1803 382 1808 —
408 1788 644 1819 lzunzectatz‘oncs
667 1793 702 1820 al.
728 1803 773 1832 pr.
795 1804 844 1823 va.
869 1811 909 1816 —
934 1796 964 1832 4)
989 1796 1037 1823 Sic
1061 1797 1091 1825 Z.
1111 1796 1167 1823 Gu.

217 1830 243 1857 1.
268 1827 312 1855 ed.
335 1829 421 1858 Goth.
443 1849 485 1854 —
510 1835 673 1862 I'lacmtuc
698 1836 755 1864 Gu.
783 1839 812 1867 2.
836 1847 884 1866 va.
902 1837 953 1867 Ar.
978 1843 1006 1866 et
1029 1839 1111 1876 vulg.
1129 1855 1167 1859 --

215 1867 244 1907 5)
269 1868 304 1896 cle
326 1881 381 1909 pro
404 1885 436 1901 cx
459 1877 513 1904 Gu.
534 1880 558 1907 1.
578 1881 606 1909 2.
638 1888 681 1916 pr.
704 1888 750 1907 va.
776 1879 860 1907 Arev.
894 1896 935 1901 —
971 1882 1002 1918 6)
1026 1881 1169 1919 Sequitur

214 1912 294 1949 vulg.
325 1914 492 1960 {diganum
521 1925 562 1946 est
586 1920 668 1948 lata-v
694 1927 720 1948 el
755 1924 855 1950 lenuis
880 1925 990 1960 panis,
1023 1926 1078 1962 qui
1102 1925 1168 1961 pri-

215 1964 299 1982 mum
322 1966 354 1983 ln
379 1968 479 1996 (ιιμια,
502 1968 609 1998 postea
638 1965 669 1991 ιἰι
700 1965 761 1992 oleo
782 1966 928 2003 frigitur.
973 1966 1058 1995 Ilanc
1086 1967 1168 2003 glos—

215 2007 275 2026 sam
309 2008 365 2026 0111-
395 2001 450 2028 (ἆυ.
478 2005 502 2032 1.
529 2007 558 2035 2.
588 2010 615 2034 et
646 2006 712 2035 cod.
737 2007 861 2037 Vulcan.
895 2025 936 2029 —
973 2009 1001 2047 7)
1028 2009 1169 2048 Sequitur

214 2040 294 2077 vulg.
317 2039 391 2068 haec
414 2043 526 2079 glossa:
553 2048 700 2076 erastum
723 2049 942 2079 diminutivum
968 2057 1010 2079 est
1041 2063 1061 2080 (ι
1093 2063 1166 2080 cm-

214 2087 279 2110 sta:
296 2085 392 2121 pani-5
414 2085 474 2112 oleo
500 2097 683 2127 consponszav,
709 2093 740 2120 ιἰι
763 2093 861 2121 medio
882 2104 1033 2122 concavus
1058 2100 1083 2122 et
1107 2101 1166 2124 tor-

215 2130 274 2154 tus.
318 2127 405 2154 Haec
427 2134 452 2156 et
475 2133 555 2156 torta
575 2135 677 2168 panis.
731 2135 795 2164 0111.
825 2136 881 2165 Gu.
909 2140 933 2167 1.
959 2140 988 2168 2.
1016 2138 1063 2166 Ar.
1098 2137 1165 2166 cod.

215 2167 341 2198 Vulcan.
370 2185 411 2190 —
449 2169 477 2210 8)
501 2177 542 2199 est
574 2184 630 2201 oni.
653 2176 716 2203 Gn.
739 2180 765 2208 1.
793 2181 821 2209 2.
848 2196 884 2200 ·-
921 2179 1032 2207 Cra-sta
1065 2186 1166 2207 aulem

215 2215 257 2238 est
280 2220 325 2248 pr.
348 2220 393 2242 vu.
417 2228 459 2236 -
493 2216 522 2248 9)
549 2220 574 2241 et
597 2217 664 2253 ipsa
690 2218 743 2247 Gu.
767 2222 793 2250 1.
828 2237 869 2241 —
908 2221 954 2259 10)
979 2222 1167 2250 (ίίυίιίιιιιίαν

217 2253 274 2281 Gu.
300 2255 328 2284 2.
360 2269 397 2273 -
441 2256 487 2292 ll)
513 2257 653 2294 Sequitur
683 2260 762 2297 vulg.
795 2261 867 2290 haec
903 2264 1016 2301 glossa:
1054 2265 1166 2294 Simila

216 2294 338 2329 (*nillil
362 2301 512 2334 praelerea
535 2298 604 2338 Ar.)
631 2301 832 2331 subtilzssinm
854 2312 895 2332 cs!
912 2307 1046 2342 surina,
1077 2318 1166 2346 quam

217 2347 273 2366 om.
297 2338 328 2368 Z.
345 2338 407 2385 Δ611.
430 2342 455 2370 1.
470 2342 498 2370 2.
515 2343 543 2372 3.
564 2342 602 2378 4.,
626 2342 656 2370 111
682 2343 790 2380 quibus
813 2354 968 2384 sequentes
987 2340 1100 2387 glossae
1125 2350 1165 2379 ita

218 2390 247 2408 se
276 2382 457 2426 excipiunt,
496 2388 529 2411 ut
564 2385 716 2422 posuimus
754 2396 818 2422 eas,
854 2399 945 2425 quum
981 2393 1071 2429 vulgo
1107 2392 1166 2421 hoc

217 2422 320 2451 ordine
356 2425 558 2462 reperiantur:
597 2428 757 2464 Amolum,
795 2428 927 2467 Farina,
964 2435 1064 2461 Pollis
1096 2435 1166 2470 (cui

219 2464 331 2494 adiecta
361 2471 405 2496 est
433 2466 507 2497 haec
537 2470 712 2508 explicatio:
741 2482 839 2510 genus
868 2479 909 2500 est
928 2474 1060 2509 farinae
1088 2487 1166 2504 can-

1195 1540 1271 1584 plus
1299 1540 1511 1585 pinguedinis
1537 1538 1607 1573 hoc
1635 1539 1757 1572 animal
1783 1538 1916 1572 habeat.

1196 1600 1288 1634 cuius
1305 1600 1535 1633 diminutivum
1551 1600 1703 1633 offellam
1716 1595 1740 1616 ³³
1766 1599 1855 1633 facit.
1890 1598 1992 1632 Unde
2007 1603 2039 1631 et
2059 1597 2169 1631 offarii

1213 1666 1401 1696 ‹lidia-simam
1454 1668 1520 1697 0111.
1564 1667 1691 1705 glossam
1735 1676 1835 1694 omnes
1868 1666 1964 1695 nostri
2007 1665 2095 1695 codd.
2140 1671 2168 1695 et

1214 1710 1299 1739 editt.
1323 1716 1393 1739 vett.
1422 1721 1469 1750 pr.
1508 1720 1554 1738 va.
1599 1709 1702 1737 Pelles
1737 1719 1804 1738 cum
1835 1708 1968 1738 defectus
1997 1708 2079 1746 signo
2112 1719 2167 1747 po-

1213 1753 1272 1781 suit
1304 1753 1424 1791 Arev.)‚
1454 1753 1653 1781 Fet-mentum.
1678 1769 1715 1774 —-
1756 1751 1800 1791 12)
1825 1753 1900 1790 qnia
1927 1762 1982 1790 pro
2002 1750 2086 1789 quod
2110 1751 2166 1780 Gu.

1214 1799 1240 1827 1.
1270 1799 1299 1827 2.
1326 1798 1355 1827 3.
1385 1796 1413 1826 4.
1446 1814 1483 1818 -
1535 1794 1577 1833 13)
1611 1794 1659 1823 810
1699 1794 1755 1823 Gu.
1786 1798 1815 1827 3.
1839 1795 1870 1826 4.
1898 1795 1947 1824 Ar.
1987 1810 2023 1815 —
2060 1795 2168 1832 prima

1213 1839 1293 1876 vulg.
1319 1854 1362 1862 -—
1401 1840 1446 1875 14)
1470 1838 1590 1867 Simila.
1620 1837 1754 1865 l’ollmes
1774 1837 1842 1867 add.
1860 1838 1917 1866 Gu.
1944 1839 1971 1868 1.
1996 1838 2024 1867 2·
2048 1852 2081 1859 --
2119 1837 2165 1873 15)

1212 1887 1327 1908 coctum
1343 1880 1412 1909 add.
1432 1881 1511 1918 vulg.
1528 1897 1568 1901 —
1592 1890 1648 1908 om.
1665 1890 1708 1908 va.
1725 1880 1773 1910 Ar.
1792 1898 1829 1902 —
1848 1880 1904 1908 Gu.
1923 1882 1948 1910 1.
1964 1889 2020 1909 om.
2040 1878 2165 1907 coetum

1212 1926 1303 1962 qua-xi
1325 1929 1462 1952 coactum
1484 1922 1606 1951 dicam.
1634 1939 1666 1944 -
1693 1922 1749 1951 Gu.
1772 1925 1801 1954 2.
1824 1933 1868 1962 pr.
1889 1932 1982 1961 usque
2004 1921 2042 1950 ad
2060 1927 2165 1961 aptum

1213 1977 1271 1995 om.
1298 1985 1336 1989 —
1375 1969 1419 1999 16)
1439 1965 1555 1993 elicitur
1576 1976 1632 1995 om.
1657 1965 1687 1994 Z.
1710 1975 1756 1995 va.
1782 1965 1831 1994 Ar.
1854 1981 1897 1987 -
1920 1963 1966 2005 17)
1989 1964 2039 1992 810
2062 1964 2118 1993 Gu.
2138 1967 2163 1995 1.

1215 2026 1251 2030 —-
1276 2009 1314 2038 ab
1338 2011 1407 2047 igne
1430 2014 1455 2036 ct
1479 2007 1543 2046 (rel
1563 2009 1594 2037 Z.
1620 2010 1675 2042 va.)
1701 2018 1785 2046 aqua
1807 2008 1886 2046 vulg.
1908 2024 1950 2029 —
1973 2005 2017 2046 18)
2042 2007 2164 2035 violenti

1213 2053 1270 2081 Gu.
1298 2054 1324 2083 1.
1351 2067 1392 2074 -·
1432 2052 1477 2088 19)
1501 2052 1550 2079 810
1576 2051 1626 2079 Ar.
1651 2067 1693 2072 —
1726 2051 1809 2090 Vulg.
1840 2056 1971 2090 actaque
1993 2051 2165 2078 comestioni

1209 2111 1251 2117 ——
1274 2095 1304 2124 Ζ,
1329 2099 1399 2121 actu
1423 2104 1538 2132 usuque
1561 2095 1759 2123 comestionis.
1792 2109 1829 2116 -·-
1855 2094 1912 2123 Gu.
1934 2096 1960 2124 1.
1983 2098 2086 2120 actum
2109 2103 2163 2120 us—

1210 2149 1265 2176 que
1289 2136 1333 2164 ad
1353 2138 1545 2165 comestiones
1576 2138 1750 2164 comestioni
1773 2142 1890 2174 aptum.
1914 2146 1972 2164 om.
1999 2145 2056 2171 va„
2087 2145 2162 2173 quae

1210 2180 1256 2208 ed.
1279 2189 1346 2208 cum
1370 2179 1449 2217 vulg.
1474 2179 1503 2207 111
1528 2179 1651 2217 reliquis
1674 2179 1831 2208 consentit.
1854 2195 1895 2199 —
1917 2175 1965 2217 20)
1989 2178 2037 2206 Sic
2059 2177 2116 2206 Gu.
2134 2180 2161 2208 1.

1210 2225 1238 2254 2,
1264 2240 1302 2245 —
1326 2228 1443 2250 coctum
1467 2233 1527 2250 voc.
1552 2222 1632 2259 vulg.
1657 2238 1693 2242 —
1718 2220 1766 2261 21)
1789 2227 1910 2249 nostrae
1930 2220 1980 2248 lib.
2003 2221 2090 2248 Z.-
2111 2218 2160 2258 22)

1211 2276 1230 2292 α
1255 2265 1318 2293 loco
1344 2270 1427 2293 mota
1444 2275 1489 2293 va.
1518 2284 1555 2288 —-
1580 2269 1727 2292 commota
1750 2265 1780 2293 Ζ,
1804 2280 1845 2288 —-
1873 2262 1920 2304 23)
1939 2263 1988 2291 Sic
2003 2263 2034 2289 Z.
2049 2261 2105 2289 Gu.
2130 2264 2157 2291 1.

1208 2309 1237 2339 2.
1262 2318 1307 2347 pr.
1323 2317 1368 2335 va.
1393 2305 1531 2348 (ardeat)
1546 2324 1587 2328 —
1601 2308 1634 2335 in
1647 2307 1686 2335 ol.
1705 2305 1772 2335 ard.
1795 2307 1876 2345 vulg.
1899 2322 1933 2326 --
1959 2304 2007 2341 24)
2031 2304 2105 2341 quia
2128 2303 2157 2330 Z.

1209 2367 1248 2371 —
1280 2353 1327 2382 25>
1348 2349 1525 2378 Ram-idum
1549 2372 1555 2379 .
1582 2372 1587 2377 .
1612 2372 1619 2377 .
1644 2349 1753 2377 Sebum
1768 2371 1776 2379 .
1791 2369 1798 2378 .
1815 2347 1935 2376 animal
1957 2346 2067 2374 habeat
2098 2356 2157 2375 om.

1210 2392 1277 2421 cod.
1304 2393 1412 2422 Znttav.
1441 2409 1483 2414 —
1520 2392 1567 2430 26)
1589 2402 1624 2419 ex
1648 2393 1737 2420 initio
1766 2391 1822 2418 Gu.
1843 2393 1869 2420 1.
1897 2405 1933 2409 —
1968 2387 2016 2429 27)
2039 2387 2156 2417 cuc-ced.

1211 2436 1267 2463 Gu.
1292 2438 1320 2466 2.
1339 2451 1381 2457 ·—-
1417 2433 1465 2472 28)
1489 2432 1631 2462 Larcius.
1650 2457 1656 2463 ,
1671 2434 1819 2470 repositus
1841 2441 1887 2470 pr.
1911 2430 1947 2460 al.
1969 2446 2010 2453 —
2043 2430 2156 2459 dicitur

1209 2478 1278 2506 add.
1304 2478 1384 2515 vulg.
1404 2493 1440 2497 ——
1461 2476 1525 2505 0111.
1542 2477 1596 2504 Gu.
1618 2479 1644 2506 1.
1669 2479 1695 2507 2.
1719 2485 1764 2502 va.
1789 2474 1875 2503 Arev.
1911 2491 1949 2495 —
1984 2475 2033 2509 29)
2047 2473 2156 2502 domus
