2264 2830
742 103 988 138 ORlGlNUM
1022 106 1168 141 LIBER
1195 108 1301 142 xvii.

229 198 286 233 16.
339 199 443 232 Liber
463 203 510 231 est
537 197 669 232 corticis
696 209 772 241 pars
799 198 949 239 interior,
977 199 1084 234 dictus
1111 214 1130 234 a
1157 203 1300 236 liberato
1327 201 1468 242 cortice,
1496 201 1530 234 id
1559 207 1607 234 est
1633 202 1754 235 ablato.

418 248 442 268 21

63 251 209 284 medium
234 251 406 294 quoddam
468 251 551 282 inter
577 250 704 293 lignum
730 255 762 281 ct
782 251 950 283 corticem.

1931 111 2004 146 531

1809 204 1868 237 Est
1896 212 2006 240 autem

231 311 286 343 17.
340 311 437 343 Rami
465 315 549 351 sunt,
577 310 632 353 qui
659 310 702 341 de
728 315 844 341 trunco
873 315 1015 352 manant,
1043 312 1125 346 sicut
1151 325 1170 345 a
1198 313 1389 346 ramusculis
1401 309 1426 329 ²⁸
1453 318 1591 346 caetera.

167 362 297 395 Surculi
325 368 396 395 sunt
413 358 438 378 ²⁰
468 373 485 394 a
508 361 713 406 praecisione
740 373 847 394 serrae
875 363 1063 406 nuncupati.

235 423 290 454 ls.

66 472 170 516 virga,
198 484 283 515 quae
307 474 349 507 de
376 473 483 506 ramis.

67 529 99 556 et
125 524 217 567 quasi
244 525 355 558 inutile
383 525 424 557 ab
452 525 607 568 agricolis
635 530 833 568 amputatur.

344 421 533 466 Yirgultum
568 427 635 461 est,
679 421 770 465 quod
808 422 850 454 de
863 419 888 438 ³⁰
920 423 1033 455 radice
1066 423 1227 467 pullulat,
1254 434 1382 462 ramus,
1410 419 1499 465 qui³¹

537 473 677 517 Proprie
705 478 812 505 autem
840 473 1022 517 virgultum
1050 475 1258 519 appellatur,
1296 474 1387 517 quod
1424 474 1467 506 ad
1498 474 1642 507 radicem
1654 472 1678 490 ³²

887 525 932 558 Et
958 526 1037 559 hinc
1064 527 1187 560 dictum
1216 527 1406 569 virgultum,
1434 526 1510 568 quia
1538 537 1575 557 ex
1598 526 1689 570 virga
1712 527 1848 560 tollitur.

1536 423 1578 455 de
1613 423 1686 467 ipso
1714 424 1834 457 robore
1869 426 2006 468 arboris,

1701 475 1826 507 arboris
1853 477 2005 517 nascitur,

1903 528 2007 574 Virga

66 587 85 607 a
113 576 230 608 virtute
257 577 391 617 dicitur,
419 576 496 619 quia
510 572 534 592 ³³
560 577 626 608 vini
654 577 686 608 in
714 589 747 608 se
775 576 896 609 habeat
923 575 1104 619 multam³¹‚
1131 578 1182 610 vel
1211 589 1229 609 a
1257 577 1428 616 viriditate,
1460 577 1512 609 vel
1541 577 1616 619 quia
1643 578 1734 622 pacis
1762 579 1921 613 indicium
1949 586 2007 623 est,

66 627 145 670 quia
172 623 240 658 vi³⁵
273 633 378 673 regat.

66 677 128 710 hos
170 680 325 712 sustinent
358 679 514 725 illigatos.

66 734 206 761 utuntur.

431 623 565 661 Un‹le·'“⁵
600 626 666 661 hac
693 633 825 661 utuntur
847 630 936 674 magi
959 630 1000 661 ad
1030 629 1213 673 placandas
1225 625 1248 645 ³³
1281 629 1362 661 inter
1396 641 1429 660 se
1461 636 1646 671 serpentes,
1681 635 1712 661 et
1745 630 1870 664 idcirco
1906 631 1937 663 in
1968 643 2006 664 ea

569 676 677 713 nacae
718 680 816 712 etiam
851 680 1048 724 philosophi
1087 691 1125 713 ac
1167 692 1263 724 reges
1304 676 1370 712 et²¹³¹
1414 680 1559 724 magistri
1604 686 1634 713 et
1676 681 1783 714 nuncii
1828 687 1860 715 et
1904 682 2005 727 legati

237 781 289 814 l9.
344 782 501 825 Flagella
529 782 692 822 dicuntur,
721 788 755 814 ut
780 779 1058 826 p1·aedixi1nus'¹⁰‚
1093 794 1239 815 summae
1267 782 1422 814 arborum
1453 787 1582 825 partes,
1611 782 1653 814 ab
1688 793 1728 814 co
1755 784 1846 825 quod
1875 785 2006 818 crebros

66 837 237 864 ventorum
266 833 421 865 sustinent
449 834 553 865 ssatus.

232 883 291 918 20.
346 884 466 928 Cyrnus
489 889 622 917 vocatas
636 881 657 900 ⁴¹
682 884 774 926 quasi
795 895 916 918 comas.

170 936 268 968 Folia
296 937 428 969 Graece
452 937 567 982 φῦλλα
595 935 769 973 dicuntur,
799 931 925 968 undc¹²
952 941 999 967 est
1026 934 1067 967 ad
1097 947 1155 968 nos
1183 934 1251 967 hoc
1286 946 1407 968 nomen
1439 947 1501 979 per
1528 934 1765 967 derivationem
1806 936 2006 971 translatum.

235 995 293 1028 21.

69 1053 130 1079 tur.
184 1047 221 1079 ln
246 1047 296 1079 his
323 1047 449 1091 duplex
462 1043 487 1063 ⁴⁴
513 1047 631 1091 gratia,
659 1048 779 1080 coloris
807 1053 839 1080 et
866 1047 988 1080 odoris.

348 996 466 1028 Flores
492 996 662 1038 nominati,
690 995 782 1038 quod
810 997 875 1029 cito
904 995 1051 1028 defluant
1064 992 1084 1012 ⁴³
1112 996 1154 1028 de
1183 995 1367 1035 arboribus,
1395 995 1487 1039 quasi
1515 995 1646 1033 fluores,
1673 993 1765 1037 quod
1788 994 1853 1027 cito
1877 996 2008 1029 solvan-

1042 1049 1163 1080 Austro
1192 1047 1277 1079 enim
1305 1047 1403 1080 flores
1429 1048 1607 1086 solvuntur,
1629 1044 1790 1089 Zephyro
1817 1047 1906 1080 fiunt.

233 1106 291 1139 22,
345 1106 492 1139 Germen
519 1107 658 1141 dicimus
683 1107 849 1140 surculum
874 1112 1125 1151 praegnantem,
1154 1119 1172 1139 a
1193 1107 1343 1152 gerendo
1354 1103 1388 1147 ⁴³,
1423 1107 1512 1139 unde
1539 1111 1571 1139 et
1593 1105 1803 1150 germinatio,

232 1165 291 1199 23.
344 1165 485 1199 Fructus
512 1177 631 1198 nomen
660 1167 791 1211 accepit
817 1179 836 1199 a
864 1167 1021 1207 frumine,
1056 1166 1088 1198 id
1131 1172 1179 1200 est
1214 1167 1376 1199 eminente
1409 1167 1550 1210 gutturis
1585 1170 1698 1209 parte,
1732 1175 1797 1207 qua
1837 1165 2007 1203 vescimur,

70 1216 158 1248 unde
170 1212 194 1232 ⁴¹⁵
221 1222 254 1249 et
280 1217 403 1262 fruges.

458 1217 600 1251 Fructus
626 1224 736 1251 autem
764 1219 900 1262 proprie
927 1218 1080 1250 dicuntur
1113 1229 1271 1262 agrorum
1305 1224 1338 1251 et
1371 1219 1548 1257 arborum,
1585 1216 1702 1259 quibus
1735 1216 1847 1258 utique
1879 1217 2007 1249 utimur.

69 1268 107 1300 ln
134 1267 328 1300 animalibus
356 1280 435 1301 vero
463 1270 596 1301 abusive
624 1275 655 1301 et
682 1270 867 1302 translative
894 1270 1006 1302 vocari
1023 1265 1045 1285 ⁴³
1074 1269 1227 1302 fructum.

234 1327 292 1361 24.
344 1328 451 1360 Poma
485 1327 573 1361 dicta
610 1329 651 1360 ab
678 1329 810 1371 opimo,
844 1328 877 1360 id
913 1334 959 1360 est
995 1340 1012 1360 a
1042 1329 1160 1371 copiae
1195 1329 1354 1361 ubertate.

70 1384 143 1412 sunt
178 1379 220 1410 ad
257 1378 544 1421 manducandum,
579 1379 626 1412 sic
659 1385 691 1412 et
727 1380 917 1419 immatura,
956 1380 1032 1422 quia
1063 1380 1253 1424 priusquam
1288 1381 1367 1411 iiant
1405 1375 1581 1416 wratissaw,

70 1430 262 1464 ducanduni
277 1426 311 1461 ⁵⁰.

236 1480 295 1514 25.
348 1481 458 1525 Ligna
493 1481 600 1520 dicta,
647 1482 723 1524 quia
758 1478 927 1514 accensa5¹

71 1532 162 1575 quod
190 1533 301 1564 lumen
328 1532 395 1567 det.

72 1634 194 1667 cisione
220 1640 276 1667 aut
298 1633 448 1667 hastulae
475 1635 662 1674 ambustae,
701 1639 757 1667 aut
784 1635 874 1679 ligna
884 1631 907 1651 ⁵⁴

72 1685 124 1718 De
150 1697 219 1729 quo
246 1682 453 1730 Virgilius-2⁸⁵:

303 1736 508 1781 Rapm‘lque
532 1737 567 1769 in
583 1735 714 1782 fomite
728 1735 934 1781 flammam.

963 1487 1196 1514 convertuntur
1230 1483 1261 1513 in
1297 1482 1416 1513 lumen.

1408 1327 1540 1359 Matura
1577 1327 1748 1367 dicuntur,
1784 1322 1895 1368 quiam
1930 1331 2009 1370 apta

1616 1377 1699 1410 dura
1732 1382 1806 1410 sunt
1838 1377 1881 1409 ad
1916 1388 2010 1410 man-

1835 1475 1847 1494 2

1473 1480 1571 1512 Unde
1608 1475 1834 1522 ellychnium⁵
1881 1478 2010 1519 dicitur,

348 1583 489 1615 Hastula
516 1595 534 1615 a
561 1582 711 1615 tollendo
739 1580 969 1627 nuncupata-'²³‚
996 1584 1102 1617 fomes
1129 1590 1177 1617 est
1203 1583 1344 1623 hastula,
1371 1594 1458 1626 quae
1481 1582 1524 1615 ab
1551 1581 1724 1614 arboribus
1752 1581 1931 1621 excutitur,
1958 1593 2010 1613 re-

936 1641 1050 1668 cavata
1079 1641 1267 1680 nuncupata
1302 1647 1320 1666 a
1354 1630 1511 1678 fungis-⁵⁵,
1547 1633 1638 1675 quod
1672 1633 1715 1665 ita
1749 1631 1858 1675 capiat
1888 1631 2010 1676 ignem.

238 1786 296 1820 27.
348 1789 466 1820 Torris
490 1789 617 1833 lignum
646 1787 808 1829 adustum,
840 1800 939 1831 quem
969 1789 1085 1832 vulgus
1113 1788 1260 1821 titionem
1294 1787 1444 1831 appellat
1477 1780 1693 1818 eztractumffl
1729 1784 1808 1817 foco
1823 1780 1858 1824 ⁵⁹,
1894 1785 2013 1817 semiu-

74 1844 158 1871 stum
171 1834 194 1854 '³¹³
221 1844 253 1871 et
275 1839 462 1872 extinctum.

77 1956 134 1983 Gu.
163 1959 187 1986 1.
213 1972 252 1977 —
274 1957 360 1984 mult.
387 1959 447 1984 vim
478 1957 558 1993 vulg.
582 1972 622 1978 —
649 1960 698 1994 35)
722 1959 770 1985 Sic
797 1958 853 1988 Gu.
880 1959 908 1988 1.
929 1959 958 1987 2.
983 1972 1023 1978 —

76 2009 139 2025 mm
161 2004 245 2035 regat
269 1999 349 2036 vulg.
373 2015 414 2020 —
435 1998 481 2036 35)
505 1997 584 2026 unde
607 2005 632 2026 et
655 2009 700 2029 va.
727 2018 760 2021 —
787 1998 835 2039 37)
853 2000 901 2028 Sic
925 1999 981 2028 Gu.
997 2003 1022 2031 1.

78 2056 115 2063 ›-
136 2040 308 2079 placandos
332 2042 410 2079 vulg.
426 2057 468 2063 —
490 2042 536 2079 38)
557 2042 650 2070 Hanc
673 2043 729 2072 Gu.
752 2046 779 2074 2.
801 2059 843 2064 —-
865 2042 911 2080 39)
935 2052 1021 2069 ac—

77 2090 103 2110 et
126 2094 182 2122 pro
206 2089 323 2111 el—ac
346 2084 403 2112 Gu.
423 2087 449 2114 1.
467 2086 495 2115 2.
515 2093 560 2122 pr.
579 2093 624 2112 Va.
646 2100 687 2105 --
709 2084 757 2125 40)
783 2095 848 2123 cap.
872 2084 906 2121 V,
929 2086 957 2115 8.
984 2102 1021 2106 --

77 2126 126 2162 41)
151 2125 257 2154 dicunt
279 2125 346 2155 add.
370 2126 451 2163 vulg.
473 2142 505 2146 —
539 2125 604 2155 Om.
635 2126 691 2154 Gu.
719 2131 745 2156 1.
770 2131 797 2160 2.
819 2137 867 2157 va.
902 2127 1023 2155 Inclusit

77 2169 166 2198 AreV.
189 2185 229 2190 —
248 2170 293 2205 4⁶2)
312 2168 393 2196 unde
414 2178 470 2207 pro
494 2167 563 2195 inde
586 2168 640 2196 Gn.
658 2172 686 2200 1.
709 2171 737 2199 2.
752 2185 793 2191 -
816 2169 885 2198 inde
907 2175 949 2197 est
968 2169 1024 2197 lzoc

78 2221 155 2238 nom.
179 2211 222 2238 ad
243 2222 297 2238 nos
324 2211 383 2241 der.
407 2221 454 2239 va.
476 2225 517 2231 —-
536 2209 581 2247 43)
604 2210 764 2238 solt-untur
785 2213 839 2241 Gu.
860 2215 888 2244 1.
911 2228 953 2234 —
975 2210 1022 2252 44)

79 2259 120 2281 est
140 2256 248 2291 gratia
270 2263 314 2282 va.
340 2269 380 2275 —
415 2253 464 2290 45)
482 2251 654 2290 generando
678 2275 684 2281 .
709 2276 715 2281 .
735 2256 887 2291 generatio
916 2256 971 2282 Gu.
996 2258 1022 2284 1.

80 2299 108 2328 2.
131 2312 172 2318 --
210 2296 258 2333 46)
282 2295 361 2324 unde
391 2305 446 2334 pro
477 2293 546 2322 inde
570 2294 628 2324 Gu.
652 2298 677 2325 1.
692 2297 720 2326 2.
750 2306 796 2324 va.
825 2313 865 2318 --
903 2296 949 2336 47)
976 2297 1023 2324 Sic

83 2338 137 2366 Gn.
164 2342 190 2370 1.
213 2341 242 2370 2.
268 2339 303 2367 al.
328 2349 373 2368 va.
392 2354 434 2360 —
455 2347 599 2366 vocamus
621 2337 700 2374 vulg.
724 2356 760 2360 -—
792 2337 839 2377 48)
863 2339 946 2377 quod
967 2339 1020 2367 Gu.

1066 1960 1095 1988 2.
1115 1973 1155 1979 —
1186 1959 1234 1995 49)
1257 1957 1305 1985 Sic
1323 1956 1377 1985 Gu.
1399 1957 1424 1984 l.
1444 1971 1480 1974 —
1503 1953 1581 1989 vulg.
1597 1959 1667 1981 mat.
1683 1955 1776 1991 fiant.
1794 1968 1832 1974 —-
1857 1955 1902 1989 50)
1924 1962 2013 1979 man-

1067 1998 1199 2027 dendum
1220 1999 1270 2029 Ar.
1287 2009 1336 2028 va.
1363 2013 1399 2018 —
1427 1993 1475 2035 51)
1496 1996 1545 2024 Sic
1562 1997 1617 2025 Gu.
1632 1999 1657 2027 1.
1675 2014 1712 2019 --
1735 1997 1859 2024 incensa
1874 1994 1956 2031 vulg.
1972 2010 2013 2016 —-

1066 2040 1112 2080 5⁹2)
1131 2043 1178 2069 Sic
1196 2041 1295 2069 Ar.—
1310 2040 1395 2077 Vulg.
1413 2037 1491 2066 unde
1508 2044 1533 2066 et
1549 2039 1699 2069 licinium,
1717 2054 1759 2060 —
1775 2038 1831 2066 Gu.
1847 2040 1872 2068 1.
1892 2036 1971 2064 unde
1986 2042 2011 2063 et

1067 2084 1209 2112 ltcln'nus.
1226 2101 1262 2105 —
1282 2084 1338 2111 Gu,
1356 2085 1384 2113 2,
1402 2080 1481 2109 unde
1503 2087 1529 2109 ct
1552 2081 1712 2110 lacinium.
1735 2097 1776 2103 —
1798 2083 1843 2117 53)
1858 2081 1947 2118 quasi
1962 2079 2011 2107 ab-

1065 2127 1149 2154 stula
1168 2125 1235 2154 add.
1254 2126 1334 2163 vulg.
1352 2141 1393 2145 —
1410 2124 1475 2152 Om.
1490 2124 1547 2153 Gu.
1569 2127 1594 2155 1.
1617 2127 1645 2156 2.
1661 2135 1705 2163 pr.
1728 2140 1768 2145 —
1781 2122 1830 2159 54)
1846 2123 1894 2150 Sic
1914 2122 1967 2150 Gu.
1986 2124 2009 2151 1.

1066 2173 1093 2203 (e
1110 2169 1181 2205 raa.)
1197 2171 1226 2199 2.
1244 2169 1292 2197 Ar,
1309 2184 1344 2189 -
1362 2168 1444 2206 ligno
1460 2167 1541 2204 vulg.
1560 2183 1593 2188 —
1619 2166 1662 2206 55)
1680 2167 1728 2194 Sic
1743 2176 1759 2194 e
1779 2165 1835 2193 Gu.
1850 2168 1875 2195 1.
1894 2163 2006 2200 scripsi,

1066 2212 1116 2240 ubi
1130 2216 1173 2240 est
1188 2216 1368 2249 nuncupata
1383 2221 1403 2237 α
1413 2210 1531 2247 fungis
1546 2211 1664 2237 nomine
1676 2214 1804 2247 accepto.
1816 2222 1856 2228 -
1877 2204 1922 2241 56)
1938 2204 2006 2250 ᾼεῑι.

1065 2254 1086 2289 I,
1113 2256 1181 2284 180.
1204 2270 1245 2276 —
1269 2253 1315 2291 57)
1339 2254 1501 2280 extinctum
1517 2252 1572 2281 Gu.
1596 2256 1624 2283 1.
1649 2268 1690 2274 —-
1713 2254 1760 2286 58)
1778 2249 1862 2284 Vulg.
1882 2248 2004 2292 arsace,

1065 2296 1117 2325 sed
1140 2307 1173 2323 ex
1196 2306 1252 2325 om.
1276 2297 1331 2325 Gu.
1347 2300 1372 2327 1.
1399 2298 1426 2326 2.
1449 2295 1484 2324 al.
1508 2304 1555 2333 pr*
1578 2305 1624 2324 va.
1646 2311 1685 2316 -
1717 2293 1760 2330 59)
1784 2290 1873 2327 qua-51⁴
1894 2297 2005 2314 semm-

1064 2344 1146 2366 stum
1169 2349 1213 2366 va.

1463 2389 1563 2421 Xxx
1593 2390 1610 2410 *
