2255 2819
238 123 312 156 370
931 119 1109 154 ISIDORI
1134 119 1315 154 HISPAL.
1342 120 1487 155 EPISC.

403 214 461 248 11.
515 214 590 247 Alia
617 210 849 246 commixtione
876 212 1017 256 generis,
1044 217 1081 246 ut
1108 209 1322 260 ἀνδρόγυνοι
1350 211 1400 246 et¹
1429 214 1697 261 ἑρμαφροὸίται
1725 219 1894 248 vocantur.
1948 215 2186 261 Hermaphro—

238 268 327 301 ditae
354 273 463 299 autem
491 263 680 306 nuncupati,
709 274 749 295 eo
778 263 869 306 quod
899 264 943 296 eis
965 269 1105 307 uterque
1132 275 1226 299 sexus
1253 270 1425 310 appareat.
1479 264 1620 312 ''Epwyg
1647 266 1774 311 quippe
1802 266 1893 311 apud
1920 266 2069 301 Graecos
2095 268 2185 301 Mer-

236 316 369 353 cvrius²
396 323 461 351 est:
506 313 707 360 ’Λφροδίτη
743 314 855 348 Venus
889 312 1128 360 nuncupatur³.
1184 316 1229 349 Hi
1257 313 1451 350 dexteram⁴
1479 318 1662 350 mamillam
1691 319 1837 358 virilem,
1872 319 2032 352 sinistram
2068 321 2186 353 mulie-

236 367 356 404 brem-‘¹
382 369 541 401 habentes
565 366 706 399 vicissim
734 367 889 399 coeundo
917 373 949 400 et
976 369 1118 412 gignunt
1145 372 1178 400 et
1204 369 1345 412 pariunt.

401 418 457 451 12.
512 418 606 450 Sicut
641 422 750 450 autem
788 419 821 451 in
855 420 991 463 singuiis
1030 420 1186 464 gentibus
1227 420 1391 463 quaedam
1426 423 1571 451 monstra
1604 424 1677 453 sunt
1718 419 1910 462 hominum,
1952 422 1997 453 ita
2037 421 2070 453 in
2112 422 2186 454 uni-

235 483 329 506 verso
355 481 480 516 genere
516 469 663 502 humano
697 470 863 513 quaedam
898 476 1042 503 monstra
1077 477 1151 504 sunt
1186 472 1354 516 gentium,
1391 475 1426 503 ut
1457 471 1627 515 gigantes,
1665 472 1907 517 cynocephali,
1941 473 2119 518 cyclopes,
2153 478 2186 506 et

235 528 364 558 caetera
378 520 400 556 ⁶.

400 572 459 605 13.
515 572 679 616 Gigantes
705 569 836 606 dictos⁷
866 574 954 605 iuxta
982 573 1105 607 Graeci
1133 571 1312 606 sermonis¹3
1340 573 1601 617 etymologiam,
1638 575 1695 616 qui
1730 586 1787 608 eos
1813 579 1965 622 γηγενεῖς
1993 575 2186 616 existimant,

234 626 268 658 id
296 630 345 658 est
371 625 572 668 terrigenas,
608 636 648 656 eo
685 625 775 667 quod
812 622 891 657 eos⁹
918 625 1070 658 fabulose
1107 637 1226 670 parens
1243 623 1265 642 ¹⁰
1292 631 1379 658 terra
1406 626 1565 657 immensa
1599 627 1689 658 mole
1719 632 1751 659 et
1785 627 1908 660 similes
1935 627 1995 660 sibi
2022 627 2185 672 genuerit.

234 678 290 720 Γῆ
317 678 403 710 enim
426 682 514 708 terra
541 675 748 720 appellatur:
791 677 889 722 γένος
916 688 1039 721 genus,
1067 678 1144 710 licet
1171 673 1261 710 eos¹¹
1291 682 1322 710 et
1349 682 1455 710 terrae
1482 677 1566 708 filios
1594 678 1713 721 vulgus
1740 685 1838 712 vocet
1850 676 1888 712 ¹²:
1915 691 2058 722 quorum
2080 690 2186 724 genus

235 730 395 762 incertum
425 733 481 760 est.

402 779 459 811 14.
514 778 615 810 Falso
629 774 652 794 ¹³
680 782 790 810 autem
817 778 994 821 opinantur
1021 779 1156 822 quidam
1184 779 1328 823 imperiti
1356 779 1399 812 de
1423 780 1541 813 sanctis
1568 777 1789 823 scripturis¹⁴‚
1816 781 2098 824 praevaricatores
2126 793 2182 813 an-

234 831 330 875 gelos
358 841 433 863 cum
462 830 593 862 filiabus
621 829 794 861 hominurn
823 835 898 862 ante
927 830 1088 863 diluvium
1117 831 1350 872 concubuisse,
1380 838 1412 863 et
1440 831 1558 864 exinde
1586 837 1677 864 natos
1704 833 1877 876 gigantes,
1913 832 1946 864 id
1975 838 2023 865 est
2050 833 2186 865 nimium

234 882 380 927 grandes
406 887 438 914 et
464 882 566 914 sortes
595 881 696 921 viros,
726 881 768 913 ‹le
795 882 915 923 quibus
940 887 1027 914 terra
1052 883 1223 927 completa
1247 888 1306 915 est.

401 931 460 966 15.
515 932 750 976 Cynocephali
784 933 1014 976 appellantur,
1056 945 1095 967 eo
1134 934 1226 976 quod
1263 933 1377 967 canina
1414 933 1523 977 capita
1551 932 1714 976 habeant,
1743 945 1892 978 quosque
1926 934 1988 979 ipsi
2002 931 2026 951 ¹⁵
2052 935 2187 968 latratus

234 985 343 1029 magis
370 984 509 1026 bestias,
537 995 637 1027 quam
664 984 819 1016 homines
847 985 1055 1019 confitentur.
1108 986 1154 1018 Hi
1180 986 1212 1017 in
1239 985 1333 1018 India
1359 990 1546 1018 nascuntur.

402 1044 460 1076 16.
515 1044 685 1087 Cyclopes
712 1055 847 1086 quoque
876 1045 995 1077 eadem
1024 1045 1118 1078 ludia
1146 1046 1274 1090 gignit,
1303 1051 1333 1077 et
1361 1045 1468 1079 dictos
1482 1042 1505 1061 ¹⁸⁵
1533 1045 1708 1088 cyclopes,
1744 1057 1784 1078 eo
1811 1045 1905 1088 quod
1933 1057 2034 1079 unum
2060 1045 2187 1079 habere

235 1095 371 1128 oculum
400 1097 432 1128 in
461 1096 570 1128 fronte
597 1095 709 1128 media
732 1093 994 1139 perllibentul·'⁷.
1031 1097 1078 1129 Hi
1105 1102 1136 1129 et
1164 1096 1424 1143 α’γριοᾳαγίται
1454 1096 1617 1135 dicuntur,
1644 1103 1785 1141 propter
1810 1097 1903 1140 quod
1930 1098 2015 1130 solas
2042 1098 2187 1131 serarum

234 1157 350 1180 carnes
376 1147 479 1179 edunt
491 1143 524 1179 ¹⁸.

399 1198 457 1230 17.
512 1192 741 1240 Blemmyas‘f'
768 1196 799 1229 in
827 1197 938 1240 Libya
964 1197 1106 1230 credunt
1136 1202 1271 1231 truncos
1300 1198 1368 1230 sine
1395 1197 1503 1241 capite
1530 1198 1635 1239 nasci,
1671 1202 1703 1230 et
1734 1210 1769 1231 os
1797 1204 1829 1232 et
1856 1199 1972 1233 oculos
1998 1198 2128 1232 habere
2154 1199 2187 1231 in

234 1254 380 1293 pectore.
435 1249 532 1282 Alios
560 1249 628 1280 sine
656 1248 838 1281 cervicibus
864 1249 976 1293 gigni,
1005 1250 1123 1282 oculos
1151 1249 1310 1281 habentes
1338 1249 1369 1280 in
1397 1248 1555 1281 humeris.

402 1308 458 1342 18.
514 1309 550 1340 ln
579 1308 696 1340 ultimo
721 1314 832 1340 autem
861 1309 995 1341 orientis
1024 1314 1253 1341 monstruosae
1280 1308 1430 1353 gentIuni
1459 1309 1560 1341 facies
1588 1305 1816 1342 scribuntur²⁰.
1870 1308 1967 1341 Aliae
1979 1306 2002 1325 ²¹
2031 1310 2100 1342 sine
2127 1321 2187 1341 na-

234 1361 341 1401 ribus,
379 1360 511 1404 aequali
539 1361 639 1392 totius
662 1360 727 1392 oris
755 1360 909 1403 planitie⁷
954 1360 1113 1393 informes
1147 1360 1309 1393 habentes
1341 1360 1459 1394 vultus.
1513 1360 1609 1393 Aliae
1637 1360 1729 1392 labro
1758 1357 1965 1392 subteriori-'²
1992 1360 2079 1392 adeo
2105 1371 2187 1404 pro-

235 1412 380 1453 minenti,
408 1418 443 1445 ut
470 1413 502 1444 iu
529 1412 604 1444 solis
632 1411 805 1443 ardoribus
829 1417 934 1444 totam
963 1423 1002 1443 ex
1031 1424 1070 1444 eo
1099 1412 1219 1445 sacient
1249 1417 1430 1456 contegant
1458 1411 1670 1444 dormientes.
1727 1411 1810 1443 Aliis
1837 1417 1993 1444 concreta
2021 1423 2079 1444 ora
2107 1424 2187 1451 esse,

235 1463 372 1496 modico
399 1468 524 1495 tantum
554 1463 716 1494 foramine
743 1463 877 1496 calamis
913 1474 1090 1496 avenarum
1119 1470 1231 1507 pastus
1243 1460 1267 1480 ’Β
1294 1463 1492 1497 haurientes
1544 1462 1705 1495 Nonnulli
1729 1462 1798 1496 sine
1827 1463 1947 1508 linguis
1975 1475 2045 1497 esse
2069 1463 2187 1496 dicun-

237 1520 304 1555 tur,
332 1515 471 1547 invicem
494 1510 687 1546 sermonis²⁴
715 1519 842 1546 utentes
864 1518 962 1555 nutu,
989 1515 1055 1547 sive
1083 1521 1184 1549 motu.

402 1566 459 1598 19.
515 1565 671 1597 Panotios
701 1565 792 1609 apud
827 1565 1000 1608 Scythiam
1033 1577 1103 1598 esse
1136 1567 1246 1598 serunt
1279 1570 1345 1597 tam
1374 1563 1495 1597 diffusa
1528 1564 1758 1608 magnitudine
1791 1561 1974 1605 auriumf',
2016 1571 2052 1598 ut
2088 1577 2187 1598 omne

237 1627 360 1661 corpus
387 1628 427 1650 ex
454 1617 499 1649 eis
526 1621 715 1660 contegant.
770 1618 852 1650 [Ιᾶιι
880 1617 965 1649 eninr
994 1617 1128 1651 Graeco
1156 1628 1307 1651 sermone
1331 1628 1441 1656 omne,
1470 1613 1544 1650 ὦτα
1573 1627 1667 1648 aures
1694 1615 1856 1649 (licuntur.

402 1668 461 1702 20.
515 1668 729 1711 Artabatytae
762 1668 794 1699 in
822 1668 1004 1713 Aethiopia
1038 1670 1151 1714 proni,
1187 1674 1222 1702 ut
1250 1679 1375 1713 pecora
1403 1667 1574 1700 ambulare
1605 1667 1775 1699 dicuntur:
1809 1667 2101 1712 quadragesimum
2136 1667 2186 1700 vi-

239 1723 290 1751 tae
301 1715 326 1736 ²⁶
352 1731 473 1752 annum
499 1720 607 1752 nullus
632 1719 893 1763 supergreditur.

403 1771 460 1803 21.
514 1771 624 1814 Satyri
652 1768 838 1804 homines²³
865 1775 938 1805 sunt
965 1771 1102 1806 aduncis
1130 1771 1278 1811 naribus,
1312 1771 1344 1803 in
1372 1770 1536 1802 frontibus
1563 1779 1687 1802 cornua
1714 1765 1926 1810 habentes²⁹‚
1950 1774 1982 1802 et
2009 1780 2185 1814 caprarum

326 1878 350 1917 1)
374 1882 427 1918 qui
451 1878 608 1919 ἒρμαφρ.
633 1881 685 1909 Ar.
711 1896 753 1902 —·
776 1883 802 1914 2)
825 1881 983 1908 masculus
998 1904 1004 1911 ,
1022 1902 1027 1908 .
1045 1901 1052 1909 .
1069 1881 1193 1918 firmina
1236 1896 1273 1901 -
1287 1877 1446 1906 comedunt
1463 1877 1592 1915 vulg.-—
1611 1878 1657 1915 19)
1684 1878 1731 1906 Sic
1749 1877 1838 1907 Arev.
1859 1887 1874 1906 e
1898 1877 1972 1906 Plin.
1992 1877 2026 1906 H.
2051 1877 2086 1908 N.
2105 1878 2140 1915 V,
2156 1879 2185 1910 8.

241 1920 273 1950 Z.
299 1921 356 1951 Gu.
374 1927 400 1952 1.
417 1924 444 1952 2,
475 1923 510 1950 al.
541 1933 585 1961 pr.
618 1940 658 1943 —
696 1920 726 1962 3)
759 1929 980 1962 nuncupantur
1012 1923 1067 1952 Gu.
1096 1926 1121 1953 1.
1154 1939 1191 1944 --
1236 1921 1398 1956 Solin.111‚
1422 1922 1450 1952 4.
1483 1938 1520 1943 ——
1545 1921 1690 1948 Lemnias
1713 1920 1794 1958 vulg.
1819 1938 1857 1942 -
1880 1921 2004 1948 Lennas
2027 1921 2121 1952 Gu.1.
2143 1935 2184 1942 -.

241 1964 269 1998 4)
298 1964 347 1991 Sic
378 1964 433 1991 Gu-
456 1967 479 1994 1.
505 1967 533 1994 2.
564 1982 601 1987 —
634 1964 768 1993 ‹lam-am
791 1966 871 2003 vulg.
906 1982 947 1987 -
978 1963 1006 2002 5)
1029 1966 1194 1993 ηιιιΙιένιιηι.
1236 1966 1281 2001 ΞΟ)
1304 1964 1481 1991 tribuantur
1504 1962 1533 1990 Ζ.
1557 1978 1594 1984 -
1621 1961 1667 2000 21)
1690 1964 1759 1991 Alii
1781 1962 1810 1992 h.
1835 1963 1855 1991 l.
1873 1967 1901 1991 et
1923 1973 1994 1991 mox
2018 1964 2048 1992 Z.
2070 1979 2113 1985 —
2128 1962 2184 1998 ⁴22)

243 2005 299 2034 Gu.
314 2009 342 2037 2.
365 2023 404 2028 —
425 2005 452 2044 6)
478 2008 564 2033 ceteri
588 2016 635 2037 va,
664 2024 700 2028 —
733 2006 763 2047 7)
787 2009 834 2036 Sic
858 2009 888 2036 Z.
913 2009 969 2035 Gu.
988 2011 1012 2038 1.
1028 2010 1061 2039 2.
1082 2009 1117 2036 al.
1148 2024 1190 2029 —-
1236 2008 1403 2035 subteriore
1425 2006 1461 2034 al.
1486 2015 1532 2043 pr.
1555 2021 1596 2025 —
1619 2008 1772 2044 superiore
1793 2016 1842 2034 va.
1872 2022 1909 2026 ——
1938 2007 1984 2040 23)
2010 2007 2058 2033 Sic
2080 2006 2110 2033 Z.
2135 2004 2184 2034 Ar.

243 2047 319 2076 dicti
341 2048 421 2086 vulg.
450 2064 491 2069 —
519 2050 548 2084 S)
572 2060 655 2077 serm.
681 2051 733 2079 Gr.
760 2051 790 2078 Z.
813 2067 852 2072 —
878 2049 908 2090 9)
926 2062 973 2078 cos
996 2049 1100 2079 addidi
1124 2061 1138 2079 e
1159 2052 1189 2079 Z.
1232 2066 1273 2072 —-
1295 2060 1378 2077 aven.
1402 2053 1510 2086 potum
1533 2047 1562 2074 Z.
1588 2047 1643 2075 Gu.
1667 2052 1692 2079 1.
1724 2059 1772 2087 pr.
1797 2058 1844 2077 va.
1866 2063 1907 2069 —
1929 2047 2016 2085 Vulg.
2040 2057 2185 2075 venarum

243 2091 300 2119 Gu.
326 2094 351 2121 1.
371 2094 399 2122 2.
429 2100 475 2129 pr.
504 2100 549 2118 va.
578 2092 626 2119 Ar.
658 2108 698 2113 —
730 2094 776 2129 10)
796 2104 909 2131 lam-ms
940 2103 996 2121 om,
1020 2094 1050 2121 Ζ,
1073 2109 1115 2116 .-
1132 2105 1191 2131 pa-
1231 2098 1348 2131 patum.
1379 2107 1419 2112 -—
1448 2091 1492 2127 2²4)
1516 2090 1563 2117 Sic
1588 2089 1643 2121 Gu.
1665 2094 1688 2121 1.
1715 2092 1760 2119 Ar.
1785 2106 1824 2112 ——
1854 2100 1986 2117 sermone
2009 2090 2065 2119 Gu.
2084 2092 2112 2120 2.
2139 2098 2184 2127 pr.

243 2135 323 2162 riens
346 2133 383 2161 al.
410 2143 456 2161 va.
482 2149 521 2154 —
547 2132 589 2170 11)
614 2144 661 2160 eos
684 2134 785 2163 addidi
810 2146 823 2163 e
847 2138 941 2165 Gu.1.
963 2151 1004 2156 —
1036 2139 1081 2173 12)
1106 2142 1191 2163 vocat
1235 2150 1275 2156 —
1294 2145 1350 2173 pro
1372 2143 1503 2160 Sermone·
1523 2132 1603 2170 vulg.
1630 2149 1666 2154 —
1691 2143 1852 2161 sermonem
1873 2133 1904 2161 Z.
1927 2148 1967 2153 —
1988 2132 2036 2168 23)
2058 2133 2106 2161 Sic
2129 2132 2183 2172 ‘Gn-

245 2177 276 2205 Z.
300 2175 357 2204 Gu.
376 2178 403 2206 1.
427 2175 464 2203 al.
494 2191 535 2196 —
568 2175 612 2212 13)
636 2176 684 2203 Sic
707 2177 737 2204 Z.
763 2178 819 2206 Gu.
840 2181 863 2208 1.
881 2181 910 2209 2.
934 2188 978 2216 pr.
1001 2188 1047 2206 va.
1074 2178 1121 2206 Ar.
1154 2195 1189 2200 —
1239 2180 1265 2207 1.
1280 2180 1310 2208 2.
1336 2195 1373 2198 —
1398 2186 1466 2205 aur.
1489 2186 1591 2212 magn.
1615 2176 1695 2213 vulg.
1717 2192 1759 2198 —
1780 2173 1827 2215 26)
1851 2175 1900 2203 Sic
1929 2175 1984 2203 Gu.
2007 2179 2031 2205 1.
2055 2191 2095 2196 —-
2117 2176 2184 2202 aevi

242 2219 331 2255 falsa
351 2219 431 2255 vulg.
463 2233 502 2239 —
538 2221 581 2251 14)
606 2218 653 2245 Sic
678 2218 732 2247 Gu.
757 2223 780 2249 l.
819 2236 860 2241 —
894 2219 930 2248 de
951 2221 1054 2257 script.
1079 2223 1195 2248 sanctis
1238 2218 1317 2256 vulg.
1341 2234 1382 2239 -—-
1406 2218 1444 2247 al.
1467 2220 1552 2247 enim.
1582 2233 1623 2239 —
1652 2218 1700 2256 527)
1742 2218 1790 2246 Sic
1814 2217 1916 2247 Gu.1,
1942 2233 1983 2238 —
2003 2217 2183 2244 homancio-

247 2261 329 2298 vulg.
350 2276 392 2282 -
422 2259 466 2297 15)
491 2259 540 2287 Sic
565 2260 621 2288 Cu.
642 2263 668 2291 1.
693 2278 730 2282 —
756 2263 818 2299 ipse
840 2285 846 2291 .
873 2284 878 2290 .
901 2284 907 2290 .
932 2263 1089 2300 confitetur
1112 2264 1193 2299 vulg.
1236 2272 1288 2288 nes
1310 2261 1387 2297 vulg.
1418 2276 1459 2281 —
1488 2261 1536 2295 2:2³)
1564 2260 1611 2288 Sic
1637 2260 1694 2288 Gu.
1714 2263 1739 2292 1.
1768 2276 1809 2282 -—
1842 2269 1956 2287 cornua
1978 2260 2009 2286 in
2025 2258 2183 2295 frontibus

247 2319 288 2325 —
311 2303 381 2330 latr.
405 2303 466 2340 ipse
490 2303 545 2330 Gu.
565 2304 593 2333 2.
625 2318 663 2323 —
700 2304 762 2340 ipse
785 2304 820 2331 al.
851 2314 907 2331 om.
939 2321 979 2325 —
1015 2306 1058 2341 16)
1091 2306 1138 2334 Sic
1161 2306 1193 2334 Ζ,
1236 2303 1345 2331 habent
1369 2303 1449 2340 vulg.
1471 2319 1513 2325 —
1536 2302 1645 2330 hahent
1668 2313 1726 2333 on).
1750 2305 1783 2332 Z.
1806 2302 1927 2331 inclusit
1949 2301 2035 2329 Arev.
2064 2317 2106 2322 —
2132 2301 2182 2336 29)

251 2346 356 2375 Gu.1.
381 2344 418 2375 al,
447 2361 488 2367 —
514 2344 588 2371 dicti
618 2344 699 2381 vulg.
733 2360 769 2366 —
802 2345 845 2382 17)
869 2347 916 2374 Sic
940 2347 969 2374 Z.
995 2346 1051 2375 Gn.
1071 2351 1095 2379 1.
1127 2348 1191 2387 (qui
1235 2351 1362 2374 sanctus
1389 2347 1463 2373 Ant.
1495 2345 1525 2373 Z.
1557 2355 1602 2375 va.
1637 2363 1674 2367 —
1712 2345 1760 2379 30)
1782 2344 1883 2372 dicens
1910 2353 1966 2371 om.
1995 2353 2041 2371 va.
2084 2343 2181 2371 Locus

250 2388 358 2427 repetit
378 2386 486 2415 luthere
504 2392 572 2426 post
593 2386 709 2424 media)
730 2389 758 2418 2.
773 2404 808 2408 —
835 2388 881 2424 18)
905 2389 952 2417 Sic
975 2390 1005 2418 Z.
1025 2390 1079 2419 Gu.
1100 2394 1124 2420 1.
1140 2391 1190 2419 Ar.
1236 2394 1279 2418 est
1303 2399 1339 2417 ex
1362 2387 1482 2418 Hieron.
1506 2388 1536 2415 in
1559 2387 1609 2415 vit.
1638 2387 1718 2416 Pauli
1740 2387 1896 2417 Eremitae.
1920 2400 1961 2406 —
1985 2383 2032 2425 31)
2056 2385 2178 2414 incubos
