2255 2819
219 136 292 171 480

911 124 1092 159 ISIDORI
1125 123 1305 157 HISPAL.
1339 123 1482 160 EPISC.

383 225 418 260 S,
469 219 620 256 Testudo
657 222 705 250 est
740 228 871 250 camera
902 218 1020 262 templi
1055 217 1209 261 obliqua,
1245 229 1321 250 narn
1355 218 1387 250 in
1422 218 1560 252 modum
1595 218 1767 252 testudinis
1801 224 1927 253 veteres
1954 220 2158 265 templorum

220 286 308 316 tecta
335 277 510 313 faciebant,
532 282 617 314 quae
640 269 716 301 ideo
744 269 789 302 sic
816 269 940 301 fiebant
956 268 976 310 ¹,
1016 274 1050 302 ut
1077 270 1164 302 coeli
1199 270 1377 314 imaginem
1412 270 1568 303 redderet
1582 268 1604 311 ²,
1636 271 1727 314 quod
1764 277 1891 304 constat
1931 283 2001 304 esse
2034 283 2159 306 conve-

222 344 309 367 xum.

365 328 430 362 Alii
453 322 650 357 testudinem
678 320 791 352 volunt
820 333 888 353 esse
915 321 1024 353 locum
1053 321 1084 352 in
1112 318 1231 364 parte³
1258 321 1331 352 atrii
1359 321 1532 354 adversum
1555 323 1766 355 venientibus.

385 379 417 411 9.
472 376 577 408 Arcus
607 372 697 411 dicti,
725 372 817 414 quod
844 373 904 404 sint
932 378 1002 404 arta
1030 372 1242 404 conclusione
1271 372 1404 411 curvati,
1432 373 1492 416 ipsi
1520 380 1551 406 et
1574 374 1725 406 fornices

386 428 443 463 10,
497 425 689 459 Pavimenta
716 425 879 468 originem
908 424 998 468 apud
1028 424 1177 456 Graecos
1205 423 1329 456 habent
1356 424 1523 456 elaborata
1550 431 1618 457 arte
1646 426 1805 469 picturae,
1828 422 2062 457 Lithostrnta⁴
2081 437 2160 470 par·

221 484 304 516 vulis
328 480 441 515 crustis
468 490 506 512 ac
533 476 669 509 tessellis
695 475 802 508 tinctis
818 472 830 491 5
866 476 898 507 in
925 476 1030 507 varios
1059 475 1187 507 colores
1200 472 1220 508 ὓ.

221 541 272 567 tur
291 531 313 575 ⁴¹,
340 533 409 565 hoc
437 526 512 563 est²⁵
538 527 728 561 caedantur.

385 582 444 617 ll.
499 580 655 613 Ostracus
683 584 730 610 est
757 578 980 622 pavimentum
1003 583 1181 611 testaceum
1192 575 1215 620 ⁹,
1253 589 1293 610 eo

221 642 282 669 tur.
335 635 473 668 Testam
506 631 591 664 enim
614 630 736 662 Graeci
766 629 924 674 ὄστρακα
958 630 1080 663 dicunt.

1274 475 1403 507 Vocata
1431 482 1538 508 autem
1574 478 1782 521 pavimenta,
1819 487 1859 508 eo
1893 476 1985 518 quod
2019 477 2159 520 pavian-

783 526 884 559 Unde
912 533 944 559 et
970 537 1085 571 pavor,
1114 527 1190 569 quia
1218 526 1325 559 caedit
1349 537 1418 559 cor.

1306 575 1328 594 ¹⁰
1354 577 1445 621 quod
1473 578 1584 610 fractis
1611 579 1699 611 testis
1727 579 1819 612 calce
1847 578 1994 610 admixto
2010 575 2031 594 ¹¹
2060 579 2160 611 feria-

499 681 736 726 Compluvium
765 681 902 719 dictum,
931 682 1007 724 quia
1021 679 1043 698 ¹²
1070 692 1176 723 aquae
1204 676 1359 724 partes¹³‚
1387 691 1473 722 quae
1501 680 1587 713 circa
1615 685 1698 720 sunt,
1726 691 1766 713 eo
1794 680 1999 713 conveniant.

323 737 493 771 Tessellac
514 739 598 774 sunt,
626 745 644 765 c
671 733 788 776 quibus
816 732 983 766 domicilia
1011 738 1212 772 sternuntur,
1237 744 1255 764 a
1282 732 1408 763 tesseris
1434 731 1621 763 nominatae
1634 728 1668 771 Η,
1704 731 1738 763 id
1764 737 1810 764 est
1833 732 2000 774 quadratis
2028 731 2162 776 lapillis,

222 801 282 834 per
310 788 569 822 diminutionem.

223 891 370 924 fabricae
394 891 549 922 sustinent
575 888 716 932 pondus.

224 994 360 1037 erigitur
376 991 408 1025 Π.

223 1044 339 1077 darum
356 1041 380 1060 ²⁰
406 1049 563 1087 quatuor:
599 1042 751 1080 Doricae,
783 1041 923 1079 lonicae,
951 1041 1157 1073 Tuscanicae

223 1095 306 1127 dinis
333 1096 416 1127 inter
442 1106 477 1126 se
497 1094 661 1126 distantes.

223 1147 374 1191 amplius,
401 1146 534 1190 paribus
562 1145 697 1175 laterum
725 1143 911 1177 intervallis,

388 1197 446 1229 15.

501 1191 704 1239 Capitella²⁴
732 1194 838 1230 dicta,
867 1193 957 1236 quod
986 1194 1047 1224 sint
1070 1193 1300 1226 columnarum
1328 1192 1456 1235 capita,
1491 1192 1574 1225 sicut
1610 1198 1642 1224 et
1657 1190 1681 1209 '²³'
1708 1204 1807 1236 supra
1824 1188 1848 1208 ²¹⁵

499 838 601 870 Bases
624 840 696 868 sunt
723 835 866 867 fulturae
881 832 903 852 ¹⁵
930 835 1182 875 columnarum,
1221 846 1306 877 quae
1334 846 1352 866 a
1379 834 1596 866 fundamento
1625 840 1847 878 consurgunt,
1876 840 1906 866 et
1934 834 2163 878 superpositae

769 887 870 919 Bases
899 893 1006 919 autem
1035 898 1153 918 nornen
1188 892 1234 917 est
1262 891 1375 929 petrae
1393 883 1414 901 ¹⁰
1442 886 1634 918 fortiss-imae
1662 886 1747 928 Syro
1775 897 1934 917 sermone.

504 940 688 973 Columnae
715 949 777 982 pro
807 938 1013 981 longitudine
1041 943 1073 971 et
1100 937 1299 970 rotunditate
1326 942 1483 975 vocatae,
1520 938 1551 968 in
1580 937 1697 979 quibus
1731 939 1828 969 totius
1859 937 2003 968 fabricae
2033 934 2163 980 pondus

463 992 606 1034 Antiqua
635 990 716 1022 ratio
741 995 810 1021 erat
836 990 1064 1021 columnarum
1083 986 1105 1004 Ν
1141 988 1318 1020 altitudinis
1346 989 1439 1020 tertia
1469 1000 1542 1031 pars
1566 988 1774 1020 latitudinum
1794 985 1826 1022 ιε’,
1882 988 2015 1020 Genera
2050 992 2164 1019 rotun-

1176 1037 1198 1056 221

1936 1035 1960 1055 23

1246 1039 1436 1072 Corinthiae
1451 1036 1486 1079 ²²,
1522 1051 1672 1070 mensura
1699 1039 1920 1072 crassitudinis
1995 1044 2027 1070 et
2053 1038 2165 1071 altitu-

716 1092 875 1131 Quintum
903 1103 1006 1135 genus
1035 1097 1082 1124 est
1110 1103 1240 1131 earum,
1274 1102 1359 1133 quae
1386 1096 1545 1124 vocantur
1569 1091 1717 1129 Atticae„
1756 1091 1921 1133 quaternis
1950 1089 2081 1135 angulis
2109 1094 2166 1122 aut

1875 1192 2019 1231 collum,
2054 1198 2164 1234 caput.

326 1249 488 1293 Epist-vlia
514 1252 596 1279 sunt.
624 1258 709 1288 quae
732 1256 830 1288 snper
859 1244 1014 1288 capitella
1038 1245 1264 1276 columnarum
1295 1250 1470 1286 ponuntur,
1499 1249 1530 1274 et
1558 1248 1605 1274 est
1623 1243 1801 1283 Graecum,
1825 1243 1857 1275 id
1884 1249 1932 1275 est
1954 1244 2164 1287 supermissa.

325 1301 491 1345 Tegulae,
519 1297 611 1341 quod
638 1302 753 1341 tegant
780 1296 889 1335 aedes,
918 1305 949 1327 et
976 1296 1148 1333 imbrices,
1177 1295 1269 1337 quod
1298 1295 1461 1338 accipiant
1488 1294 1621 1328 imbres.

393 1351 450 1384 16.
502 1351 637 1383 Lateres
665 1354 696 1381 et
724 1348 899 1387 Laterenii,
927 1347 1019 1389 quod
1049 1347 1105 1378 lati
1135 1347 1318 1378 formantur

327 1403 458 1436 Canalis
493 1402 535 1434 ab
567 1412 630 1439 eo,
671 1399 763 1442 quod
798 1411 879 1432 cava
910 1400 950 1430 sit
985 1399 1016 1430 in
1052 1398 1190 1430 modum
1228 1409 1361 1431 cannae.

226 1465 326 1497 quam
352 1454 532 1487 masculino
560 1452 769 1496 proferimus.

395 1505 451 1537 17.
505 1504 651 1536 Fistulae
676 1512 834 1545 aquarum
868 1505 940 1532 sunt
968 1501 1094 1540 dictae,
1133 1500 1223 1543 quod
1253 1511 1352 1542 aquas
1382 1499 1537 1537 fundant,
1575 1504 1606 1530 et
1646 1496 1837 1530 emittant‘ffl.

227 1555 359 1590 Graece
384 1557 512 1588 mittere
541 1560 596 1587 est.

683 1638 710 1671 C
738 1640 768 1671 A
797 1639 834 1673 P.
889 1638 947 1672 lx.

1334 1343 1357 1362 ²⁷
1387 1346 1594 1379 circumactis·
1617 1345 1763 1387 undique
1790 1350 1931 1387 quatuor
1960 1344 2086 1376 tabulis.

1415 1399 1502 1429 Sane
1530 1397 1678 1429 canalem
1708 1397 1821 1428 melius
1849 1407 1972 1441 genere
1999 1395 2167 1431 feminino,

1890 1498 1977 1530 Nam
2012 1499 2168 1532 στέλλειν

651 1554 796 1585 Formae
824 1563 937 1584 earum
955 1548 978 1568 ²⁹
1006 1563 1068 1596 pro
1098 1551 1324 1596 magnitudine
1352 1562 1458 1593 aquae
1487 1556 1518 1582 et
1547 1550 1737 1593 capacitatis
1765 1550 1868 1582 modo
1895 1550 1984 1581 liunt.

1026 1638 1106 1670 De
1157 1635 1684 1670 munitionibus.

398 1708 428 1741 l.
483 1705 661 1746 Munitum,
689 1706 741 1738 vel
768 1706 1007 1738 munimentum
1036 1706 1173 1745 dictum,
1201 1705 1293 1749 quod
1308 1701 1333 1721 ³⁰
1359 1715 1457 1737 manu
1485 1708 1533 1736 est
1559 1703 1694 1736 factum.

332 1756 496 1792 Cohors³¹
525 1763 653 1799 vocata,
679 1758 731 1790 vel
760 1757 852 1800 quod
880 1755 1040 1791 οοτιτῑεῐ32
1067 1763 1195 1799 cuncta,
1223 1769 1309 1800 quae
1335 1756 1468 1789 interius
1494 1760 1576 1795 sunt,
1603 1754 1637 1787 id
1657 1760 1705 1787 est
1728 1748 1949 1793 concludat³³‚
1976 1751 2028 1785 vel
2043 1751 2134 1795 quod
2145 1747 2168 1767 ³⁸

231 1816 382 1843 coerceat
397 1808 422 1827 ³5
448 1810 582 1844 obiectu
608 1820 666 1842 suo
695 1814 876 1847 extraneos,
905 1814 937 1841 et
963 1810 1055 1841 adire
1082 1809 1274 1854 prohibeat.

320 1894 455 1930 l)fielmt
487 1895 542 1922 Gu.
569 1897 595 1925 1,
619 1910 660 1915 -—
697 1896 724 1930 9)
751 1892 903 1921 redderent
927 1903 972 1920 va.
996 1909 1037 1914 —-
1075 1894 1105 1928 3)
1131 1895 1179 1922 Sic

231 1935 261 1962 Z.
286 1934 342 1963 Gn.
369 1939 394 1966 1.
423 1940 450 1968 2.
473 1947 518 1964 va.
544 1937 588 1964 Ar.
612 1953 653 1957 —
681 1938 710 1963 in
737 1942 857 1974 partem
885 1936 966 1971 vulg.
991 1952 1031 1956 --
1070 1937 1100 1973 4)
1125 1938 1180 1963 ],ι’-

232 1977 383 2004 thos-trata
421 1979 476 2006 Gu.
509 1981 537 2008 2.
584 1980 666 2013 Quae
697 1979 733 2007 de
770 1979 827 2007 hoc
866 1978 1021 2009 dicuntur,
1062 1979 1181 2007 inclusit

234 2020 320 2048 Arev.
337 2036 377 2040 -—
401 2019 431 2058 ἦ)
455 2022 590 2047 intimas
607 2021 634 2048 Z.
652 2037 687 2042 —
711 2020 741 2060 (i)
755 2023 783 2049 [11
800 2023 897 2048 ‹vat-iis
911 2021 1020 2047 colos-,ss
1034 2021 1087 2047 Gu.
1101 2026 1124 2051 1.
1140 2038 1179 2042 -

231 2067 260 2100 7)
275 2067 450 2101 parcuntur
467 2062 496 2090 Z.
514 2063 569 2089 Gu.
588 2066 614 2092 1.
636 2080 674 2083 -
699 2066 725 2095 8)
742 2064 798 2090 7101*
820 2070 861 2091 est
885 2073 941 2101 pro
965 2063 999 2090 id
1020 2069 1061 2090 est
1081 2065 1135 2093 (ἆυ,
1156 2066 1181 2095 1.

232 2110 312 2137 ...tu
329 2105 488 2132 testacinm
512 2105 542 2132 Ζ.
570 2105 624 2131 Gu.
641 2107 654 2134 1
680 2121 720 2125 —-
750 2106 793 2144 10)
820 2117 850 2133 εἰ)
872 2116 929 2133 orn.
955 2106 1009 2132 Gu.
1027 2108 1054 2135 2.
1071 2123 1111 2127 —-
1137 2104 1181 2145 11)

233 2150 282 2176 Sic
297 2147 392 2176 Z.Gu.
414 2147 531 2178 1.al.—
543 2146 624 2181 vulg.
639 2146 785 2174 adtnisla.
800 2164 839 2168 —
865 2149 910 2185 12)
927 2147 1009 2185 quod
1025 2148 1080 2175 Gu.
1096 2152 1124 2179 2.
1142 2164 1183 2169 —

234 2189 280 2230 13)
299 2189 444 2227 partibus
468 2190 524 2216 Gu.
543 2190 566 2217 1.
585 2190 612 2217 Q.
636 2204 677 2209 -—
703 2188 745 2227 14)
769 2190 816 2217 Sic
841 2190 895 2217 Gu.
917 2194 940 2219 1.
965 2205 1004 2209 -
1027 2192 1183 2218 nominata

234 2234 305 2270 vulg
331 2248 370 2253 —
396 2231 440 2268 15)
464 2231 511 2258 Sic
536 2230 591 2258 Gu.
613 2232 638 2259 1.
662 2247 694 2250 —-
712 2232 853 2265 fulturae
876 2237 946 2258 sunt
969 2232 1047 2267 vulg.
1070 2249 1112 2254 --
1138 2233 1183 2270 16)

235 2276 283 2303 Sic
307 2274 362 2302 Gu.
389 2277 414 2303 1,
442 2289 482 2294 --
500 2278 602 2311 petrae
624 2277 666 2298 est
689 2273 768 2309 vulg.
802 2290 835 2294 -
869 2279 910 2301 est
933 2283 989 2301 om.
1015 2275 1043 2301 Z.
1073 2284 1118 2303 va.
1143 2291 1183 2295 —

237 2319 281 2353 17)
300 2318 372 2354 erig.
390 2314 483 2353 pond.
509 2315 538 2344 Z.
565 2330 606 2335 —
636 2312 681 2353 18)
704 2315 752 2342 Sic
779 2315 810 2343 Z.
836 2317 891 2343 (ju.
910 2318 934 2345 1.
950 2318 978 2345 2.
997 2331 1032 2336 -
1051 2318 1180 2346 column.

235 2365 299 2388 erat
322 2359 400 2395 vulg.
428 2375 461 2378 —
496 2358 541 2394 19)
562 2356 611 2384 Sic
635 2357 664 2383 Z.
693 2356 747 2384 Gu.
768 2360 793 2386 1.
820 2359 846 2386 2.
871 2358 907 2384 al.
932 2367 976 2394 pr.
1007 2368 1051 2385 va.
1073 2375 1114 2380 —
1137 2360 1182 2386 la-

235 2401 381 2430 titudinis
410 2400 491 2437 vulg.
521 2415 560 2421 —
598 2399 646 2435 20)
681 2404 736 2427 rot.
767 2399 978 2427 columnarum
1009 2400 1064 2428 (ἆυ.

1110 2404 1182 2432 2,-

1224 1893 1352 1920 column.
1372 1889 1490 1919 rotund.
1514 1900 1560 1918 va.
1586 1909 1622 1912 —
1660 1891 1707 1926 91)
1738 1890 1906 1917 Tuscaniae
1927 1888 1985 1915 Gu.
2003 1889 2029 1918 1.
2053 1901 2094 1908 —
2121 1884 2170 1925 22)

1223 1937 1271 1963 Sic
1293 1936 1348 1963 Cu.
1366 1938 1392 1965 1.
1418 1934 1465 1961 Ar.
1491 1949 1527 1955 —
1557 1933 1734 1960 (ht-ints'zeae
1759 1932 1837 1968 vulg.
1863 1948 1894 1952 —
1922 1930 1969 1966 23)
1992 1931 2041 1958 Sic
2066 1929 2119 1956 Gu.
2142 1930 2168 1958 1.

1224 1979 1274 2006 Ar.
1302 1993 1343 1998 -—
1369 1975 1592 2013 ιἕνης.»ι’[ιιιιῖίιιίε
1624 1976 1704 2012 vulg.
1734 1990 1775 1994 —-
1806 1971 2035 2011 magnitudinis
2062 1971 2098 2000 al.
2127 1985 2170 1991 —

1224 2022 1269 2057 2¹4)
1294 2021 1342 2047 Sic
1364 2020 1393 2046 Z.
1418 2020 1473 2046 Gu.
1500 2021 1524 2048 1.
1550 2028 1594 2047 va.
1621 2020 1669 2045 Ar.
1692 2033 1733 2041 σ-
1764 2016 1917 2054 Capitolia
1939 2015 2019 2051 vulg.
2047 2029 2088 2034 —·
2121 2012 2169 2047 25)

1225 2069 1251 2091 et
1274 2062 1339 2090 add<
1365 2063 1420 2090 tiu.
1442 2064 1467 2091 1.
1490 2077 1531 2081 —
1566 2063 1610 2095 26)
1628 2061 1676 2088 Sic
1705 2060 1760 2086 Gn.
1788 2061 1813 2088 1.
1844 2074 1884 2079 -
1913 2067 2002 2095 super
2027 2055 2107 2092 vulg.
2133 2069 2169 2075 -

1221 2116 1276 2143 per
1305 2105 1336 2132 Z.
1363 2119 1404 2124 —
1443 2101 1488 2140 27)
1511 2103 1558 2130 Sic
1590 2104 1647 2132 Gn.
1674 2105 1700 2133 1.
1724 2103 1752 2131 2.
1777 2102 2004 2137 —jbrmentur
2025 2098 2106 2134 vulg.
2127 2110 2170 2118 —·

1227 2147 1271 2186 ⁰28)
1299 2147 1494 2182 emittamque
1520 2146 1551 2172 Z.
1579 2161 1620 2167 ·-
1650 2151 1675 2172 et
1699 2146 1822 2170 mittant
1847 2144 1892 2172 Ar,
1916 2158 1958 2163 ——
1991 2139 2037 2179 29)
2059 2140 2170 2167 Ιιανιιηι

1227 2190 1258 2217 Z.
1286 2205 1325 2210 —
1366 2187 1414 2227 30)
1440 2188 1487 2215 Sic
1513 2189 1568 2215 Gur
1587 2191 1613 2218 1.
1630 2191 1660 2218 2.
1684 2203 1721 2207 —-
1745 2187 1820 2224 quia
1843 2185 1922 2222 vulg.
1945 2200 1986 2205 -—-
2024 2183 2072 2217 31)
2097 2181 2170 2209 Cora

1228 2232 1257 2258 Z.
1282 2232 1336 2258 Gu.
1357 2232 1385 2260 2.
1411 2247 1447 2250 —
1475 2230 1567 2258 Coros
1591 2231 1645 2257 Gu.
1664 2232 1690 2260 1.
1715 2244 1755 2250 —
1784 2230 1829 2264 32)
1853 2232 1983 2254 coerceat
2005 2225 2036 2253 Z.
2058 2223 2115 2252 Gu.
2143 2225 2169 2252 1.

1227 2274 1264 2301 al.
1292 2289 1328 2293 —
1352 2278 1460 2299 coercet
1484 2283 1528 2300 va.
1554 2289 1590 2293 --
1613 2272 1660 2308 33)
1687 2270 1722 2298 id
1739 2276 1781 2298 est
1803 2268 1964 2297 concludat
1987 2277 2042 2294 om.
2067 2265 2122 2294 Gu.
2141 2268 2170 2295 2.

1225 2332 1267 2337 -
1289 2313 1336 2352 34)
1361 2314 1442 2352 quod
1463 2325 1519 2343 orn.
1544 2315 1575 2342 Z.
1599 2330 1638 2335 —·
1669 2312 1716 2351 35)
1742 2317 1878 2340 coarceat
1900 2311 1956 2339 Gu.
1978 2312 2002 2339 1-
2024 2324 2063 2329 -
2087 2318 2171 2334 004⁷*-

1225 2364 1267 2386 cet
1291 2357 1346 2384 Gu.
1366 2360 1393 2387 2.
1420 2374 1456 2378 —-
1490 2359 1537 2391 36)
1554 2355 1757 2393 protendatur
1779 2364 1823 2382 va.
1852 2368 1893 2374 —-
1927 2351 1975 2389 37)
1997 2350 2045 2378 Sic
2069 2351 2124 2380 (ιύ.
2143 2351 2170 2380 1.

1224 2417 1265 2422 -
1280 2402 1385 2437 suste-5
1407 2405 1478 2427 sant
1503 2398 1580 2435 vulg.
1605 2414 1640 2418 —-
1671 2396 1769 2435 33)fit
1793 2396 1849 2425 Gn.
1865 2396 1892 2425 2.
1915 2410 1956 2415 ·-
1991 2392 2039 2433 39)
2063 2393 2103 2420 Et
2119 2416 2125 2422 ,
2142 2413 2146 2418 .
2161 2411 2169 2418 .
