2255 2819
210 75 285 110 466

373 165 433 200 50.

210 232 251 254 eo
267 217 289 263 ²,
316 218 409 265 quod
436 219 481 252 ibi
509 218 638 262 fugiens
664 216 826 256 latuisset,
855 218 1139 261 cognominatum.

371 270 431 303 51.
484 270 539 302 Ab
565 269 713 302 Hercule
734 268 766 300 in
789 267 973 313 Campania
990 270 1154 313 Pompeia
1165 265 1187 310 ³,

908 73 1087 107 ISIDORI
1114 72 1294 107 HISPAL.
1322 73 1464 107 EPISC.

487 167 525 200 In
560 166 653 199 ltalia
686 170 796 197 autem
831 165 875 197 ab
909 165 989 197 Iano
1018 166 1220 209 Ianiculum,
1251 179 1270 199 a
1297 167 1441 200 Saturno
1467 166 1620 200 Saturnia
1658 173 1757 211 atque
1792 169 1925 202 Latium
1959 166 2154 203 conditum¹

1215 265 1291 312 qui⁴
1313 269 1416 302 victor
1444 281 1483 302 ex
1500 270 1661 315 Hispania
1684 282 1849 315 pompam
1876 272 1977 304 boum
2005 271 2154 305 duxerat.

373 321 431 354 52.
485 322 615 353 Aeneas
642 325 752 353 autem
779 326 856 365 post
882 321 1048 355 excidium
1076 321 1200 354 Troiae
1228 322 1261 353 in
1288 321 1430 353 eandem
1457 321 1587 355 Italiam
1614 323 1767 364 veniens,
1803 323 1845 356 ab
1876 324 1986 356 uxoris
2021 324 2155 357 nomine

208 375 382 408 Lavinium
398 369 410 389 ⁵
437 371 597 406 condidit.

370 422 429 456 53.
483 423 643 457 Ascanius
671 434 751 456 vero
787 424 904 456 relicto
938 424 1097 457 Laviniae
1131 435 1295 456 novercae
1329 421 1430 457 suae⁰
1465 435 1590 469 regno,
1620 425 1745 458 Albam
1781 426 1919 471 longam
1956 425 2152 459 aedificavit.

206 477 295 509 Alba
322 480 431 508 autem
458 482 576 508 vocata
596 480 735 520 propter
761 476 909 509 colorem
936 477 998 509 suis
1011 472 1033 517 ⁷,
1069 476 1192 520 longa,
1225 476 1303 519 quia
1330 476 1471 520 longum
1507 481 1554 509 est
1580 477 1748 521 oppidum
1759 474 1781 519 Β,
1810 478 1900 511 iuxta
1927 478 2153 522 prolixitatem

205 527 309 571 collis,
336 527 368 560 in
395 538 463 570 quo
489 527 549 559 sita
576 532 624 560 est
635 524 656 562 ⁹.

709 528 761 560 Ex
788 527 854 561 hac
882 528 979 561 etiam
1006 528 1088 560 urbe
1110 539 1207 572 reges
1233 528 1439 560 Albanorum
1468 528 1634 572 appellari
1662 534 1855 574 coeperunt.

369 577 428 612 54.
483 578 635 623 Capuam
673 578 784 624 Capys
815 580 934 613 Silvius
970 591 1026 612 rex
1042 577 1065 596 ¹⁰
1095 579 1293 619 construxit,
1335 579 1542 624 appellatam
1560 576 1582 596 ¹¹
1619 592 1639 613 a
1673 582 1807 614 nomine
1842 581 2040 622 conditoris,
2074 580 2153 614 licet

203 632 264 663 sint
281 627 314 671 ¹²,
348 631 404 674 qui
437 631 548 664 dicant
581 643 600 663 a
634 633 820 676 capacitate
848 643 921 664 eam
937 628 959 648 ¹3
994 631 1147 676 Capuam
1187 628 1358 671 dietam¹⁴,
1391 631 1484 674 quod
1519 632 1587 664 eius
1614 636 1701 665 terra
1735 645 1868 666 omnem
1895 634 1980 665 vitae
2008 632 2152 666 fructum

203 682 330 726 capiat:
358 682 412 714 alii
439 695 458 715 a
486 683 567 716 locis
595 684 854 728 campestribus,
891 684 922 715 in
950 683 1066 726 quibus
1093 684 1152 715 sita
1180 688 1235 717 est.

201 739 265 767 tres
287 734 444 767 maximas
471 735 629 775 Romam,
655 735 963 780 Carthaginemque
990 740 1170 775 numerata,

478 787 644 819 Romulus
671 799 746 820 eum
782 787 956 820 interfecto
992 787 1083 831 apud
1110 787 1233 819 Albam
1261 787 1394 819 Amulio
1428 798 1526 820 avum
1550 788 1760 821 Numitorem
1793 788 1826 821 in
1859 784 2035 833 regnumm
2055 787 2151 819 resti-

365 784 425 818 55.

1289 683 1349 716 Est
1384 688 1494 716 autem
1529 689 1631 727 caput
1652 685 1784 718 urbium
1812 684 2036 728 Campaniae,
2067 685 2152 716 inter

1198 747 1217 767 a
1244 746 1310 778 qua
1325 732 1348 752 ¹⁵
1370 740 1402 768 et
1429 735 1600 779 provincia
1627 736 1742 769 Italiae
1764 736 1948 782 Campania
1976 736 2065 769 dicta
2095 739 2151 769 est.

200 832 355 878 tuisset¹⁷,
384 837 416 869 in
443 848 519 870 eum
547 838 672 879 locum,
699 839 756 871 ubi
780 850 867 873 nunc
888 839 999 871 Roma
1028 844 1075 870 est
1101 838 1245 878 devenit,
1273 839 1385 882 ibique
1413 839 1508 872 sedes
1536 839 1663 883 posuit,
1697 840 1829 873 moenia
1864 839 2059 877 construxit,
2094 850 2150 870 ur-

200 887 344 931 bemque
372 900 411 920 ex
439 900 497 922 suo
525 890 657 923 nomine
669 887 690 907 ¹³
717 891 863 923 Romam
879 886 901 907 ¹⁰
936 890 1075 924 vocavit.

200 943 235 971 ut
262 944 310 972 est
336 939 437 973 illud:

1129 890 1228 923 Hauc
1261 896 1371 923 autem
1407 896 1504 924 antea
1519 887 1544 908 ²⁰
1571 891 1728 925 Evander
1755 891 1943 926 condidisse
1981 890 2101 924 dicitur
2114 886 2150 930 ²¹,

433 991 521 1024 Tum
542 989 691 1037 ΡιιῐσνἨ
717 992 912 1026 Evandrus
927 988 952 1008 ²³
979 992 1167 1025 Romanae
1194 992 1352 1025 conditor
1379 993 1484 1026 arcis.

361 1040 421 1075 56.
476 1044 587 1076 Ancus
616 1044 762 1077 Marcius
790 1056 829 1077 ex
856 1044 925 1076 filia
952 1044 1081 1077 Numae
1108 1044 1269 1088 Pompilii
1296 1049 1387 1077 natus
1400 1041 1435 1085 ²⁴,
1460 1043 1517 1078 liic
1546 1045 1662 1077 urbem
1690 1047 1722 1078 in
1750 1045 1839 1078 exitu
1866 1043 2000 1077 Tiberis
2032 1043 2149 1077 condi-

198 1092 247 1124 dit
259 1088 295 1132 ²⁵‚
323 1104 410 1135 quae
437 1099 470 1127 et
497 1096 691 1140 peregrinas
723 1107 851 1129 merces
885 1096 1053 1140 acciperet
1067 1092 1103 1136 ²⁶,
1139 1101 1172 1128 et
1206 1096 1339 1129 hostem
1373 1101 1577 1137 moraretur,
1610 1108 1712 1140 quam
1743 1097 1786 1129 ab
1819 1097 1893 1140 ipso
1931 1096 1991 1128 situ
2020 1094 2149 1129 Ostiam

197 1143 390 1188 appellavit.

359 1194 421 1230 57.
474 1196 567 1229 Galli
593 1197 729 1239 quidam
756 1197 906 1230 intestina
929 1197 1096 1231 discordia
1124 1202 1156 1230 et
1186 1198 1321 1230 assiduis
1354 1198 1610 1232 dissensionibus
1644 1210 1780 1232 suorum
1814 1198 1979 1243 permoti,
2012 1197 2108 1230 sedes
2125 1193 2149 1212 ²⁷

196 1258 296 1280 novas
323 1252 519 1290 quaerentes
547 1249 674 1280 ltaliam
700 1249 844 1293 profecti
873 1253 963 1291 sunt,
992 1246 1231 1291 sedibusque'ffl
1262 1251 1405 1294 propriis
1426 1251 1567 1294 expulsis
1594 1251 1712 1283 Tuscis
1725 1247 1761 1291 ²⁹,
1789 1250 2022 1283 Mediolanum
2049 1253 2148 1292 atque

195 1299 273 1331 alias
301 1300 398 1332 urbes
426 1300 656 1333 condiderunt.

194 1351 392 1394 perhibetur
406 1348 441 1383 ³¹.

709 1301 874 1334 Vocatum
898 1306 1008 1333 autem
1033 1300 1266 1333 Mediolanum
1296 1303 1337 1335 ab
1366 1313 1418 1343 eo,
1445 1301 1539 1345 quod
1566 1301 1610 1335 ibi
1637 1313 1689 1335 sus
1714 1301 1827 1335 medio
1856 1301 1952 1334 lanea

1968 1298 1993 1318 ³⁰
2018 1301 2148 1334 inventa

358 1401 417 1436 58.
473 1402 627 1435 Historiis
662 1403 776 1447 placet
811 1415 829 1434 a
859 1403 1021 1447 Messapo
1057 1403 1191 1437 Graeco
1221 1403 1411 1448 Messapiae
1440 1404 1553 1437 datam
1587 1404 1772 1449 originem,
1806 1415 1899 1436 versa
1933 1402 2150 1448 postmodum

194 1451 226 1483 in
252 1464 373 1486 nomen
401 1453 588 1493 Calabriae,
609 1466 710 1497 quam
737 1455 769 1486 in
794 1455 934 1487 exordio
963 1455 1103 1488 Oenotri
1132 1455 1233 1488 frater
1256 1457 1432 1490 Peucetius
1456 1456 1649 1489 Peucetiam
1677 1451 1901 1488 nominavit³².

357 1504 418 1537 59.
474 1505 592 1538 Manto
603 1503 628 1522 ³³
655 1506 804 1539 Tiresiae
828 1507 895 1538 filia
923 1512 999 1550 post
1030 1507 1195 1539 interitum
1223 1508 1468 1541 Thebanorum
1481 1504 1506 1524 ³⁴
1540 1507 1661 1541 dicitur
1688 1508 1801 1540 delata
1827 1508 1860 1540 in
1887 1506 2016 1538 ltaliam
2046 1505 2148 1537 Man·-

193 1561 284 1587 tuam
312 1556 509 1590 condidisse.

193 1617 305 1639 manes
329 1611 446 1641 tuetur.

562 1557 623 1589 Est
649 1563 759 1591 autem
786 1558 818 1590 in
847 1558 996 1600 Venetia,
1024 1570 1110 1602 quae
1138 1559 1252 1592 Gallia
1279 1560 1449 1605 Cisalpina
1469 1559 1600 1595 dicitur.

1653 1560 1699 1593 Et
1726 1559 1818 1593 dicta
1844 1554 2026 1598 Mantua³⁵‚
2053 1556 2146 1599 quod

355 1657 415 1690 60.
468 1657 695 1702 Parthenopia
722 1671 741 1691 a
767 1658 985 1704 Parthenope
1012 1660 1157 1703 quadam
1186 1661 1313 1705 virgine
1329 1658 1352 1679 ³⁰
1379 1662 1447 1695 illic
1473 1661 1603 1703 sepulta
1628 1661 1671 1691 ita
1683 1656 1708 1675 ³⁷
1734 1658 1922 1703 appellata,
1958 1658 2051 1701 quod
2078 1669 2144 1703 po-

195 1712 263 1740 stea
290 1710 454 1754 oppidum
471 1706 497 1726 ³⁵⁵
524 1710 694 1755 Augustus
721 1711 902 1755 Neapolim
930 1723 999 1745 esse
1027 1712 1151 1744 maluit.

279 1802 308 1838 1)
331 1801 452 1830 condita
483 1802 539 1830 Gu.
560 1805 589 1833 2.
611 1820 645 1824 -
667 1803 705 1830 αῖ)
730 1803 804 1831 lano
818 1814 871 1842 pro
895 1816 915 1831 a
939 1804 1013 1833 Iuno
1037 1804 1092 1832 Gu.
1119 1806 1145 1834 l.

194 1858 234 1863 —
274 1844 305 1878 2)
329 1850 353 1870 et
378 1844 462 1882 quod
484 1845 534 1874 Ar.
559 1863 598 1867 —-
636 1845 664 1884 3)
689 1847 865 1884 Pompeiam
888 1848 921 1875 Z.
946 1866 983 1870 —-
1015 1845 1047 1886 4)
1072 1848 1148 1885 quia

194 1885 230 1912 al.
255 1894 270 1913 e
296 1886 390 1915 Solin.
424 1897 450 1916 c.
474 1891 498 1915 8.
524 1888 605 1926 quod
629 1888 739 1927 probat
763 1889 853 1918 Arev.
889 1907 923 1911 —
967 1888 995 1929 5)
1025 1890 1073 1917 Sic
1099 1890 1145 1918 Ar.

194 1943 234 1948 —
258 1928 427 1956 Lavinium
451 1930 530 1967 vulg.
565 1948 598 1951 —
649 1930 678 1971 6)
703 1943 758 1959 suo
784 1932 840 1960 Gu.
861 1935 889 1963 2.
911 1949 952 1954 -—
990 1933 1018 1970 7)
1042 1933 1094 1959 «vni
1117 1932 1146 1960 Z-

195 1969 252 2000 Gu.
280 1972 306 2001 1.
337 1981 383 1999 va.
417 1972 454 1999 al.
478 1983 522 2010 ap.
547 1973 635 2002 Goth.
658 1991 699 1997 σ-
736 1974 764 2011 8)
789 1975 838 2002 Sic
871 1976 926 2004 Gu.
952 1978 975 2005 1.
1008 1992 1049 1997 —
1081 1985 1146 2013 ΘΜ).

196 2017 237 2038 est
266 2013 346 2050 vulg.
371 2029 410 2034 —
442 2012 471 2052 9)
496 2015 543 2043 Sic
574 2017 605 2045 Z.
633 2016 688 2044 Gu.
716 2019 742 2048 1.
762 2020 790 2048 2.
815 2017 864 2046 Ar.
891 2035 922 2038 —-
947 2020 1083 2057 positum
1106 2023 1148 2045 eat

196 2053 275 2090 vulg.
297 2071 338 2077 —
363 2053 411 2096 10)
434 2056 626 2085 Albanorum
649 2058 717 2087 add.
741 2060 833 2097 vulg,
856 2059 937 2099 quod
960 2071 1018 2091 om.
1043 2061 1100 2089 Gu.
1123 2063 1148 2091 1-

196 2110 235 2116 -
261 2096 306 2134 11)
328 2098 484 2136 appellata
506 2100 536 2127 Z.
561 2101 617 2130 Gu.
637 2104 662 2131 1.
682 2103 710 2132 2.
734 2102 772 2129 ul.
797 2112 841 2140 pr.
868 2113 913 2132 va.
936 2120 976 2125 —
1007 2115 1027 2131 a
1051 2108 1149 2131 autem

197 2137 299 2166 addidi
323 2149 337 2167 e
363 2141 419 2169 Gu.
444 2144 470 2173 1.
495 2158 533 2164 —-
572 2141 618 2181 12)
643 2144 710 2170 lim
733 2149 759 2171 ct
781 2146 843 2172 sint
866 2146 956 2184 vulg,
975 2145 1027 2174 sed
1051 2151 1076 2173 tt
1092 2156 1148 2174 0111.

196 2180 226 2208 Z.
257 2180 312 2209 Gu.
340 2184 368 2212 1.
394 2185 422 2214 2.
452 2199 493 2205 —
540 2183 583 2222 13)
613 2195 678 2212 eam
706 2196 724 2212 α
756 2197 821 2224 cap.
857 2189 885 2216 Z.
915 2203 957 2209 —
996 2186 1043 2228 121)
1072 2187 1145 2216 dict.

200 2222 274 2260 Cap.
305 2223 363 2252 Gu.
386 2227 415 2256 2.
437 2241 480 2248 —
520 2224 565 2265 15)
589 2238 608 2254 α
630 2237 684 2265 pro
709 2238 740 2255 ex
771 2229 828 2258 Gu.
852 2232 878 2261 1.
911 2247 951 2251 -
988 2232 1032 2266 16)
1057 2242 1146 2269 mgno

197 2265 254 2293 Gu.
271 2268 299 2296 2.
330 2282 371 2287 —
408 2265 453 2308 17)
478 2267 526 2296 Sic
548 2270 578 2296 Z.
601 2269 659 2298 Gu.
683 2272 709 2299 1.
734 2272 761 2300 2.
786 2271 836 2300 Ar.
862 2288 900 2293 -
924 2275 1041 2299 con-stit.
1066 2273 1146 2311 vulg.

196 2323 236 2329 —
269 2307 315 2347 18)
337 2308 386 2336 Sic
409 2309 439 2337 Z.
472 2310 529 2338 Gu.
554 2314 580 2342 1.
611 2327 652 2332 —
681 2322 714 2338 ex
743 2322 820 2342 nom.
842 2325 895 2341 suo
919 2315 998 2351 vulg.
1030 2332 1067 2337 -—-
1102 2315 1145 2354 19)

198 2350 329 2378 Romam
353 2361 410 2383 om.
434 2351 489 2381 Gu.
507 2355 537 2384 2.
560 2369 602 2375 —
637 2356 682 2388 20)
706 2353 755 2382 Sic
778 2355 808 2383 Z.
840 2356 896 2384 Gu.
917 2360 944 2387 1.
959 2359 988 2387 2.
1015 2373 1049 2378 -
1077 2363 1146 2386 ante

1191 1804 1272 1841 vulg.
1295 1819 1335 1824 —
1369 1804 1415 1840 ⁰21)
1439 1803 1487 1831 Sic
1517 1804 1574 1831 Gu.
1595 1806 1619 1833 1.
1646 1819 1683 1823 -—
1709 1801 1768 1830 dic.
1803 1800 1890 1831 cond.
1920 1802 2002 1840 vulg.
2027 1819 2066 1823 -
2096 1804 2143 1839 22)

1197 1848 1274 1874 Tum
1297 1855 1351 1884 pro
1376 1851 1448 1873 tunc
1475 1845 1531 1876 Gn.
1550 1849 1578 1876 1.
1609 1861 1651 1867 —-
1688 1843 1736 1885 23)
1760 1845 1808 1873 Sic
1831 1845 1885 1873 Gu.
1912 1847 1936 1875 1.
1961 1854 2006 1883 pr.
2030 1845 2078 1874 Ar.
2101 1861 2143 1866 —

1191 1888 1336 1917 Evander
1358 1889 1438 1926 vulg.
1482 1889 1579 1916 Locus
1600 1893 1643 1916 est
1665 1898 1680 1917 e
1703 1888 1782 1926 Virg.
1809 1889 1881 1917 Aen.
1905 1887 1982 1923 VIII,
2007 1888 2078 1919 313.
2101 1903 2142 1909 —

1190 1932 1235 1971 24)
1267 1937 1360 1960 natus
1382 1937 1425 1959 est
1448 1941 1493 1959 va.
1521 1947 1563 1952 --
1597 1932 1644 1968 25)
1669 1932 1776 1970 posuit
1810 1931 1866 1959 Gu.
1889 1933 1916 1962 2.
1940 1947 1980 1952 —
2018 1931 2064 1968 26)
2093 1930 2141 1958 Sic

1193 1975 1249 2004 Gu.
1274 1979 1297 2002 1.
1321 1993 1358 1996 -
1383 1975 1474 2013 excip.
1499 1974 1578 2011 vulg.
1600 1990 1641 1995 —-
1679 1973 1728 2013 27)
1752 1980 1777 2001 et
1800 1973 1882 2001 sedes
1907 1973 1962 2001 Gu.
1980 1975 2006 2004 1.
2029 1989 2071 1995 —
2092 1970 2138 2008 28)

1193 2028 1249 2055 que
1272 2027 1329 2045 om.
1360 2017 1416 2045 Gu.
1442 2020 1469 2047 1.
1502 2033 1535 2037 —
1580 2018 1627 2053 29)
1650 2017 1700 2044 Sic
1729 2017 1786 2045 Gu.
1813 2020 1839 2047 1.
1870 2032 1913 2038 —
1946 2016 2049 2043 Tuscis
2076 2024 2138 2051 exp.

1192 2061 1273 2098 vulg.
1287 2075 1329 2082 —
1348 2059 1396 2096 30)
1410 2059 1459 2087 Sic
1474 2059 1495 2087 Z
1522 2059 1578 2086 Gu.
1599 2062 1624 2090 1.
1650 2069 1693 2097 pr.
1708 2059 1757 2089 Ar.
1783 2076 1818 2080 —
1843 2060 1875 2087 in
1892 2056 1987 2086 medio
2003 2057 2081 2094 vulg.
2099 2074 2136 2078 —

1191 2103 1245 2131 sul)
1269 2101 1365 2129 medio
1388 2102 1442 2131 Gu,
1459 2104 1486 2132 2.
1512 2111 1558 2130 va.
1581 2118 1623 2122 —
1645 2100 1694 2141 31)
1718 2103 1766 2130 Sic
1793 2102 1849 2131 Gu.
1869 2103 1895 2132 1.
1925 2116 1960 2121 —
1978 2099 2063 2137 pet-lt.
2078 2100 2137 2127 inv.

1193 2146 1272 2182 vulg.
1305 2161 1343 2165 —-
1387 2146 1436 2181 32)
1466 2144 1513 2172 Sic
1544 2145 1600 2172 Gu.
1627 2146 1653 2174 1.
1682 2161 1723 2165 —
1751 2146 1959 2173 nominaverat
1987 2142 2068 2180 vulg.
2098 2157 2135 2163 —

1190 2187 1237 2227 33)
1262 2188 1367 2215 ,Manto
1392 2209 1398 2215 .
1423 2209 1430 2215 .
1456 2209 1460 2214 .
1485 2186 1689 2225 Burdegalim
1720 2192 1776 2217 etc.
1800 2210 1805 2215 .
1826 2209 1833 2216 .
1852 2186 1977 2225 impleta
2006 2190 2048 2212 est
2079 2194 2135 2212 om.

1191 2230 1256 2259 cod.
1280 2230 1387 2258 Ziltav.
1409 2245 1450 2250 —
1480 2229 1526 2268 34)
1557 2229 1723 2258 Thebarum
1746 2231 1800 2258 Gu.
1819 2231 1848 2259 2.
1870 2244 1912 2250 --·
1945 2230 1990 2264 35)
2014 2227 2062 2254 Sic
2079 2226 2135 2256 Gu-

1192 2276 1218 2304 1.
1242 2288 1282 2294 —
1306 2271 1420 2300 dicitur
1440 2273 1574 2300 Mantua
1606 2272 1662 2301 Gu.
1685 2276 1712 2304 2.
1743 2288 1782 2293 -
1812 2272 1908 2299 filant.
1938 2269 2021 2297 dicta
2049 2268 2133 2305 vulg.

1190 2331 1230 2335 —
1245 2317 1294 2351 36)
1315 2315 1363 2342 Sic
1387 2315 1441 2343 Gu.
1459 2318 1484 2346 1.
1505 2317 1535 2345 2.
1552 2331 1594 2336 —
1610 2315 1685 2353 virg.
1709 2313 1844 2353 quadam
1867 2312 1945 2350 vulg.
1963 2327 2004 2333 -—
2025 2310 2071 2350 37)
2086 2311 2134 2339 Sic

1190 2357 1245 2386 Gu.
1269 2360 1294 2388 1.
1319 2374 1358 2380 —
1385 2358 1587 2396 Partlzenopia
1615 2359 1637 2394 (.
1653 2368 1724 2395 ‚pea
1749 2354 1814 2396 Ar.)
1842 2355 1920 2392 vulg.
1944 2370 1984 2375 —
2014 2352 2061 2391 38)
2083 2354 2134 2382 Sic
