2264 2830
790 98 1036 135 ORIGlNUM
1078 102 1223 138 LIBER
1248 103 1289 138 11.

69 193 294 286 :nativae‚21it
331 240 507 289 quidni'ffl,
535 244 673 289 quippe.

232 296 291 329 22.
344 295 602 339 Praeceptivae,
630 301 682 329 ut:

349 193 444 226 Aliae
471 191 719 236 dehortativae,
753 204 829 228 cum
861 191 915 227 a²⁷
949 197 1116 230 contrario
1142 197 1223 231 vitio
1249 202 1460 242 peccatoque
1486 196 1682 231 reducimus.

1964 111 2013 146 83

1744 198 1829 234 Sunt
1862 207 1894 235 et
1921 203 2010 238 affir-

275 346 398 380 Νικίας
421 357 507 387 ara,
530 357 608 380 sere
630 348 762 388 nudus,
790 347 936 381 habebis
945 344 970 364 ²⁵¹
992 348 1144 394 srIgore
1170 360 1308 384 messes.

231 406 290 440 23.
340 404 512 439 vetativae
520 430 530 447 ,
558 412 609 440 ut:

273 457 371 491 Neve
396 457 486 490 inter
511 459 597 491 viles
619 459 775 502 corylum
801 469 897 500 sere,
924 470 1009 493 novo
1029 459 1194 505 flagella

272 508 420 543 Summa
442 506 569 554 peteffl.

226 567 285 601 24.
345 568 548 615 Negativae,
583 573 634 602 ut:
671 581 757 613 non,
793 570 940 603 minime.

65 625 139 662 cet,
166 625 200 655 et
215 619 397 666 fornicari
422 619 503 653 libet
514 618 567 653 ³²?

226 670 285 704 25.
340 668 544 704 Dolentis³³z

1000 570 1084 604 Sunt
1112 576 1144 604 et
1179 566 1446 612 admirativae³¹,
1483 574 1533 602 ut:
1568 570 1683 616 Papo,
1716 573 1833 607 vivere
1867 583 1933 607 non
1960 576 2003 608 12·-

268 720 382 756 Ηοιι31
408 723 494 756 mihi
502 750 510 764 ,
537 723 631 768 quod
652 719 789 756 mlh-sae
814 733 914 756 amor
940 728 992 757 est
1017 724 1187 758 sanabilis
1214 720 1373 757 herbisffi.

64 773 188 807 Flentis
219 774 437 807 similitudinis
463 775 508 808 sic
518 772 558 808 ³⁷:

266 846 318 852 —
348 825 536 873 Quondam
567 825 675 859 Creta
688 821 845 870 sertur³⁸
871 823 1110 870 Labyrinthus
1135 828 1170 860 in
1197 827 1283 860 alta.

61 883 297 926 Admonentis‚
325 886 502 925 irridentis,
531 885 708 931 gementis,
737 884 975 928 exhortativae,
1004 887 1239 927 consolativae,
1266 884 1538 919 commiserantis:
1565 894 1707 928 quorum
1724 891 1806 929 quot
1823 891 1896 919 sunt
1911 886 1998 931 figu-

61 931 168 977 raeae,
195 941 245 968 tot
271 943 303 970 et
328 938 359 970 in
386 937 639 982 pronunciando
666 947 774 970 voces.

225 988 284 1022 26.
337 990 420 1021 Sunt
447 995 480 1023 et
506 989 766 1034 Amphidoxae,
798 1000 938 1032 quarum
963 1001 1040 1035 pars
1066 984 1289 1029 inhonestam,
1316 993 1367 1022 ut:

262 1067 313 1072 —
339 1059 405 1081 non
432 1052 482 1082 est
508 1053 570 1081 Ιαα
596 1052 671 1081 tuta
683 1043 706 1064 ⁴¹
733 1048 909 1083 voluntas:

264 1097 438 1144 Illagua⁴²
460 1100 553 1145 pelis
579 1099 749 1134 Plzaaon.

226 1158 285 1193 27.
338 1160 421 1193 Sunt
449 1166 482 1193 et
508 1160 611 1202 aliae,
635 1160 913 1205 procatalepffl‘S,
940 1170 1016 1191 cum
1043 1158 1094 1199 id,
1122 1158 1214 1202 quod
1225 1154 1250 1174 ⁴³
1276 1157 1370 1190 nobis
1403 1153 1537 1189 obiici⁴⁴
1570 1160 1719 1200 poterat,
1753 1159 1828 1187 ante
1854 1166 1993 1199 praesu-

60 1210 176 1242 mimus
201 1210 242 1242 ad
272 1211 488 1251 diluendum,
521 1217 573 1244 ut:
608 1208 681 1244 Si⁴5
707 1212 783 1256 quis
815 1206 1001 1243 υοείιᾙγη45

59 1257 157 1294 teu-⁴⁷.

224 1313 283 1347 28.

60 1362 152 1395 dicas
169 1375 176 1396 :

58 1414 143 1456 qaid
163 1426 224 1447 vos
241 1415 386 1460 facturi
405 1412 609 1461 fuissetis-⁵⁰.

1035 1209 1184 1253 iudices,
1219 1212 1279 1241 aut
1309 1219 1443 1247 corum,
1481 1207 1540 1251 qui
1566 1210 1703 1247 assunt,
1732 1205 1834 1249 sorte
1860 1206 1993 1239 miran-

209 1262 293 1294 Sunt
321 1268 352 1295 et
379 1263 543 1307 aporiae,
570 1262 732 1295 dubitatio
760 1262 940 1294 simulantis
967 1261 1091 1293 nescire
1124 1271 1158 1292 se
1189 1271 1274 1301 quae
1307 1260 1387 1299 scit,
1420 1262 1476 1290 aut
1503 1257 1676 1300 quomodo
1705 1256 1840 1289 dicatur.

336 1310 539 1346 Koenosis⁴⁸
560 1318 670 1345 autem
699 1313 819 1346 (licitur
846 1312 1100 1346 communicatio
1128 1310 1253 1344 consilii
1280 1321 1354 1343 cum
1382 1309 1544 1341 iudicibus
1571 1313 1628 1341 aut
1657 1307 1870 1347 adversariis,
1911 1312 1946 1341 ut
1969 1309 1994 1340 si

231 1364 298 1396 l'os
340 1365 478 1397 consulo
495 1391 503 1404 ,
549 1364 706 1404 iudices,
760 1368 820 1396 aut
864 1374 924 1397 vos
960 1362 1183 1399 adversarii,
1231 1361 1316 1406 quid
1363 1371 1418 1393 me
1454 1359 1587 1405 facere
1632 1359 1827 1392 convenerit
1838 1354 1879 1398 ⁴⁹,
1931 1364 1992 1391 aut

222 1465 279 1499 29.
334 1466 552 1499 Paradoxon
580 1471 645 1503 est.
686 1476 762 1498 cum
789 1464 948 1504 dicimus,
991 1464 1196 1508 inopinatum
1223 1461 1348 1505 aliquid
1375 1460 1551 1503 accidisse,
1588 1464 1624 1491 ut
1648 1469 1712 1503 pro
1740 1456 1899 1492 Flacco-⁵¹
1933 1459 1991 1493 Ci-

59 1526 153 1549 cero:
185 1517 291 1550 Cuius
317 1518 435 1550 laudis
456 1518 692 1562 praedicator
722 1527 795 1549 esse
821 1515 1001 1558 debuerit,
1029 1516 1101 1548 eius
1116 1514 1268 1559 pericula·
1294 1513 1565 1557 deprecatorem
1590 1521 1663 1544 esse
1676 1506 1701 1526 ⁵²
1717 1509 1874 1555 sactum.

220 1569 278 1601 30.
331 1568 522 1613 Epilrope,
549 1568 583 1600 id
612 1573 660 1600 est
687 1568 877 1611 permissio,
905 1577 981 1600 cum
1009 1567 1119 1610 aliqua
1129 1562 1154 1582 ⁵³
1176 1566 1254 1610 ipsis
1276 1564 1441 1597 iudicibus
1468 1568 1524 1596 aut
1555 1562 1748 1595 adversariis
1774 1562 1991 1605 permittimus

55 1617 256 1651 aestimanda
268 1617 309 1660 ⁵⁴,
337 1625 372 1653 ut
399 1620 521 1654 Calvus
547 1620 579 1652 in
607 1619 772 1653 Vatinium
785 1615 825 1652 ⁵⁵:
858 1618 1025 1664 Perfrica
1058 1614 1241 1663 saciemf’fl,
1277 1620 1309 1649 et
1336 1616 1395 1649 dic
1412 1611 1479 1648 te⁵⁷
1513 1614 1732 1659 digniorem,
1764 1613 1822 1657 qui
1843 1617 1992 1659 praetor

52 1666 160 1711 fieres
167 1694 176 1710 ,
205 1682 310 1715 quum
341 1671 516 1707 Catonem.

55 1779 205 1806 set-alivae
226 1780 261 1810 al.
287 1798 322 1801 —
351 1780 398 1821 32)
417 1781 514 1810 Verba
533 1785 602 1809 sunt
616 1779 789 1817 Hieronymi
804 1780 834 1807 in
851 1779 944 1817 Epist.
961 1779 999 1807 ad

56 1819 141 1851 Rust.
158 1822 186 1852 4.
209 1838 248 1842 —
272 1824 318 1859 33)
341 1829 374 1851 ut
390 1823 458 1853 add.
473 1825 522 1852 Ar.
538 1834 583 1863 pr.
611 1840 644 1844 —-
675 1821 723 1861 34)
738 1823 801 1849 Jlei
820 1822 868 1849 Ar.
890 1832 935 1849 va.
960 1837 996 1842 —

56 1861 104 1899 35)
121 1864 227 1892 nullas
244 1865 298 1893 Gu.
317 1868 343 1896 1.
360 1876 406 1904 pr.
421 1876 466 1897 va.
489 1883 527 1888 -
549 1868 594 1902 36)
610 1865 706 1893 Locus
722 1868 765 1892 est
779 1873 816 1892 ex
833 1864 922 1892 Ovid.
938 1863 998 1892 He-

55 1905 121 1934 roid
135 1905 186 1942 V.,
213 1908 297 1939 149..
320 1907 372 1936 ubi
399 1913 459 1937 est:
481 1910 530 1938 ,Me
553 1910 704 1943 miseram,
728 1906 812 1945 qaod-
834 1917 920 1934 amor
940 1917 999 1934 non

56 1953 98 1974 est
114 1948 303 1977 medicabilis
317 1949 422 1978 herbis.
439 1968 481 1973 —
497 1952 544 1989 37)
560 1951 642 1988 vulg.
657 1949 738 1979 addit
759 1955 807 1986 at,
836 1948 916 1987 quod
940 1959 997 1979 om.

57 1989 114 2019 Gu.
134 1994 159 2022 1.
182 2007 224 2013 -
255 1991 303 2028 38)
325 1993 372 2021 Sic
389 1993 445 2022 Gu.
461 1997 489 2024 1.
504 1996 532 2024 2.
557 1993 776 2022 consentientes
803 2002 872 2020 cum
895 1991 998 2030 Virgil.

55 2031 128 2062 Aen·
152 2033 194 2068 V,
217 2034 287 2065 588.
310 2050 351 2056 -
374 2035 458 2063 Sicut
479 2035 635 2074 quondam
656 2036 742 2064 Creta
758 2036 865 2072 feriar
886 2033 936 2062 Ar.
958 2051 999 2055 —

56 2077 100 2102 &th
123 2081 155 2103 ut
180 2076 268 2104 Creta
285 2077 391 2113 [ει-ίαν
406 2088 451 2108 va.
475 2096 513 2100 —
549 2079 636 2107 Creta
660 2084 694 2105 ut
712 2079 818 2114 fertur
847 2075 1000 2115 quondam

56 2118 135 2155 vulg.
158 2134 195 2140 —
219 2119 268 2155 39)
294 2119 379 2157 Vulg.
401 2131 512 2158 genera
536 2122 582 2150 rel
596 2122 656 2159 fig.
681 2121 718 2148 Ut
741 2130 810 2156 nos,
835 2120 877 2147 sic
900 2120 954 2147 Gu.
974 2122 999 2149 1.

56 2160 84 2189 2.
98 2176 139 2181 —-
155 2162 342 2200 ‡·elfiglc1·cce
358 2171 416 2191 om.
432 2173 477 2191 va.
493 2181 531 2185 -—
555 2162 604 2204 40)
624 2163 708 2201 Vulg.
726 2162 911 2201 praecedunt
922 2172 999 2200 pars

55 2201 178 2231 honesta
192 2209 250 2239 est,
275 2214 350 2242 quae
373 2215 429 2233 om.
455 2206 509 2233 Gu.
529 2208 556 2236 1.
581 2222 621 2228 -
651 2207 696 2239 41)
721 2210 791 2233 tata
816 2211 871 2232 tua
896 2205 950 2232 Gu.
975 2207 999 2234 l.

56 2260 96 2266 -
120 2245 168 2285 42)
191 2257 305 2285 magna
334 2257 428 2284 regna
453 2257 500 2275 va.
524 2248 620 2276 Locus
645 2253 686 2276 est
702 2258 748 2286 ap.
767 2247 854 2276 Ovid.
875 2248 944 2276 Met.
962 2247 998 2281 Il,

56 2286 104 2318 53.
121 2298 179 2326 seq.
197 2305 238 2310 -—
260 2288 305 2327 43)
330 2300 392 2327 qua
415 2300 460 2317 va.
481 2306 524 2311 —-
545 2289 591 2330 44)
617 2290 694 2318 obici
709 2300 808 2329 pr.—-
823 2292 868 2323 45)
893 2291 926 2318 St
942 2300 999 2318 om.

57 2329 114 2359 Gu.
133 2334 159 2362 1.
185 2347 223 2351 —
246 2332 294 2369 46)
317 2338 456 2360 ηυείνιιιη
482 2333 538 2360 Gu.
554 2335 580 2363 1.
602 2349 644 2353 —
667 2331 713 2372 47)
735 2334 880 2360 mirantes
898 2333 953 2360 Gu.
971 2334 999 2361 2.

56 2381 99 2409 pr.
124 2389 161 2394 —-
189 2375 320 2401 miratur
335 2375 441 2410 Arev.,
465 2379 499 2403 ut
522 2374 601 2413 apud
619 2375 712 2404 Cicer.
734 2375 820 2403 Divin
843 2375 872 2402 in
894 2374 1002 2404 Caecil.

1043 1778 1105 1807 init.
1130 1779 1168 1806 At
1186 1783 1218 1806 ut
1232 1777 1376 1810 Isidorus,
1394 1775 1434 1803 ita
1451 1774 1523 1802 citat
1540 1773 1697 1812 Pompeius
1715 1773 1877 1801 Grammat.
1892 1782 1921 1811 p.
1939 1775 1987 1804 81.

1042 1821 1235 1849 Lindemann.
1260 1824 1288 1849 et
1311 1817 1405 1847 codd.
1428 1816 1531 1856 aliqui.
1561 1832 1602 1838 —-
1631 1815 1676 1855 48)
1711 1814 1857 1854 Qainoais
1879 1825 1925 1854 pr.
1949 1831 1989 1837 —-

1045 1865 1211 1892 Oenonosis
1234 1873 1281 1891 va.
1306 1879 1344 1884 —-
1377 1858 1424 1899 49)
1444 1860 1493 1888 Sic
1510 1859 1567 1888 Gu.
1587 1862 1612 1890 1.
1631 1869 1676 1897 pr.
1692 1858 1729 1888 al.
1752 1873 1795 1879 —
1818 1857 1988 1885 conveniret

1043 1907 1099 1937 Gn.
1113 1909 1143 1937 2.
1161 1915 1209 1935 va.
1226 1921 1268 1926 —
1290 1903 1376 1942 Vulg.
1392 1904 1537 1930 convenit.
1561 1912 1598 1924 ⁴—
1622 1898 1671 1941 50)
1699 1900 1746 1929 Sic
1764 1901 1820 1929 Gu.
1837 1903 1861 1931 1.
1877 1911 1925 1940 pr.
1941 1910 1987 1928 va.

1041 1949 1093 1978 Ar.
1111 1965 1146 1970 —
1165 1949 1279 1986 fuistis
1296 1947 1352 1975 Gu.
1367 1948 1396 1976 2.
1418 1961 1459 1967 --
1473 1945 1604 1982 fueritis
1620 1943 1700 1981 vulg.
1723 1961 1760 1966 --
1785 1942 1831 1982 51)
1852 1953 1911 1982 pro
1930 1953 1988 1971 om.

1043 1993 1098 2020 Gu.
1113 1994 1140 2022 1.
1155 2007 1196 2013 —
1219 1993 1264 2027 52)
1288 1989 1337 2017 Sic
1356 1989 1412 2016 Gu.
1430 1990 1457 2019 1.
1471 1989 1500 2018 2.
1521 1997 1566 2026 pr.
1583 1997 1630 2016 va.
1644 1987 1693 2014 Ar.
1713 2002 1747 2006 —
1770 1985 1850 2024 vulg.
1873 1996 1903 2013 se
1925 1996 1984 2013 esse

1032 2036 1170 2072 factam.
1185 2033 1224 2062 At
1238 2031 1317 2071 apud
1327 2032 1416 2059 Cicer.
1432 2029 1462 2057 in
1478 2034 1550 2058 orat.
1568 2039 1623 2068 pro
1637 2028 1744 2057 Flacco
1763 2038 1824 2056 nou
1840 2027 1987 2067 reperitur

1042 2077 1093 2105 hic
1113 2077 1216 2112 locus,
1236 2074 1292 2103 nisi
1318 2073 1489 2103 memoriter
1508 2083 1575 2101 eum
1597 2069 1779 2107 laudaverit,
1804 2070 1854 2109 qui
1880 2069 1987 2108 legitur

1043 2120 1079 2148 ab
1093 2119 1156 2147 init.
1175 2116 1333 2147 orationis2
1356 2115 1515 2155 ,sperabam
1528 2113 1658 2151 iudices,
1682 2113 1808 2142 honoris
1822 2115 1929 2152 potius
1949 2113 1987 2141 L.

1043 2163 1148 2191 Flacci
1164 2172 1208 2188 me
1229 2159 1401 2188 adiutorem
1412 2159 1578 2196 futuram,
1604 2167 1697 2196 quam
1717 2157 1910 2184 miseriarum
1935 2153 1986 2181 ἅθ’

1036 2210 1231 2244 precatorem.
1256 2219 1298 2225 —
1328 2205 1375 2238 53)
1398 2201 1445 2229 Sic
1468 2201 1524 2228 Cu.
1544 2202 1570 2231 1.
1586 2203 1614 2232 2.
1627 2210 1675 2238 pr.
1698 2215 1739 2221 -—
1762 2197 1888 2237 aliquid
1907 2195 1984 2233 vulg.

1042 2263 1083 2269 —
1097 2244 1144 2286 54)
1158 2247 1206 2274 Sic
1218 2246 1275 2274 Gu.
1288 2245 1420 2275 1.Ar.—
1433 2241 1637 2271 existimanda
1652 2241 1733 2280 vulg.
1743 2241 1843 2279 —55)
1853 2241 1899 2267 Sic
1910 2242 1985 2266 recte

1043 2291 1129 2319 Arev.
1153 2289 1237 2325 Vulg.
1261 2288 1291 2316 in
1314 2288 1476 2316 Ῑῖιιίείηίο.
1499 2285 1574 2314 Vide
1588 2283 1748 2314 Yi‘eichert.
1767 2282 1802 2312 de
1822 2282 1853 2310 C.
1873 2279 1984 2309 Licinio

1044 2332 1134 2360 Calvo
1152 2337 1257 2370 poeta,
1279 2331 1308 2359 in
1327 2329 1469 2369 opuscul.
1484 2339 1514 2367 p.
1530 2330 1597 2359 113.
1616 2338 1675 2366 seq.
1694 2343 1735 2348 —
1756 2324 1801 2364 56)
1826 2324 1873 2352 Sic
1889 2323 1943 2350 Gu-
1956 2323 1981 2351 1-

1045 2376 1228 2412 —frontem
1248 2373 1326 2412 vulg.
1359 2389 1398 2395 —
1429 2370 1474 2410 57)
1498 2369 1548 2398 dic
1569 2381 1626 2399 om.
1649 2379 1692 2398 va.

1498 2415 1574 2446 L*
