2264 2830
778 106 1024 141 ORIGINUM
1058 107 1204 142 LIBER
1230 109 1320 143 XIV.

1956 109 2029 144 451

249 204 309 239 19.
363 203 529 248 Cyclades
555 202 679 235 insulae
706 198 914 244 antiquitus⁴⁰
942 201 1106 235 Graeciae
1133 203 1276 242 suerunt,
1299 214 1380 246 quas
1407 201 1485 234 inde
1499 200 1664 244 Cyclades
1688 205 1861 234 autumant
1880 203 1984 238 dictas
1995 201 2030 249 ⁵⁰,

83 257 188 301 quod,
215 257 294 290 licet
320 257 438 300 spaciis
467 254 671 299 longioribus
697 265 716 285 a
744 254 830 286 Delo
858 253 1039 297 proiectae,
1066 255 1099 287 in
1126 257 1242 289 orbem
1255 252 1277 272 ‘³¹
1313 262 1421 288 tamen
1450 253 1537 287 circa
1572 254 1675 286 telum
1705 252 1784 286 sitae
1820 255 1891 287 sint.

84 310 202 342 orbem
229 306 355 344 κύκλον
383 308 506 341 Graeci
517 303 541 323 ⁵²
568 306 757 348 loquuntur.

1944 257 2030 289 Nam

812 306 958 346 Quidam
987 317 1085 345 vero,
1120 319 1185 340 non
1220 308 1310 351 quod
1347 308 1378 339 in
1414 306 1531 338 orbem
1569 303 1765 350 digestae⁵³‚
1798 306 1858 339 sed
1890 313 2030 352 propter

84 361 254 406 scopulos,
281 360 337 403 qui
364 360 451 393 circa
478 357 612 391 easdem
623 354 647 373 ὓ*
671 362 754 397 sunt,
782 356 887 391 dictas
912 362 1029 402 putant
1055 358 1231 401 Cjclades.

86 464 212 508 pelago
240 412 377 506 legitoo
387 458 420 495 ⁵⁸.

250 565 309 600 21.

362 411 437 443 llae
464 410 495 442 in
511 409 734 453 Hellesponto
760 409 842 440 inter
858 410 1033 453 Aegaeum
1062 416 1094 442 et
1112 406 1295 443 Maleum⁵⁵
1322 421 1413 442 mare
1441 409 1637 442 constitutae
1664 408 1912 442 circumdantur
1929 410 2030 443 etiam

475 463 559 495 Sunt
586 457 729 493 aute1n³³
757 472 894 493 numero
922 461 1162 506 quinquaginta
1185 468 1268 502 tres,
1305 461 1478 494 tendentes
1506 471 1525 491 a
1548 461 1769 503 septentrione
1796 460 1828 492 in
1855 462 2028 494 meridiem

85 515 176 547 milia
202 514 381 558 quingenta
395 510 429 553 ⁵⁸,
457 513 499 545 ab
525 512 648 545 oriente
676 513 708 544 in
737 523 891 545 occasum
920 513 1007 545 milia
1019 510 1042 529 ⁵⁰

362 565 464 598 Delos
491 564 596 596 insula
623 564 655 596 in
683 564 794 596 medio
818 563 1003 607 Cycladum
1032 565 1101 600 sita.

1071 513 1222 553 ducenta,
1251 512 1444 556 metropolis
1472 522 1585 543 earum
1613 511 1767 544 Rhodus.

1156 566 1201 598 Et
1227 565 1316 598 dicta
1343 564 1448 596 Delos
1476 563 1598 604 fertur,
1633 563 1726 605 quod
1754 567 1831 607 post
1856 563 2027 603 diluvium,

85 616 179 660 quod
207 612 358 661 Ogygim
391 616 599 660 temporibus
622 621 770 656 notatur,
807 626 882 649 cum
918 617 1035 648 orbem
1064 616 1172 649 multis
1207 616 1371 648 mensibus
1404 615 1557 648 continua
1585 624 1650 646 nox
1684 615 1917 655 inumbrasset,
1953 620 2029 648 ante

86 679 199 700 omnes
226 675 327 700 terra-2
353 667 450 699 radiis
477 667 553 699 solis
581 667 763 699 illuminata
791 672 838 699 est
856 691 864 707 ‚
895 668 1074 710 sortitaque
1102 679 1141 700 ex
1168 678 1208 699 eo
1236 679 1369 710 nomen,
1392 666 1484 710 quod
1513 666 1620 710 prima
1647 666 1855 698 manifestata
1881 662 2026 699 suiaseff¹

85 720 204 752 visibus
214 716 249 754 ¹⁵².

84 822 185 854 linem
215 828 248 854 et
276 822 426 854 Dianam.

302 720 387 751 Nam
417 720 523 765 δῆλον
552 719 675 751 Graeci
702 719 908 751 manifestum
944 719 1066 752 dicunt.

86 771 172 803 visae
199 776 271 803 sunt
299 770 484 804 coturnices
511 782 605 811 aves,
633 781 713 812 quas
741 770 864 802 Graeci
891 769 1043 815 ὄρτυγας
1068 776 1198 803 vocant.

1120 719 1195 762 Ipsa
1231 725 1278 750 est
1311 724 1342 751 et
1370 718 1532 761 Ortygia,
1567 729 1607 749 eo
1641 717 1733 760 quod
1770 718 1815 749 ibi
1847 712 2028 761 primumffl

1252 771 1289 803 ln
1317 770 1383 804 hac
1417 770 1522 802 insula
1547 769 1676 802 Latona
1711 769 1804 801 enixa
1843 774 1891 801 est
1916 768 2028 813 Apol—

480 822 583 854 Delos
611 826 719 853 autem
748 826 781 854 et
810 821 920 854 civitas
947 821 1067 854 dicitur
1095 826 1127 854 et
1152 821 1266 856 insula.

250 872 308 907 22.
360 871 537 906 ΒΙιοάοδἸΝ
565 873 751 917 Cycladum
773 873 881 916 prima
905 873 947 905 ab
974 873 1110 914 oriente,
1138 873 1170 906 in
1205 884 1273 916 qua
1298 884 1393 905 rosae
1428 871 1623 916 capitolium
1658 870 1777 903 dicitur
1810 881 1880 902 esse
1913 870 2028 901 inven-

85 929 167 963 tum,
196 924 276 956 dum
306 925 350 957 ibi
379 926 491 957 civitas
516 925 725 964 conderetur,
752 936 791 956 ex
819 935 886 967 quo
914 930 947 956 et
974 925 1051 957 urbs
1087 929 1119 957 et
1146 925 1250 957 insula
1277 924 1420 957 Rhodos
1457 928 1506 956 cst
1541 922 1721 967 appellata.

84 975 173 1007 Solis
201 975 358 1009 Colossus
385 977 447 1009 suit
473 988 588 1010 aereus
613 976 707 1009 Lxx
733 976 922 1009 cubitorum
949 976 1132 1009 altitudine.

84 1027 188 1060 insula
215 1027 346 1060 Coloszi
373 1025 558 1060 minores‘ffi.

1775 922 1814 953 ln
1846 920 1914 954 hac
1946 921 2030 953 urbe

1187 973 1367 1009 I³ueru¹1t⁶⁵
1395 981 1427 1008 et
1450 975 1505 1007 alii
1533 980 1664 1008 centum
1693 984 1830 1006 numero
1858 973 1890 1005 in
1910 972 2028 1005 eadem

250 1079 308 1113 23.
362 1079 520 1112 Tenedos
547 1090 612 1111 una
639 1089 679 1111 ex
705 1077 910 1121 Cycladibus
937 1077 980 1110 ad
1002 1075 1294 1123 septentrioiieni''⁷
1322 1075 1425 1119 sitaffi,
1461 1077 1493 1110 in
1526 1088 1592 1120 qua
1628 1076 1706 1108 olim
1744 1075 1857 1108 civitas
1892 1086 1911 1106 a
1934 1073 2029 1106 Tene

84 1128 231 1171 quodam
240 1127 264 1146 ¹⁵⁹
287 1130 419 1163 condita
440 1136 496 1164 est.

550 1129 652 1163 Unde
675 1140 796 1162 nomen
823 1129 912 1162 urbis
939 1129 1037 1169 illius,
1064 1130 1118 1162 vel
1146 1130 1256 1174 potius
1283 1130 1406 1162 insulae
1434 1129 1502 1162 suit.

1557 1129 1644 1161 Nam
1671 1127 1782 1160 Tenes
1808 1126 1866 1157 iste
1887 1124 2029 1157 infama—

83 1187 151 1222 tus,
181 1178 309 1223 quod⁷⁰
336 1193 411 1215 cum
439 1193 581 1215 noverca
602 1193 659 1214 sua
684 1177 957 1221 concubuissetn,
984 1178 1158 1225 fugiens⁷²‚
1193 1181 1281 1214 lianc
1317 1181 1456 1213 insulam
1491 1191 1631 1213 vacuam
1666 1178 1848 1212 cultoribus
1878 1176 2027 1210 obtinuit.

84 1230 185 1264 Unde
213 1229 276 1265 ειη
297 1233 456 1266 Tenedos
470 1230 496 1250 ²⁴
522 1233 610 1266 dicta
638 1238 703 1265 est:
726 1229 804 1267 sic⁷⁵
832 1229 1006 1265 Cicero⁷⁸z
1041 1232 1153 1265 Tenen
1180 1233 1292 1278 ipsum
1306 1229 1341 1273 Π,
1378 1232 1474 1264 cuius
1501 1242 1545 1264 ex
1570 1230 1706 1262 nomine
1738 1227 1894 1261 Tenedos
1920 1227 2027 1260 nomi-

83 1286 189 1315 natur
201 1280 235 1315 ⁷⁸.

250 1334 308 1366 24.
361 1330 584 1377 Carpathos⁷ss
612 1345 677 1366 una
704 1344 743 1365 ex
770 1332 974 1376 Cycladibus
1002 1330 1054 1365 affl'

85 1383 194 1416 thium
222 1396 312 1418 mare
339 1385 547 1429 appellatum
578 1390 638 1425 est,
672 1390 791 1418 vocata
818 1389 958 1429 propter
992 1384 1137 1418 celerem
1166 1385 1331 1417 fructuum
1360 1384 1590 1416 maturitatem.

542 1438 594 1469 Ex
614 1435 681 1470 hae
707 1436 814 1468 in>ula
842 1435 995 1469 (licuntur
1023 1441 1054 1469 et
1083 1436 1285 1480 Carpasinae
1299 1432 1321 1452 ⁸¹
1351 1447 1450 1468 naves
1478 1446 1620 1478 magnae
1649 1439 1681 1465 et
1707 1433 1889 1476 spaciosae.

85 1440 229 1480 gyptum
257 1441 289 1468 et
316 1437 488 1470 Rhodum.

1082 1333 1220 1365 meridie
1247 1333 1355 1376 posita
1383 1337 1499 1365 contra
1527 1332 1734 1375 Aegyptum,
1762 1342 1781 1361 a
1808 1340 1874 1372 qua
1897 1328 2027 1374 Carpa—

1645 1383 1707 1414 Est
1735 1381 1821 1413 enim
1848 1382 1931 1413 inter
1959 1382 2027 1414 Ae—

363 1484 565 1531 Cytherea&²
591 1488 694 1520 ins-ula
729 1499 793 1519 una
822 1498 861 1519 ex
889 1487 1093 1530 Cycladibus
1129 1499 1147 1519 a
1183 1493 1277 1531 parte
1312 1487 1454 1520 occidua
1486 1487 1562 1525 sita,
1595 1485 1686 1518 cuius
1713 1483 1900 1527 Porphyris
1935 1487 2029 1514 antea

251 1487 310 1519 25.

88 1549 208 1571 nomen
236 1540 306 1572 suit.
357 1540 527 1583 Cytherea
553 1545 663 1571 autem
691 1543 820 1581 vocata,
846 1538 938 1580 quod
966 1539 1012 1571 ibi
1043 1539 1151 1571 venus
1178 1539 1218 1572 tit
1245 1543 1317 1571 orta
1328 1534 1363 1570 ⁸³.

250 1590 307 1623 26.
361 1591 468 1625 Icaria
501 1591 608 1624 insula
640 1601 703 1623 una
741 1589 785 1623 de
820 1589 1045 1633 Cycladibus,
1086 1601 1172 1633 quae
1202 1586 1351 1623 lem-‘10⁸²
1383 1588 1465 1622 man‘
1498 1598 1620 1620 nomen
1655 1584 1758 1618 dedit.

86 1698 128 1725 ibi
154 1698 260 1725 nullu-c
282 1700 363 1737 vulg.
385 1716 426 1722 —-
448 1699 495 1739 37)
519 1700 568 1728 Sic
591 1700 646 1727 Gu.
673 1702 700 1729 1.
725 1696 863 1737 (nociva)
881 1701 908 1730 2.
929 1699 979 1727 Ar.
995 1715 1036 1719 —

86 1741 175 1769 nulla
196 1747 309 1769 noctua
332 1742 410 1780 vulg.
439 1759 474 1764 -
513 1743 559 1781 38)
583 1741 745 1770 invehatur
771 1751 816 1769 va.
843 1756 887 1763 -—
918 1744 963 1775 39)
986 1741 1036 1769 Sic

88 1784 144 1811 Gu.
164 1786 190 1815 l.
205 1786 235 1814 2.
261 1784 298 1812 al.
316 1800 354 1806 -
372 1786 501 1812 moritur
522 1785 602 1823 vulg.
628 1801 663 1805 —-
694 1786 742 1819 40)
764 1785 949 1811 Dictnmnos
979 1784 1034 1813 Gu.

90 1828 115 1855 1.
139 1841 179 1846 ———
204 1826 368 1854 Dictamus
391 1827 445 1854 Gu.
468 1831 497 1858 2.
523 1844 563 1849 --
600 1826 645 1865 41)
670 1827 702 1854 in
728 1826 816 1854 Creta
846 1836 903 1854 om.
927 1836 972 1854 va.
995 1842 1036 1847 -—

88 1865 133 1904 42)
156 1867 276 1896 Alamos
301 1869 358 1899 Gu.
377 1873 402 1900 1.
419 1872 448 1901 2.
471 1870 507 1897 al.
531 1881 574 1908 pr.
598 1879 696 1898 va.—-
719 1873 762 1901 ω’)
787 1874 827 1896 <st
851 1870 882 1896 in
905 1868 982 1898 Eur.
1005 1869 1036 1897 Z.

88 1925 129 1932 —-
169 1909 216 1947 44)
241 1911 289 1939 Sic
320 1911 352 1940 Z.
384 1912 440 1940 Gu.
464 1914 492 1942 1.
511 1915 540 1943 2.
559 1922 603 1951 pr.
627 1922 673 1940 va.
702 1927 739 1933 —
771 1912 933 1949 angustior
953 1911 1034 1948 vulg.

91 1968 126 1972 —-
156 1952 203 1989 45)
228 1958 253 1980 et
285 1963 341 1982 om.
365 1953 415 1982 Ar.
447 1969 484 1975 —
519 1957 567 1990 46)
589 1956 629 1982 sit
652 1953 754 1983 addidi
783 1964 798 1983 e
820 1954 853 1983 Z.
885 1955 939 1981 Gu.
965 1957 991 1985 1.
1007 1956 1036 1985 2.

88 2004 133 2033 pr.
157 2004 202 2023 va.
231 2011 272 2017 -—-
306 1997 350 2031 47)
373 1995 409 2023 de
430 1996 485 2024 Gu.
499 1999 527 2027 2.
550 2013 590 2018 --
627 1998 672 2034 43)
695 1998 729 2024 in
751 2002 963 2024 ornamentum
984 1994 1033 2025 Ar.

88 2052 130 2058 —
158 2037 206 2074 49)
225 2039 363 2075 primum
389 2039 420 2066 Z.
449 2053 491 2059 —
519 2041 564 2074 50)
592 2038 693 2067 dictas
715 2049 772 2069 om.
796 2039 826 2067 Z.
856 2055 897 2059 —
931 2037 977 2076 51)
1002 2039 1036 2065 in

91 2079 158 2107 orbe
181 2080 236 2108 Gu.
257 2083 286 2113 2.
311 2096 353 2101 -
384 2078 429 2119 52)
458 2080 549 2109 Graii
573 2080 622 2110 Ar.
646 2091 695 2112 va.
726 2099 764 2103 —
803 2082 849 2119 53)
871 2086 943 2108 sunt
965 2080 1034 2109 add.

90 2122 147 2149 Gu.
162 2124 191 2153 2.
217 2138 248 2142 -
273 2124 335 2151 sint
358 2132 404 2151 va.
422 2138 465 2144 —
485 2121 530 2161 54)
545 2123 592 2151 Sic
616 2123 672 2152 Gu.
699 2126 725 2154 1.
747 2140 789 2146 ·-
813 2122 937 2151 eandem
953 2123 1035 2160 vulg.

88 2179 130 2186 —-
159 2164 207 2202 55)
231 2164 278 2193 Sic
303 2166 359 2194 Gu.
384 2168 410 2196 1.
429 2167 460 2195 2.
490 2175 534 2203 pr.
567 2175 613 2194 va.
636 2165 686 2194 Ar.
717 2182 752 2188 -
783 2166 934 2195 ,Malelum
954 2166 1037 2202 vulg.

88 2221 131 2229 ——
153 2207 324 2236 Alutllzmm
348 2208 379 2236 Z.
400 2217 462 2235 var.
493 2207 561 2236 lect.
591 2217 638 2246 ap.
661 2207 750 2236 Goth.
772 2225 814 2231 —
849 2213 894 2243 56)
918 2209 1036 2246 „Mn-too

89 2248 140 2277 Ar.
163 2266 204 2272 —
226 2251 336 2279 Mirteo
366 2250 447 2287 vulg.
469 2265 511 2270 —
532 2250 581 2287 57)
607 2260 706 2277 omnes
723 2250 792 2279 add.
818 2251 896 2289 vulg.
912 2268 954 2273 —
971 2250 1036 2280 Om.

91 2291 148 2322 Gu.
176 2295 202 2323 1.
229 2308 271 2315 —
309 2292 356 2328 58)
388 2293 616 2330 quinquaginta
644 2292 698 2322 Gn.
727 2295 753 2324 1,.
779 2309 813 2315 -
840 2294 979 2321 miliaria
1007 2304 1036 2332 q.

94 2333 123 2362 Z.
147 2334 182 2363 al.
201 2350 243 2356 —
273 2335 325 2371 59)
349 2335 489 2364 miliaria
511 2335 540 2363 Z.
563 2334 600 2362 al.
623 2349 664 2356 —
695 2335 740 2371 60)
763 2334 812 2363 Sic
833 2336 866 2365 Z.
891 2337 948 2365 Gu.
963 2340 991 2368 1,.
1007 2338 1035 2366 2.

94 2384 140 2412 pr.
166 2393 204 2398 —
231 2378 344 2415 Ogsgii
365 2377 446 2414 vulg.
468 2393 508 2397 —
544 2378 592 2414 61)
616 2376 664 2404 Sic
692 2377 722 2405 Z.
747 2377 802 2406 Gu.
822 2380 848 2408 1.
871 2380 900 2408 2.
925 2379 974 2409 Ar.
996 2394 1035 2399 ——

1813 1584 1909 1617 Have
1948 1585 2030 1616 inter

1078 1701 1119 1726 sit
1143 1698 1223 1736 vulg.
1247 1713 1287 1719 —-
1317 1696 1363 1736 62)
1387 1698 1420 1725 in
1442 1698 1498 1724 vis.
1524 1696 1580 1723 Gu.
1606 1697 1634 1725 2.
1658 1711 1699 1716 —
1721 1694 1864 1721 humanis
1893 1691 1962 1720 add.
1994 1692 2029 1720 al.

1078 1751 1126 1770 va.
1153 1757 1190 1762 -—
1214 1738 1261 1780 63)
1286 1741 1333 1768 Sic
1357 1740 1414 1768 Gu.
1433 1743 1458 1771 1.
1473 1755 1515 1760 —
1532 1739 1624 1777 prim.
1648 1737 1691 1764 ihi
1713 1737 1791 1773 vulg.
1812 1751 1850 1757 --
1873 1734 1918 1772 64)
1943 1734 2029 1762 liho-

1079 1784 1139 1811 ‹lu-s
1161 1784 1192 1812 Z.
1215 1799 1255 1804 —
1279 1781 1327 1823 65)
1350 1788 1452 1810 autem
1475 1781 1542 1809 add.
1564 1781 1595 1809 Z.
1618 1796 1651 1800 —
1682 1778 1726 1817 623)
1751 1778 1804 1806 col.
1829 1779 1861 1804 in
1884 1776 1950 1805 cad.
1973 1778 2029 1805 ins.

1080 1828 1150 1855 min.
1184 1826 1240 1853 Gu.
1267 1828 1295 1857 2.
1324 1841 1364 1847 —
1400 1826 1448 1860 67)
1480 1835 1499 1850 α
1521 1823 1717 1860 aqueum-lone
1749 1821 1779 1849 Z.
1803 1820 1859 1848 Gu.
1889 1823 1914 1850 1.
1936 1822 1964 1850 2.
1992 1836 2028 1840 ——-

1080 1872 1124 1903 68)
1151 1869 1254 1896 imula
1283 1867 1352 1896 add.
1375 1877 1420 1896 va.
1450 1881 1492 1887 -—-
1529 1867 1576 1902 69)
1600 1863 1732 1902 quodam
1764 1873 1821 1891 om.
1853 1862 1884 1890 Z.
1913 1877 1955 1882 —
1984 1860 2030 1901 70)

1078 1912 1126 1940 vel
1149 1910 1234 1949 quod
1254 1910 1344 1947 vulg,
1368 1909 1420 1938 sed
1443 1908 1491 1937 vel
1514 1917 1570 1937 om.
1594 1908 1625 1935 Z.
1654 1907 1710 1936 Gu.
1738 1908 1766 1936 1.
1789 1909 1817 1937 2.
1841 1915 1888 1933 va.
1913 1904 1963 1932 Ar.
1990 1918 2032 1925 —-

1079 1952 1127 1994 71)
1150 1953 1335 1982 incubuisset
1359 1953 1416 1982 Gu.
1435 1954 1460 1982 1.
1486 1967 1525 1971 —
1548 1947 1597 1989 72)
1619 1954 1645 1978 et
1665 1950 1736 1987 sug.
1761 1948 1792 1978 Z.
1813 1962 1853 1968 ——
1869 1946 1957 1984 Vulg.
1972 1946 2030 1982 fu-

1075 1997 1163 2034 giens
1186 1997 1217 2024 in
1240 1995 1319 2023 lzanc
1341 1996 1409 2032 ins.‚
1432 1992 1485 2022 sed
1508 1994 1541 2020 in
1564 2002 1620 2020 om.
1647 1992 1703 2020 Gu.
1729 1993 1754 2021 1.
1780 1990 1828 2019 Ar.
1852 2005 1894 2011 —
1917 1991 1949 2017 in
1971 1990 2029 2016 ism.

1076 2039 1157 2066 hanc
1179 2037 1300 2067 exhibet
1322 2037 1352 2065 Z.
1375 2054 1414 2059 —
1437 2034 1486 2075 73)
1509 2041 1535 2063 et
1561 2044 1619 2064 om.
1643 2035 1674 2062 Z.
1699 2049 1744 2055 --
1762 2034 1808 2070 74)
1832 2031 1938 2060 insula
1961 2031 2030 2059 add.

1076 2082 1157 2118 vng.
1171 2097 1210 2102 —
1226 2080 1292 2109 Om.
1315 2080 1371 2108 Gu.
1388 2083 1414 2110 1.
1429 2082 1457 2110 2.
1481 2087 1526 2106 va.
1544 2093 1586 2098 -
1605 2074 1654 2117 75)
1677 2078 1756 2104 sicut
1781 2076 1814 2104 Z.
1840 2091 1880 2096 —
1906 2076 1951 2107 76)
1968 2074 2028 2102 Cic.

1077 2123 1102 2153 l.
1127 2124 1209 2153 Verr.
1233 2132 1258 2151 c.
1285 2124 1333 2154 19.
1355 2122 1420 2150 iuit.
1441 2137 1482 2142 ——
1515 2122 1559 2157 77)
1585 2120 1741 2157 appellant
1763 2117 1831 2147 add.
1853 2117 1887 2146 Z.
1911 2132 1952 2138 —
1984 2113 2029 2151 75)

1079 2168 1272 2194 nominamus
1302 2165 1357 2193 Gu.
1380 2168 1406 2195 1.
1429 2179 1470 2185 —
1498 2161 1544 2200 79)
1571 2160 1749 2200 Carpltatus
1781 2161 1836 2189 Gu.
1857 2163 1888 2191 1.
1909 2176 1946 2180 —
1979 2157 2029 2190 80)

1079 2210 1111 2236 in
1135 2209 1180 2238 ed.
1206 2207 1296 2237 Goth.
1321 2225 1355 2229 -
1382 2204 1428 2245 Sl)
1455 2204 1644 2243 Cuipltasine
1668 2205 1726 2234 Gu.
1748 2207 1775 2234 1.
1798 2219 1838 2224 ——
1864 2199 2025 2237 carpasius

1079 2251 1160 2289 vulg.
1185 2267 1223 2271 —
1257 2251 1303 2286 82)
1333 2249 1464 2288 Cythera
1490 2248 1538 2277 Ar.
1569 2263 1610 2268 -—
1645 2248 1692 2284 ὃὸ)
1715 2246 1763 2274 Sic
1787 2246 1844 2273 Gu.
1865 2246 1891 2274 1.
1913 2243 1962 2268 At-
1984 2253 2025 2260 ’-

1080 2299 1148 2321 orta
1174 2295 1214 2321 sit
1246 2293 1326 2331 vulg.
1354 2309 1394 2314 —
1438 2292 1486 2327 84)
1515 2290 1602 2319 Icaro
1636 2300 1681 2328 pr.
1712 2304 1753 2312 -
1787 2298 1819 2315 es
1846 2293 1900 2322 pro
1929 2280 1964 2308 dt*
1993 2280 2022 2307 Ζ-

1081 2336 1136 2365 Gu.
1156 2338 1184 2368 2

1505 2425 1627 2459 Lll*
