2203 2829
208 110 281 145 152

645 214 674 248 C
701 215 732 248 A
759 214 796 247 P.
850 214 909 249 lV.

373 287 405 320 l.
458 286 512 318 lus
549 280 681 317 autem¹
717 283 866 316 naturale
903 288 971 325 est,
1023 289 1080 316 aut
1119 283 1233 325 civile,
1279 288 1335 316 aut
1369 284 1530 328 gentium.

728 330 740 351 5

210 336 381 375 omnium³
415 333 624 378 nationum,
673 345 713 367 eo

774 335 866 378 quod
901 336 1026 379 ubique
1058 335 1211 368 instinctu
1245 339 1397 376 naturae,
1442 346 1509 367 non
1545 335 1778 369 constitutione

895 103 1073 138 ISIDORI
1107 101 1288 137 HISPAL.
1322 102 1467 138 EPlSC.

992 213 1134 262 Quid
1183 215 1255 248 sit
1300 215 1385 248 ius
1432 215 1708 249 naturale.

1592 281 1668 316 Ius²
1702 284 1850 316 naturale
1885 289 1934 316 est
1981 295 2160 319 commune

1789 332 1801 352 ‘⁵
1837 335 1950 379 aliqua
1979 334 2124 369 habetur
2136 332 2159 377 ⁷,

210 397 246 426 ut
271 391 329 424 viri
358 394 390 423 et
416 389 581 421 foeminae
608 386 816 427 coniunctio,
840 387 1023 420 liberorum
1050 383 1239 421 successioE
1266 392 1298 419 et
1321 386 1494 427 educatio,
1530 387 1714 420 communis
1741 387 1890 420 omnium
1917 387 2100 432 possessio,
2127 393 2160 421 et

210 443 359 478 omnium
385 451 450 473 una
476 440 628 480 libertas,
657 439 829 482 acquisitio
858 450 993 481 eorum,
1020 450 1105 483 quae
1128 439 1244 481 coelo,
1270 434 1379 471 terra⁹
1406 439 1557 482 marique
1584 439 1770 483 capiuntur.

373 507 407 542 2.
460 508 545 541 Item
573 507 746 552 depositae
772 507 819 540 rei
845 509 898 540 vel
925 508 1181 541 commendatae

319 560 406 593 Nam
433 560 519 601 hoc,
561 563 616 592 aut
653 559 679 592 si
706 558 787 602 quid
820 559 899 593 huic
926 560 1032 593 simile
1068 556 1170 602 estu,

208 563 267 595 sio.

207 613 359 646 habetur.

703 686 855 721 CAP.
910 687 950 722 V.

1194 503 1218 523 10

1254 507 1418 551 pecuniae
1444 507 1624 547 restitutio,
1658 507 1833 541 violentiae
1859 518 1922 551 per
1947 506 2015 539 vim
2041 507 2158 551 repul-

1218 570 1386 602 nunquam
1422 559 1575 592 iniustum
1588 555 1630 599 ¹²,
1671 559 1730 592 sed
1764 559 1914 592 naturale
1946 569 2159 602 aequumque

1033 686 1174 734 Quid
1226 686 1295 719 sit
1349 687 1432 720 ius
1485 687 1663 720 civile.

373 763 427 796 lus
454 762 552 797 civile
580 768 645 803 est,
686 763 780 806 quod
810 763 950 808 quisque
985 765 1132 809 populus
1161 764 1213 797 vel
1250 764 1363 798 civitas
1378 760 1401 781 ¹²⁵
1434 764 1495 797 sibi
1527 763 1723 808 proprium,
1766 762 1912 796 humana
1946 760 2157 807 divinaque¹⁴

208 827 308 851 causa
334 814 513 849 constituit.

656 898 685 933 C
711 900 742 933 A
770 901 806 933 P.
862 901 918 934 Vl.

1003 901 1142 948 Quid
1193 902 1267 934 sit
1321 902 1401 935 ius
1452 901 1708 946 gentium.

374 976 426 1008 lus
453 975 603 1019 gentium
617 972 642 992 ¹⁵
666 976 794 1009 sedium
819 979 1019 1022 occupatio,
1047 974 1137 1011 vel¹⁶
1177 978 1386 1017 aedificatio,
1422 978 1579 1017 munitio,
1616 977 1724 1017 bella,
1760 977 1982 1021 captivitates,
2017 977 2157 1010 servitu-

208 1025 309 1069 tes¹⁷‚
337 1026 541 1072 postliminia
554 1023 595 1068 ¹⁸,
623 1026 762 1060 foedera
775 1025 798 1045 ¹⁹
825 1030 936 1073 pacis,
966 1030 1133 1070 indutiae,
1169 1031 1359 1075 legatorum
1387 1041 1453 1062 non
1484 1029 1717 1062 violandorum
1745 1029 1883 1073 religio,
1918 1029 2083 1062 connubia
2105 1030 2157 1062 in-

208 1086 259 1114 ter
284 1079 485 1124 alienigenas
496 1075 521 1095 ²⁰
547 1078 729 1122 prohibita.

645 1198 674 1232 C
700 1200 732 1232 A
759 1200 796 1233 P.
849 1200 923 1233 VII.

782 1081 866 1114 Inde
877 1078 900 1098 ²¹
928 1082 976 1115 ius
1003 1082 1169 1127 gentium,
1197 1082 1290 1125 quod
1300 1078 1325 1098 ²²
1352 1093 1392 1115 eo
1420 1082 1491 1115 iure
1518 1092 1633 1114 omnes
1663 1081 1733 1114 fere
1759 1086 1876 1125 gentes

1888 1077 1913 1098 ²³
1940 1085 2085 1115 utuntur.

1006 1201 1145 1247 Quid
1198 1202 1270 1234 sit
1323 1201 1407 1234 ius
1457 1201 1723 1234 militare.

374 1274 406 1306 1.
461 1274 515 1306 Ius
541 1274 681 1306 militare
709 1280 756 1307 est
785 1276 865 1308 belli
891 1277 1055 1310 inferendi
1080 1277 1274 1318 solennium,
1302 1276 1448 1309 foederis
1474 1277 1619 1311 faciendi
1642 1287 1754 1317 nexuS,
1780 1277 1878 1320 signo
1906 1274 2018 1310 dato²⁴
2043 1289 2158 1322 egres-

208 1328 255 1359 sio
265 1322 291 1343 ²⁵
318 1326 350 1358 in
377 1324 510 1358 hostem
539 1326 592 1358 vel
617 1327 805 1359 commissio
815 1324 849 1363 ²⁶,

905 1329 988 1362 ltem
1017 1330 1113 1373 signo
1136 1329 1215 1362 dato
1243 1325 1445 1372 receptio²⁷‚
1479 1328 1559 1362 item
1588 1328 1708 1372 flagitii
1739 1328 1885 1360 militaris
1913 1328 2105 1373 disciplina,
2133 1330 2157 1362 si

208 1379 302 1412 locus
330 1373 552 1418 deseratur²⁸‚
580 1378 659 1410 item
687 1378 930 1422 stipendiorum
956 1381 1094 1422 modus,
1131 1380 1330 1426 dignitatum
1358 1380 1501 1425 gradus,
1529 1381 1756 1425 praemiorum
1783 1379 1911 1421 honor,
1953 1381 2054 1413 veluti
2081 1392 2157 1414 cum

209 1441 333 1464 corona
360 1425 447 1461 vel²⁹
472 1433 606 1472 torques
633 1429 799 1463 donantur
809 1426 843 1463 ³⁰.

374 1495 407 1529 2.
460 1496 545 1529 Item
572 1497 720 1540 praedae
747 1494 921 1540 decisio3¹‚
950 1504 981 1531 et
992 1496 1017 1517 ³²
1043 1510 1106 1544 pro
1138 1511 1356 1544 personarum
1384 1499 1597 1543 qualitatibus
1625 1505 1656 1532 et
1688 1496 1893 1533 laboribusffi
1929 1499 2011 1533 iusta
2039 1500 2156 1533 divisio

210 1545 284 1582 ac³⁴
310 1547 468 1592 principis
497 1549 619 1592 portio.

632 1650 660 1684 C
687 1652 717 1685 A
745 1652 781 1685 P.
838 1652 926 1685 vlu.

1006 1651 1147 1699 Quid
1198 1654 1269 1686 sit
1322 1654 1405 1686 ius
1451 1652 1738 1698 publicum.

376 1736 429 1769 lus
455 1736 632 1780 publicum
659 1742 707 1770 est
717 1734 741 1755 ³⁵
767 1739 801 1770 in
828 1738 926 1772 sacris
953 1735 1020 1771 et³⁶
1047 1738 1276 1772 sacerdotibus
1303 1744 1336 1771 et
1363 1738 1395 1771 in
1405 1736 1430 1756 ³⁷
1457 1737 1712 1783 magistratibus.

210 1820 284 1849 dum
299 1821 330 1850 Z.
348 1836 388 1842 ——
413 1824 440 1858 1)
464 1828 564 1849 aulem
579 1821 681 1851 addidi
698 1832 713 1851 e
727 1822 783 1850 Gu.
804 1826 830 1853 1.
845 1824 874 1853 2.
894 1838 934 1844 —
958 1823 1009 1850 lus
1025 1830 1081 1851 aut
1099 1830 1163 1853 nat.

209 1864 260 1892 Ar.
285 1880 324 1884 —-
348 1863 401 1892 Ius
420 1874 474 1891 om.
495 1864 551 1892 Gu.
567 1867 596 1895 2.
623 1881 659 1886 -
691 1864 720 1903 2)
744 1871 845 1892 autem
860 1864 928 1893 add.
944 1866 1000 1895 Gu.
1022 1870 1047 1896 1.
1071 1882 1112 1887 —
1134 1865 1163 1904 3)

210 1907 345 1934 omnium
359 1916 415 1934 om.
431 1906 463 1935 Z.
484 1922 525 1931 ›-
547 1907 578 1943 4)
592 1909 731 1945 gentium
746 1908 840 1938 Gu.2.
867 1925 905 1928 —
935 1906 965 1947 5)
989 1914 1014 1935 et
1036 1908 1117 1947 quod
1129 1910 1161 1939 Z.

209 1949 262 1978 Ar,
273 1964 315 1970 --
335 1950 365 1985 6)
380 1949 426 1976 vel
435 1949 643 1985 confutatione
659 1950 690 1981 Ζ,
707 1967 748 1972 -
766 1949 795 1988 7)
806 1950 853 1978 Sic
862 1951 891 1980 Ζ.
902 1951 958 1979 Gu.
974 1954 999 1982 1.
1017 1954 1047 1982 2.
1061 1951 1098 1979 al.
1114 1962 1160 1990 pr.

210 2001 257 2019 va.
281 2010 318 2013 —
342 1991 489 2019 habeatur
508 1991 587 2029 vulg.
604 2009 644 2013 —
668 1992 695 2031 S)
719 1995 865 2031 susceplio
883 1993 930 2021 Ar.
956 2010 988 2013 —
1011 1996 1039 2029 9)
1065 2000 1159 2022 {errae

210 2034 267 2062 Gu.
283 2037 311 2065 2.
335 2049 376 2055 -
400 2034 444 2072 10)
468 2033 673 2062 commodatae
689 2036 738 2064 Ar.
761 2052 802 2057 —
829 2038 876 2073 11)
898 2041 923 2063 et
942 2037 970 2063 si
984 2035 1067 2074 quod
1086 2037 1159 2065 huic

210 2076 310 2104 simile
325 2081 366 2104 est
385 2076 441 2104 Gu.
457 2079 484 2107 2.
510 2094 547 2098 -—
571 2083 596 2104 et
618 2079 644 2106 .ςί
669 2077 747 2116 quid
767 2078 841 2106 huic
865 2079 963 2106 simile
981 2085 1022 2106 cst
1044 2080 1158 2108 omissis

210 2118 322 2148 verbis:
347 2119 429 2147 ‚Nam
449 2119 513 2147 ltoc.
546 2135 582 2140 —-
622 2120 671 2147 illi
690 2122 759 2150 sim.
782 2121 812 2149 Z.
843 2137 883 2142 —
910 2121 985 2149 Ιιιιίι·
1008 2132 1065 2151 om.
1092 2122 1159 2151 edit*

211 2161 348 2190 Gothosr.
370 2177 412 2183 —
436 2162 481 2198 1⁶2)
505 2163 617 2190 iniuste
637 2163 694 2192 Gu.
714 2165 741 2193 1.
766 2180 805 2184 —
830 2174 888 2191 non
910 2165 975 2191 iure
998 2164 1053 2192 Gu.
1067 2167 1093 2196 2.
1120 2184 1156 2188 -

212 2202 258 2244 13)
281 2204 329 2233 vel
343 2214 477 2242 quaeque
491 2205 545 2232 cir.
562 2204 601 2234 al.
624 2219 660 2225 ἡ
687 2205 730 2239 14)
746 2204 913 2244 dim'naqae
928 2217 986 2235 om.
1003 2207 1034 2235 Z.
1051 2224 1089 2228 —-
1114 2208 1158 2247 15)

213 2246 297 2285 Vulg.
317 2246 399 2275 addit
421 2253 478 2283 esc,
503 2247 584 2285 quod
605 2257 663 2275 om.
686 2247 741 2278 Gn.
761 2251 787 2279 1.
818 2265 857 2270 --
891 2250 937 2286 16)
960 2249 1006 2277 rel
1025 2249 1126 2278 addidi
1144 2261 1159 2279 e

212 2290 267 2317 Gu.
286 2292 313 2320 1.
336 2306 371 2310 —
411 2291 456 2326 17)
478 2291 670 2328 captiuitates
691 2289 727 2318 al.
752 2301 809 2319 om.
843 2308 880 2312 —
914 2293 957 2327 13)
976 2293 1159 2329 postlimina

213 2332 270 2360 Gu.
290 2334 317 2362 1.
333 2347 374 2353 —
398 2334 440 2369 19)
457 2331 585 2369 foedera
601 2333 639 2362 al.
657 2342 765 2360 om.—
787 2333 834 2370 ΞΟ)
858 2335 934 2361 inter
949 2335 1068 2362 alienas
1087 2347 1158 2374 gen-

213 2380 256 2402 tes
273 2374 329 2403 Gu.
343 2376 370 2406 2.
394 2391 435 2395 —-
456 2378 505 2412 21)
529 2375 614 2413 Vng.
637 2380 662 2403 et
683 2374 767 2412 inde,
791 2376 841 2405 sed
868 2382 893 2404 et
917 2387 974 2405 om.
992 2377 1047 2405 Gu.
1067 2381 1093 2408 1.
1117 2394 1158 2401 —-

1206 1823 1255 1861 22)
1279 1825 1355 1862 qnia
1372 1824 1427 1852 Gu.
1442 1826 1471 1855 2.
1494 1839 1535 1844 -
1558 1822 1606 1857 23)
1625 1823 1728 1859 gratis
1744 1822 1773 1850 Z.
1797 1836 1838 1842 —
1861 1821 1905 1855 24)
1926 1823 2014 1860 signo
2031 1820 2103 1849 dato
2120 1822 2156 1850 al.

1207 1877 1263 1895 om.
1288 1883 1329 1888 —
1349 1865 1398 1907 25)
1421 1866 1469 1893 Sic
1484 1866 1515 1894 Z.
1533 1865 1589 1893 Gu.
1608 1868 1636 1895 1.
1656 1869 1684 1897 2.
1706 1865 1756 1893 Ar.
1776 1874 1836 1893 var.
1850 1864 1918 1893 lect.
1937 1875 1984 1903 ap.
2002 1863 2092 1893 Goth.
2115 1880 2157 1885 —

1774 1911 1810 1930 tat

1205 1941 1252 1982 ⁶26)
1271 1954 1398 1981 pugnae
1420 1953 1522 1970 comm.
1541 1942 1592 1970 Ar.
1615 1958 1656 1962 —
1679 1940 1724 1980 2³7)
1749 1943 1875 1979 receptio
1890 1939 1961 1979 (sie)
1986 1942 2081 1972 ΘΗΛ.
2096 1940 2115 1969 i.
2131 1951 2156 1970 e.

1205 1987 1375 2024 receplctlio,
1389 2001 1431 2008 —-
1453 1986 1501 2022 28)
1525 1983 1718 2012 desideratur
1730 1994 1777 2013 va.
1801 2001 1842 2005 —
1864 1982 1911 2023 29)
1933 1990 1960 2011 et
1977 1992 2022 2013 va.
2047 1999 2083 2004 —
2107 1982 2156 2022 30)

1202 2029 1249 2056 Sic
1264 2029 1296 2058 Z.
1315 2029 1370 2057 Gu.
1390 2031 1415 2060 1.
1434 2030 1463 2059 2.
1489 2038 1534 2066 pr.
1557 2038 1602 2056 va.
1626 2027 1675 2054 Ar.
1699 2043 1740 2048 —
1763 2028 1809 2062 31)
1836 2025 1977 2054 discissio
1994 2027 2025 2054 Z.
2041 2035 2087 2064 pr.
2108 2034 2157 2054 va.

1201 2087 1243 2092 —
1265 2070 1377 2099 divisio
1399 2070 1434 2098 al.
1456 2086 1497 2092 —
1528 2068 1574 2109 39)
1598 2075 1623 2097 εἰ
1642 2080 1698 2098 om.
1721 2070 1778 2098 Gu.
1801 2072 1829 2100 2.
1852 2085 1894 2091 —
1916 2069 1964 2102 33)
1987 2068 2102 2097 laboris
2124 2068 2155 2095 Ζ.

1203 2114 1300 2144 Gu.2.
1318 2114 1354 2142 al.
1377 2128 1419 2134 —-
1439 2111 1484 2151 34)
1509 2118 1534 2140 ct
1551 2114 1606 2140 Gu.
1622 2116 1650 2144 2.
1673 2129 1715 2133 —
1738 2114 1809 2140 item
1824 2112 1873 2140 Ar.
1895 2127 1938 2133 —
1959 2110 2009 2151 35)
2033 2116 2076 2138 est
2097 2120 2153 2139 om.

1202 2157 1233 2183 Z.
1258 2155 1286 2184 h.
1310 2156 1329 2184 1.
1353 2156 1427 2184 etin
1446 2154 1502 2183 fine
1520 2155 1649 2183 exhibet.
1675 2171 1714 2176 —
1745 2154 1791 2193 36)
1813 2160 1840 2182 et
1863 2156 1895 2181 in
1918 2153 1955 2182 al.
1979 2170 2021 2176 —
2054 2152 2100 2193 37)
2123 2153 2156 2181 in

1203 2209 1259 2228 om.
1280 2199 1309 2225 Z.
1323 2208 1369 2226 va.
1395 2213 1431 2218 —-
1456 2196 1506 2237 38)
1532 2199 1702 2235 Quis-ilium
1718 2198 1765 2228 Ar,
1791 2213 1826 2218 -
1851 2198 1897 2231 39)
1922 2207 1980 2235 quo
2004 2196 2086 2224 nulli
2109 2201 2154 2223 te-

1201 2247 1310 2269 nentur
1326 2241 1376 2269 Ar.
1401 2259 1438 2262 —
1461 2241 1508 2280 40)
1533 2240 1618 2279 quod
1632 2240 1668 2268 de
1685 2241 1724 2271 al.
1747 2255 1787 2262 —
1810 2239 1846 2267 al.
1860 2240 1890 2267 in
1909 2250 1968 2277 quo
1985 2241 2102 2278 agitur.
2115 2255 2151 2259 —

1201 2283 1247 2323 41)
1279 2284 1538 2322 usucapioneque,
1575 2295 1653 2322 quac
1678 2284 1708 2312 Z.
1740 2298 1781 2305 —-
1809 2280 1845 2309 de
1871 2293 1929 2310 usu
1957 2283 2154 2320 captionequae

2097 2326 2135 2347 vel

1200 2371 1248 2400 pr.
1263 2370 1309 2390 va.
1334 2377 1375 2382 —
1399 2359 1433 2388 de
1455 2371 1543 2388 sensu
1565 2360 1600 2388 de
1619 2360 1815 2399 captionibus
1836 2359 1892 2387 Gu.
1923 2363 1948 2390 1.
1973 2375 2012 2382 —
2035 2358 2072 2386 de
2095 2368 2152 2386 usu
