2255 2819
228 95 302 129 362

924 91 1101 126 lSlDORI
1127 89 1309 127 HISPAL.
1333 91 1477 126 EPISC.

226 188 309 222 Inde
337 186 380 220 ad
407 185 525 220 oculos
552 188 766 225 caeterosque
793 193 903 216 sensus
932 188 964 216 et
990 185 1142 218 membra
1169 185 1383 228 diffunditur,
1425 190 1455 218 et
1489 187 1602 220 calore
1629 199 1688 220 suo
1717 188 1759 220 ad
1795 199 1828 221 se
1856 198 1991 222 succum
2019 200 2059 221 ex
2090 189 2168 223 cibo

226 246 366 274 tractum
395 238 492 271 vertit
518 237 549 268 in
585 234 794 277 sanguinem,
838 246 937 277 quem
973 236 1016 268 ad
1052 248 1144 269 usum
1177 238 1338 282 pascendi
1373 237 1627 282 nutriendique¹
1657 240 1793 284 singulis
1828 240 1985 272 membris
2019 242 2169 284 praebet.

226 293 264 326 In
291 292 402 326 iecore
430 294 538 321 autem
566 282 730 329 persistit²
757 285 912 331 voluptas
939 292 971 320 et
998 289 1284 332 concupiscentia,
1313 290 1401 322 iuxta
1429 300 1505 332 eos,
1532 292 1589 334 qui
1618 291 1661 324 de
1688 291 1836 335 physicis
1864 291 2040 335 disputant.

392 340 474 372 126.

225 394 318 438 quasi
346 393 479 435 linguae
507 389 697 421 eminentes.

529 337 652 369 Fibrae
679 337 796 370 iecoris
822 343 895 370 sunt
922 340 1161 381 extremitates,
1188 342 1271 374 sicut
1294 346 1325 374 et
1336 338 1348 357 ²³
1376 346 1540 375 extremae
1567 348 1677 386 partes
1695 344 1853 376 soliorum
1881 343 1913 375 in
1941 343 2076 385 vitibus,
2102 343 2169 377 sive

750 389 864 423 Dictas
891 396 1000 424 autem
1028 389 1169 433 Iibras‘,
1196 393 1289 436 quod
1317 392 1406 436 apud
1434 394 1575 437 gentiles
1602 395 1634 427 in
1661 396 1760 429 sacris
1788 394 1831 427 ad
1859 394 1991 428 Phoebi
2018 406 2089 427 aras
2116 395 2169 428 fe-

225 447 379 479 rebantur
407 443 448 474 ab
476 441 629 482 hariolis,
657 441 774 483 quibus
801 442 921 475 oblatis
949 448 1047 486 atque
1074 445 1235 477 succensis
1262 455 1423 488 responsa
1450 446 1638 490 acciperent
1652 443 1673 479 ⁵.

389 492 474 528 127.

224 546 359 590 quidam
388 545 486 577 ctiam
514 544 595 576 risus
623 555 720 576 causa
747 545 871 578 factum
901 547 1094 581 existimant.

222 610 314 640 ηιιιε,
341 599 453 630 iecore
481 607 637 628 amamus.

527 493 633 536 Splen
661 490 792 526 dietus⁰
821 506 840 526 a
867 495 1120 539 supplemento,
1147 507 1187 528 ex
1215 496 1378 530 contraria
1395 502 1490 540 parte
1514 498 1647 539 iecoris,
1666 510 1706 531 ne
1724 508 1829 531 vacua
1847 495 2040 530 existeret':
2067 509 2167 541 quem

1154 548 1240 581 Nam
1276 548 1391 592 splene
1419 548 1579 589 ridemus,
1618 550 1698 582 felle
1725 550 1912 590 irascimur,
1948 549 2051 583 corde
2077 550 2167 595 sapi-

692 596 820 636 Quibus·
847 603 988 640 quatuor
1009 599 1179 631 elementis
1207 600 1427 632 constantibus
1454 600 1619 644 integrum
1647 606 1693 634 est
1720 601 1851 634 animal.

387 647 471 680 128.
524 647 586 680 Fel
613 648 839 692 appellatum,
868 650 959 692 quod
988 651 1026 682 sit
1053 650 1242 684 folliculus²³
1269 656 1401 696 gestans
1428 651 1623 693 humorem,
1658 653 1713 696 qui
1739 658 1876 686 vocatur
1903 651 1988 686 bilis.

322 699 524 733 Stomachus
551 699 683 732 Graece
711 710 746 732 os
774 706 929 742 vocatur,
958 713 999 734 eo
1027 702 1118 745 quod
1146 703 1263 735 ostirun
1289 703 1407 736 ventris
1434 704 1488 743 sit,
1525 709 1558 736 et
1589 701 1685 748 ipse⁹
1718 705 1830 737 cibum
1865 703 2026 747 excipiat,
2067 707 2168 746 atque

220 754 252 786 in
279 752 429 786 intestina
455 751 658 784 transmittat.

387 801 471 834 129.

524 802 679 834 Intestina
701 801 870 839 dicuntur,
899 814 939 836 eo
967 804 1058 846 quod
1085 805 1235 849 corporis
1264 805 1417 838 interiore
1430 801 1453 821 ¹⁰
1480 811 1576 850 parte
1597 805 1812 845 cohibentur,
1840 817 1924 848 quae
1950 804 2167 838 idcircolon-

221 856 274 900 gis
302 855 438 887 nexibus
466 854 497 885 in
526 853 724 886 circulorum
752 854 891 886 modum
919 856 1069 889 ordinata
1098 853 1222 899 suntu,
1250 862 1284 889 ut
1312 862 1479 901 susceptas
1509 870 1597 891 escas
1624 858 1785 902 paulatim
1813 857 1966 901 digerant
1978 853 2017 895 ¹²,
2053 861 2085 888 et
2111 867 2167 888 su-

220 905 404 951 peradditis
432 905 512 938 cibis
541 915 607 937 non
634 905 865 948 impediantur.

388 956 471 990 130.
526 955 707 990 Omentum
736 958 982 999 membranum,
1009 957 1102 1001 quod
1115 955 1138 974 ¹³
1165 958 1310 992 continet
1337 958 1560 991 intestinorum
1596 960 1756 993 maiorem
1783 963 1932 1004 partem,
1966 957 2058 1001 quod
2086 957 2165 993 ἐπί-

220 1003 367 1043 πλουνΗ
396 1007 519 1040 Graeci
548 1013 679 1042 vocant.

321 1059 512 1102 Disseptum
540 1060 746 1099 intestinum,
775 1060 868 1102 quod
896 1060 1050 1094 discernit
1077 1066 1224 1092 ventrem
1254 1065 1285 1093 et
1312 1065 1443 1093 caetera
1470 1061 1618 1094 intestina
1644 1074 1663 1094 a
1689 1062 1906 1106 pulmonibus
1931 1065 1963 1093 et
1980 1072 1998 1092 a
2017 1054 2165 1092 corde¹⁵.

386 1109 469 1143 131.

219 1163 363 1209 ἔντερον
376 1158 409 1196 ¹⁷.

524 1110 671 1157 Cae-cum
706 1110 919 1153 intestinum,

972 1111 1065 1155 quod
1100 1113 1140 1144 sit
1173 1113 1240 1144 sine
1274 1113 1436 1146 foramine
1471 1118 1503 1145 et
1539 1114 1645 1155 exitu,
1695 1111 1822 1156 quodffi
1863 1113 1987 1145 Graeci
2028 1107 2166 1157 τυφλόν

320 1209 506 1245 leiunum18
533 1218 632 1244 tenue
660 1213 865 1255 intestinum,
894 1213 982 1245 unde
1010 1217 1041 1245 et
1068 1213 1224 1245 ieiunium
1252 1213 1379 1246 dicitur.

383 1263 466 1295 132.
520 1263 644 1296 Venter
675 1269 786 1295 autem
814 1268 845 1296 et
873 1264 965 1296 alvus
995 1268 1026 1295 et
1054 1269 1163 1297 uterus
1191 1266 1275 1296 inter
1303 1276 1337 1296 se
1366 1263 1534 1296 differunt.

218 1314 279 1348 bos
307 1315 448 1359 digerit,
478 1319 509 1347 et
537 1320 679 1359 apparet
704 1316 920 1354 extrinsecus,
949 1312 1194 1359 pertinetquem

217 1378 279 1411 per
306 1372 412 1400 totum
441 1378 563 1410 corpus
591 1367 675 1399 vitae
703 1366 859 1399 alimenta
886 1367 1091 1399 transmittat.

383 1417 468 1451 133.

219 1469 338 1502 alvum
363 1469 533 1513 purgari.

219 1532 335 1555 corum
362 1521 520 1553 (lessuunt.

521 1419 625 1450 Alvus
657 1423 721 1459 est,
758 1415 879 1461 quae2¹2
921 1419 1033 1452 cibum
1069 1418 1204 1462 recipit,
1247 1423 1278 1450 et
1312 1418 1451 1462 purgari
1479 1418 1573 1452 solet.

586 1470 632 1501 Et
658 1474 797 1504 vocatur
822 1470 929 1509 alvus,
957 1470 1052 1513 quod
1080 1471 1252 1509 abluatur,
1282 1469 1316 1501 id
1344 1475 1390 1501 est
1413 1475 1586 1514 purgetur.

1595 1265 1719 1297 Venter
1747 1271 1812 1309 est,
1852 1265 1908 1308 qui
1936 1269 2093 1308 acceptos
2121 1264 2166 1296 ci-

1221 1328 1239 1348 a
1266 1321 1406 1360 pectore
1433 1312 1509 1347 ad²⁰
1537 1313 1717 1360 inguina²¹‚
1745 1321 1776 1349 et
1804 1317 1909 1348 dictus
1936 1320 2059 1357 venter,
2075 1314 2165 1358 quod

1641 1418 1801 1451 Salustius
1813 1415 1853 1450 23;
1897 1416 2075 1451 Simulrms
2101 1416 2167 1450 sibi

1640 1470 1691 1502 Ex
1711 1470 1783 1514 ipsa
1795 1467 1819 1486 ²³
1846 1469 1931 1502 enim
1953 1469 2070 1501 sordes
2082 1473 2166 1501 ster-

384 1571 467 1604 134.
523 1570 664 1604 Uterum
692 1572 783 1604 solae
812 1571 966 1604 mulieres
994 1571 1138 1611 habent,
1162 1573 1194 1604 in
1221 1583 1289 1614 quo
1317 1571 1527 1615 concipiunt,
1555 1570 1597 1602 ad
1618 1571 1864 1604 similitudinem
1886 1570 2050 1605 cauliculi.
2093 1571 2164 1603 Ta-

219 1634 295 1655 men
322 1628 474 1656 auctores
503 1627 632 1656 uterum
660 1634 723 1668 pro
752 1622 920 1666 utriusque
951 1635 1043 1656 sexus
1055 1620 1079 1639 ²5
1107 1628 1219 1656 ventre
1231 1621 1255 1639 ²¹⁸⁵
1282 1623 1482 1667 plerumque
1508 1626 1653 1666 ponunt,
1684 1633 1745 1655 nec
1772 1628 1893 1666 poetae
1921 1621 2164 1662 tantummodo,

220 1674 278 1706 sed
306 1679 337 1707 et
345 1671 369 1690 ²³
396 1675 526 1709 caeteri

308 1784 335 1815 1)
358 1781 586 1820 nntrr'enrllmlzlc
615 1793 659 1821 pr.
698 1801 727 1804 -
773 1782 803 1820 9)
828 1783 965 1810 emt-sixti!
996 1782 1044 1812 ΑΓ.
1069 1799 1107 1804 -
1140 1783 1168 1823 3)

223 1828 247 1850 c!
271 1823 370 1851 addidi
396 1835 409 1852 e
434 1827 530 1855 Gu.1.
546 1841 587 1846 —-·
609 1825 639 1861 4)
657 1826 704 1853 sic
722 1826 776 1853 Gu⁴
796 1829 820 1855 1.
842 1829 869 1856 2,
887 1826 922 1853 al.
938 1842 978 1847 —
996 1827 1107 1853 Dictae
1124 1849 1129 1854 .
1144 1849 1150 1855 .
1165 1849 1171 1854 .

214 1865 316 1903 fibrae
346 1866 425 1903 vulg.
469 1869 565 1905 Supra
596 1878 650 1906 pro
680 1870 712 1895 in
744 1868 856 1895 vitibus
886 1869 936 1896 Ar.
974 1870 1006 1896 ιἰι
1035 1869 1168 1905 intyba-9.

223 1924 257 1929 -.
279 1909 309 1944 5)
333 1916 506 1946 (temperant
533 1912 587 1938 Gu.
601 1912 628 1939 2.
650 1910 685 1938 al.
703 1921 747 1948 pr.
770 1927 812 1931 —
834 1909 864 1950 6)
888 1910 1004 1938 (lictum
1026 1912 1082 1939 Gu.
1106 1914 1169 1942 102.

225 1968 263 1972 -
286 1952 314 1983 7)
337 1950 384 1978 Sic
409 1951 463 1978 Gu-
482 1954 508 1981 l·
528 1953 555 1981 2.
574 1953 675 1979 Ar.—
700 1953 786 1990 vulg.
811 1955 974 1982 mista-ent.
997 1969 1039 1975 —
1062 1952 1091 1992 ὅ)
1103 1954 1171 1989 fisl-

225 1992 357 2019 [iculum
379 1992 414 2020 al.
435 2002 478 2030 pr.
501 2009 542 2014 —
572 1992 601 2033 9)
624 1995 672 2022 Sic
700 1996 756 2023 Gu„
773 1998 801 2026 2.
824 1996 861 2024 al.
883 2011 924 2018 -—
948 1998 1003 2032 sit,
1033 1997 1095 2034 ipse
1116 1996 1170 2023 cib.

225 2035 282 2062 Gu.
296 2038 321 2065 1.
340 2051 374 2055 -—-
399 2040 425 2061 ct
442 2035 541 2061 cibum
556 2036 635 2072 vulg.
652 2054 691 2059 ——-
718 2036 763 2077 10)
783 2040 920 2066 murita-i
943 2041 1037 2070 Gu.2.
1062 2053 1101 2060 ·-
1126 2038 1170 2077 11)

225 2077 274 2105 Sic
293 2077 347 2104 Gu.
360 2079 387 2107 1.
410 2093 452 2098 —-
474 2076 561 2114 Vulg.
579 2077 641 2105 ord.
658 2086 727 2106 sun!
752 2080 830 2109 morl.
853 2097 893 2102 —
920 2080 965 2119 1‘2)
983 2087 1103 2119 (gerant
1121 2081 1171 2110 Ar.

227 2138 264 2142 -
298 2117 343 2157 13)
367 2119 558 2155 membrana,
582 2130 659 2158 qaue
681 2122 717 2148 al.
742 2141 778 2144 —-
806 2122 850 2159 14)
874 2124 922 2151 Sic
944 2125 992 2152 Ar.
1017 2125 1073 2151 Gn.
1089 2126 1172 2154 2.-

228 2163 433 2196 ΘΙΤΗΛΟΝ,
472 2172 560 2200 snpra
591 2172 666 2190 vers.
699 2164 738 2191 al.
777 2167 958 2202 epitonia
995 2167 1050 2193 Gu.
1074 2168 1103 2196 3.
1130 2182 1173 2187 —-

227 2206 395 2233 eHJlko’rm
413 2205 539 2242 epitolm
560 2214 605 2242 pr.
619 2214 664 2232 va.
684 2223 720 2227 —
741 2205 883 2238 ἐπίπλοον
905 2209 986 2246 vulg.
1001 2224 1042 2230 -
1068 2208 1110 2245 15)
1125 2210 1173 2237 Sic

230 2246 287 2274 Gu.
303 2249 330 2278 2.
352 2246 402 2274 Ar.
424 2263 458 2267 —-
487 2257 505 2274 α
524 2247 723 2284 pufmonilms
752 2259 770 2274 α
789 2250 875 2277 corde
899 2251 955 2279 Gu.
971 2253 997 2281 1.
1019 2266 1060 2271 —-
1085 2251 1131 2278 vel
1153 2262 1173 2278 α

230 2287 318 2316 corde
337 2298 385 2327 pr.
413 2305 454 2310 —
476 2289 653 2327 aprclnzone
672 2290 720 2316 vel
741 2290 827 2318 corde
850 2293 929 2329 vulg,
952 2309 993 2314 —
1016 2291 1062 2332 16)
1086 2304 1172 2330 ‹sm-m

232 2332 288 2359 Gu.
310 2334 339 2362 2.
365 2346 407 2352 -
443 2334 486 2365 17)
516 2332 590 2359 ίίΙωι
615 2332 730 2359 enlicon
754 2333 809 2360 Gu.
829 2336 855 2363 Q.
883 2345 926 2372 pr.
950 2346 993 2363 va.
1021 2351 1061 2355 —-
1085 2336 1171 2373 Vulg.

1213 1782 1283 1811 add.
1306 1781 1428 1815 dicunt,
1453 1781 1532 1820 quod
1548 1792 1603 1811 om.
1624 1783 1681 1810 Gn.
1700 1785 1726 1813 1.
1742 1798 1783 1803 —
1810 1781 1852 1820 18)
1868 1782 1916 1809 Sic
1934 1781 1982 1809 Ar.
2001 1799 2038 1802 —
2056 1782 2161 1810 leiuna

1213 1826 1294 1863 vulg.
1312 1841 1353 1847 -—
1378 1827 1419 1859 19)
1436 1825 1484 1852 Sic
1503 1825 1559 1853 Gu.
1583 1828 1606 1855 1.
1621 1835 1665 1863 pr.
1677 1835 1722 1852 va.
1741 1825 1792 1853 Ar.
1810 1826 2066 1862 —pertingritque
2082 1825 2161 1862 vulg.

1217 1885 1252 1890 -—
1277 1870 1322 1905 ΞΟ)
1346 1878 1441 1905 usque
1464 1866 1507 1894 azl
1529 1867 1565 1895 al.
1589 1883 1629 1888 —
1653 1865 1702 1906 ⁸21)
1727 1868 1884 1905 inguinem
1908 1867 1964 1895 Gu.
1985 1870 2053 1898 1.2.
2071 1867 2163 1895 al.—

1214 1911 1262 1948 92)
1286 1912 1339 1949 qui
1363 1912 1418 1939 Gn.
1435 1912 1462 1940 2.
1486 1920 1531 1937 va.
1554 1925 1595 1930 -
1617 1911 1664 1946 23)
1680 1910 1776 1938 Locus
1800 1914 1843 1938 est
1866 1919 1903 1937 ex
1927 1909 2084 1948 deperdito
2108 1909 2162 1937 Sa·

1215 1953 1297 1982 lusui
1321 1962 1409 1991 opere
1432 1951 1633 1981 historiarum.
1657 1969 1696 1973 —-
1718 1953 1766 1988 24)
1791 1954 1856 1990 ipso
1879 1952 1916 1980 al.
1938 1968 1980 1973 -—
2002 1950 2049 1989 25)
2073 1957 2160 1979 utro-

1216 2007 1273 2034 que
1294 2006 1364 2023 sexa
1390 1995 1445 2022 Gu.
1467 1997 1492 2024 1.
1508 2010 1541 2015 ——
1565 2001 1647 2022 llltl‘o
1669 1995 1830 2022 cuiuslibet
1853 2004 1939 2022 sexus
1963 1994 2018 2022 Gu.
2043 1996 2070 2024 2.
2101 1994 2162 2021 Su-

1215 2049 1268 2077 pra
1291 2049 1345 2077 pro
1375 2037 1523 2064 cauliculi
1552 2037 1602 2068 Ar.
1635 2038 1765 2075 ειιζιειιῖί
1796 2055 1837 2058 -
1874 2037 1922 2073 26)
1944 2041 2074 2063 ventrem
2103 2036 2159 2064 Gu-

1218 2085 1241 2112 1.
1261 2085 1289 2112 2.
1312 2095 1354 2102 —-
1383 2082 1428 2113 27)
1452 2085 1478 2106 et
1501 2090 1560 2108 om.
1584 2081 1639 2107 Gu.
1656 2083 1682 2111 1.
1707 2097 1745 2101 --
1778 2078 1826 2118 28)
1849 2079 1887 2106 ab
1910 2084 2037 2117 utroque
2061 2078 2098 2106 al.
2118 2093 2161 2100 —-

1215 2124 1262 2159 29)
1285 2123 1333 2150 Sic
1357 2122 1412 2149 Gu.
1442 2125 1467 2152 1.
1493 2125 1520 2154 2.
1542 2133 1585 2160 pr.
1610 2132 1657 2150 va.
1681 2137 1723 2144 —-
1745 2120 1858 2150 dividit
1883 2122 1961 2158 vulg,
1985 2137 2027 2142 —
2054 2124 2103 2156 30)
2126 2122 2161 2148 in

1215 2165 1332 2193 diuerso
1359 2165 1413 2192 Gn.
1430 2166 1460 2194 2.
1488 2181 1525 2185 —
1550 2163 1598 2203 31)
1617 2165 1665 2193 Sic
1689 2165 1744 2193 Gu.
1763 2164 1836 2196 1.al.
1854 2181 1892 2185 -
1916 2164 2001 2201 Vulg.
2016 2163 2157 2200 replexae.

1215 2224 1257 2230 —-
1272 2206 1317 2245 32)
1334 2207 1381 2234 Sic
1403 2207 1458 2234 Gu.
1476 2210 1500 2237 1.
1516 2207 1554 2236 al.
1570 2223 1612 2229 —-
1626 2217 1774 2235 cornuum
1797 2206 1874 2244 vulg.
1896 2224 1929 2227 —
1962 2206 2010 2242 33)
2034 2205 2082 2233 Sic
2101 2204 2158 2232 Gu.

1217 2253 1243 2281 1.
1262 2250 1298 2278 al.
1314 2259 1358 2288 pr.
1375 2259 1420 2276 va.
1444 2250 1493 2277 Ar.
1511 2266 1552 2271 —
1569 2252 1751 2278 extrinsecus
1768 2249 1848 2286 vulg.
1865 2264 1906 2270 —
1927 2249 1972 2283 34)
1988 2247 2072 2284 vulg.
2088 2246 2156 2275 add.

1209 2294 1329 2330 foetus,
1353 2292 1434 2329 quod
1458 2303 1514 2320 orn.
1540 2293 1597 2321 Gu.
1624 2296 1650 2324 1.
1679 2310 1721 2314 -—
1755 2290 1801 2329 35)
1822 2293 1854 2319 m
1876 2301 1906 2317 eo
1930 2291 1985 2317 Gu.
2004 2291 2030 2319 1.
2046 2299 2091 2317 va.
2114 2305 2157 2310 ——-

1214 2335 1262 2373 36)
1285 2340 1449 2373 generalm-
1469 2335 1508 2363 al.
1531 2352 1573 2357 —
1601 2338 1647 2371 37)
1668 2345 1736 2363 eum
1758 2333 1826 2363 add.
1850 2334 1903 2362 Gu.
1925 2335 1949 2362 1.
1973 2346 2014 2353 —-
2040 2333 2088 2365 3⁸)
2107 2332 2156 2360 Sic
