2264 2830
834 96 1079 132 ORlGlNUM
1105 97 1249 133 LIBER
1276 99 1350 134 Vll.
1995 104 2068 138 223

286 190 343 223 33.
399 190 569 235 Sponsus,
595 191 671 234 quia
698 191 902 228 descendens
928 190 1007 227 de³⁸
1042 192 1158 236 coelo,
1191 193 1342 227 adhaesit
1368 194 1559 236 Ecclesiae,
1602 199 1638 229 ut
1663 206 1748 241 pace
1774 197 1850 229 novi
1879 201 2062 232 testamenti

117 248 223 276 essent
249 242 316 276 duo
341 242 372 275 in
401 253 499 275 carne
528 254 600 275 una.

282 293 341 327 3⁴.
397 294 546 338 Angelus
574 293 693 327 dicitur
720 301 860 340 propter
886 296 1171 329 annunciationem
1193 302 1352 341 paternae
1383 308 1422 331 ac
1450 308 1527 331 suae
1553 299 1736 333 voluntatis.
1790 298 1892 333 Unde
1914 306 1946 332 et
1968 302 2058 345 apud

116 345 321 391 Proplletam
354 346 479 389 magui
507 346 640 378 consilii
667 348 818 391 angelus
843 344 1017 393 legitur³⁷,
1044 347 1123 380 dum
1152 348 1191 380 sit
1217 349 1308 381 Deus
1335 353 1367 381 et
1395 349 1555 382 Dominus
1587 352 1797 395 angelorum.

280 397 340 431 35.
393 397 511 429 Missus
539 396 677 438 dicitur,
705 409 746 431 eo
775 400 867 442 quod
891 400 1047 444 apparuit
1074 399 1152 433 huic
1180 400 1305 433 mundo
1332 401 1483 434 Verbum
1511 412 1589 435 caro
1617 403 1763 444 sactum,
1798 402 1886 436 unde
1913 406 1945 435 et
1970 402 2058 435 idem

114 446 244 490 ‹licit³¹'¹,
272 449 357 493 Ego
389 459 412 481 a
437 448 548 481 Patre
575 450 684 492 exivi,
711 454 742 483 e!
770 452 847 484 veni
873 452 907 484 ἰιι
934 452 1027 484 hunc
1052 451 1231 487 mundum.

278 500 336 532 36.
392 500 506 532 Homo
533 505 642 533 autem
666 501 800 543 dicitur,
833 504 910 546 quia
931 508 1023 536 natus
1052 508 1108 536 est.

215 550 404 595 Propheta,
432 551 510 595 quia
536 552 645 585 sutura
672 555 841 587 revelavit.

214 603 399 643 Sacerdos,
426 603 504 646 quia
532 614 566 636 se
590 615 653 648 pro
681 606 775 639 nobis
796 606 939 639 hostiam
966 605 1087 639 obtulit
1097 601 1130 639 ³⁰.

214 655 349 695 Pastor,
377 655 454 697 quia
481 660 600 688 custos.

212 705 395 751 Magister,
428 707 505 750 quia
533 713 691 740 ostensor.

211 755 438 790 Nazairenus⁴⁰
463 769 542 790 vero
570 771 589 791 a
618 759 707 793 loco.

211 805 432 842 Nazaraeus⁴¹
462 821 480 841 a
508 811 644 853 merito,
678 809 713 843 id
741 815 790 842 est
816 814 962 850 sanctus,
990 810 1059 843 sive
1086 809 1245 850 mundus,
1273 808 1350 853 quia
1377 816 1555 854 peccatum
1577 822 1643 843 non
1670 811 1760 844 fecit.

272 860 332 893 37.
386 861 561 904 Siquidem
589 868 622 896 et
648 862 692 895 de
718 862 790 894 aliis
816 861 1025 894 inferioribus
1058 862 1158 895 rebus
1185 861 1355 895 nominum
1386 863 1513 906 species
1550 862 1593 895 ad
1628 874 1661 896 se
1687 862 1789 895 trahit
1818 861 1986 902 Christus,
2022 869 2055 895 ut

105 911 235 946 facilius
263 912 468 958 intelligatur
480 909 515 947 ⁴².

269 964 329 999 38.
383 965 510 998 Dicitur
536 969 647 998 autem
658 961 682 982 ⁴³
710 964 822 1004 Panis,
849 964 927 1008 quia
953 975 1042 998 caro.

208 1016 307 1057 vitis,
341 1016 417 1059 quia
439 1017 598 1061 sanguine
625 1016 728 1062 ipsius
755 1016 921 1061 redempti
947 1027 1069 1050 sumuS.

207 1067 307 1107 Flos,
332 1068 410 1111 quia
437 1068 572 1104 electus.

207 1119 285 1159 Via,
313 1120 391 1163 quia
418 1130 480 1164 per
501 1120 610 1164 ipsum
639 1119 681 1152 ad
709 1119 819 1152 Deum
845 1119 941 1152 imus.

205 1169 355 1213 Ostium,
384 1172 462 1214 quia
488 1183 550 1216 per
573 1171 682 1216 ipsum
710 1171 753 1204 ad
781 1171 890 1204 Deum
903 1167 928 1187 ⁴⁴
953 1166 1205 1215 ingrammi-⁴⁵.

204 1222 324 1263 Mons,
352 1223 430 1266 quia
457 1224 559 1256 sortis.

202 1273 322 1315 Petra,
355 1274 432 1317 quia
458 1275 597 1307 firmitas
625 1277 674 1306 est
694 1272 914 1307 credentium.

266 1324 324 1357 39.
376 1325 480 1369 Lapis
507 1325 692 1370 angularis,
719 1324 773 1357 vel
785 1320 810 1341 ⁴⁸
836 1323 914 1367 quia
928 1317 953 1338 ‘²²
981 1321 1066 1355 duos
1093 1316 1268 1366 parietes‘ffl
1295 1331 1315 1353 e
1341 1319 1471 1354 diverso
1485 1315 1524 1363 ⁴⁹,
1556 1319 1591 1352 id
1624 1315 1705 1353 est⁵⁰
1737 1319 1781 1353 de
1802 1318 2050 1354 circumcisione

101 1381 133 1409 et
160 1376 337 1421 praeputio
364 1377 530 1410 venientes
556 1377 588 1409 in
615 1387 715 1409 unam
742 1374 905 1409 fabricam
932 1373 1106 1408 Ecclesiae
1130 1373 1256 1418 iungit,
1287 1372 1344 1406 vel
1372 1372 1467 1416 quod
1495 1383 1616 1416 pacem
1643 1372 1676 1405 in
1701 1383 1736 1406 se
1762 1371 1890 1417 angelis
1924 1376 1956 1404 et
1982 1370 2049 1403 ho-

99 1427 241 1461 minibus
267 1424 390 1461 facit⁵¹.

265 1478 325 1513 40.
378 1479 481 1523 Lapis
512 1476 723 1518 offensionis,
757 1477 835 1520 quia
868 1475 1001 1509 veniens
1028 1474 1164 1508 humilis
1191 1473 1406 1507 offenderunt
1436 1474 1469 1506 in
1502 1484 1579 1506 eum
1612 1473 1776 1508 increduli
1809 1472 1981 1514 homines,
2018 1478 2049 1504 et

98 1529 206 1564 factus
226 1535 273 1563 est
299 1535 396 1574 petra
419 1529 585 1570 scandali,
615 1529 698 1562 sicut
721 1528 802 1562 dicit
827 1527 1010 1572 Apostolus
1021 1522 1061 1560 ⁵²:
1088 1525 1236 1559 Iudaeis
1262 1525 1404 1570 quidem
1429 1525 1652 1559 scandalum.

262 1588 324 1625 41.
378 1590 650 1624 Fundamentum
677 1592 788 1621 autem
811 1587 890 1621 ideo
917 1590 1073 1628 vocatur,
1100 1587 1180 1631 quia
1206 1585 1290 1620 fides
1309 1586 1342 1619 in
1369 1597 1410 1620 eo
1434 1581 1657 1620 firmissima-⁵³
1683 1587 1750 1625 est,
1776 1582 1830 1616 vel
1855 1582 1933 1626 quia
1948 1593 2046 1627 super

98 1651 174 1674 eum
198 1640 368 1676 catholica
394 1641 545 1676 Ecclesia
573 1644 761 1675 constructa
787 1644 845 1674 est.

261 1692 323 1728 42.
376 1694 464 1726 Nam
487 1692 640 1727 Christus
666 1696 699 1724 et
722 1687 875 1744 t'l-gnus⁵⁴
899 1700 964 1735 pro
990 1688 1187 1724 innocentia.

198 1748 232 1778 et
259 1744 341 1778 Ovis
361 1750 503 1790 propter
529 1743 722 1789 patientiam
732 1745 767 1776 ³³.

199 1800 233 1828 et
259 1796 354 1829 Aries
380 1801 520 1841 propter
545 1795 783 1842 principatum.

199 1852 232 1879 et
258 1847 399 1881 Hoedus
424 1852 566 1893 propter
591 1846 839 1880 similitudinem
866 1843 972 1879 carnis
998 1842 1141 1889 peccati.

95 1956 145 1993 31)
169 1954 244 1983 dicit
266 1966 323 1985 om.
341 1955 373 1985 Z.
419 1956 516 1985 Locus
546 1961 590 1985 est
612 1966 627 1987 e
652 1958 668 1988 1
692 1955 748 1995 Ep.
772 1953 892 1984 Iohann.
910 1956 940 1991 2,
959 1953 987 1984 5.
1006 1969 1043 1975 —-
1088 1965 1129 1974 —
1151 1948 1199 1990 44)
1217 1949 1261 1979 ad
1281 1952 1450 1980 Dominum
1474 1949 1511 1979 al.
1538 1966 1569 1971 -
1597 1949 1648 1987 45)
1668 1947 1859 1988 ingredimus
1878 1947 1914 1977 al.
1928 1961 1969 1969 -··
1991 1950 2038 1984 46)

95 2000 139 2033 32)
164 1998 251 2036 Vulg.
268 2004 295 2026 et
318 1998 408 2034 add.‚
434 1999 515 2037 quod
538 2009 595 2029 om.
613 1999 669 2028 Gu.
689 2002 715 2031 1.
741 2014 774 2018 >—
807 1995 853 2037 33)
877 2007 975 2024 meum
996 1995 1046 2024 ad-
1088 1993 1134 2023 vel
1154 2003 1211 2024 om.
1236 1993 1268 2024 Z.
1291 2011 1330 2016 -
1363 1992 1410 2034 47)
1434 1994 1510 2032 quia
1532 2002 1590 2022 om.
1617 1992 1674 2021 Gu.
1694 1995 1722 2023 1.
1743 2005 1787 2014 -
1814 1989 1861 2029 48)
1883 2001 1940 2029 per
1961 1988 2039 2018 dicos

95 2040 159 2070 didi
182 2051 197 2071 e
221 2042 278 2071 Gn.
292 2044 320 2074 1.
339 2043 368 2072 2.
404 2041 500 2070 Locus
523 2046 567 2071 est
589 2042 700 2079 Evang.
723 2040 786 2069 Ioh.
806 2039 853 2076 14,
873 2041 920 2070 16.
936 2055 978 2061 —
995 2035 1044 2077 34)
1082 2047 1153 2076 par.
1177 2036 1210 2066 Z.
1236 2053 1273 2058 —
1296 2036 1345 2074 49)
1369 2047 1389 2064 α
1413 2035 1533 2064 diverso
1558 2035 1615 2063 Gu.
1631 2037 1660 2066 2.
1683 2049 1727 2057 —
1756 2034 1801 2071 60)
1824 2031 1860 2060 id
1881 2038 1924 2061 est
1936 2032 2036 2062 addidi

94 2083 175 2112 tdem
193 2084 243 2113 Ar.
267 2100 304 2105 —
329 2082 377 2123 35)
400 2094 528 2112 causam
552 2082 581 2112 h.
602 2083 621 2112 l.
647 2088 676 2113 et
697 2088 800 2123 postea
823 2082 854 2112 Z.
878 2098 920 2103 —
942 2078 990 2120 36)
1010 2079 1046 2109 de
1088 2089 1103 2108 e
1120 2079 1152 2109 Z.
1178 2079 1235 2108 Gu.
1259 2081 1285 2110 1.
1305 2081 1334 2111 2.
1357 2076 1418 2118 (de
1435 2076 1512 2119 om.)
1535 2078 1583 2107 Ar.
1601 2087 1648 2105 va.
1673 2091 1715 2099 —-·
1741 2078 1786 2112 51)
1806 2076 1861 2115 qui
1885 2081 1911 2103 et
1928 2085 2035 2114 pacem

95 2137 149 2165 pro
164 2138 178 2155 e
193 2126 250 2155 Gu.
266 2130 294 2159 1.
313 2128 342 2157 2.
370 2141 404 2147 -
430 2127 479 2163 37)
497 2125 612 2154 dicitur
626 2126 664 2155 al.
709 2126 805 2155 Locus
831 2128 873 2154 est
896 2134 943 2163 ap.
958 2122 1043 2153 Iesai.
1086 2122 1164 2150 inter
1188 2121 1313 2161 angelos
1336 2127 1362 2149 et
1384 2121 1519 2150 homines
1537 2121 1626 2159 facit
1649 2119 1706 2147 Gu.
1722 2121 1752 2151 2.
1773 2119 1905 2156 —fecit
1921 2127 1968 2147 va.
1997 2132 2033 2140 -·-

93 2172 123 2206 9,
148 2171 177 2201 6.
202 2184 239 2190 —
268 2168 317 2208 38)
341 2169 439 2197 Locus
462 2173 506 2197 est
525 2168 555 2196 in
577 2168 689 2206 Evang.
712 2168 838 2197 Iohann.
863 2168 911 2203 16,
931 2169 981 2198 27.
1004 2183 1042 2188 —-
1086 2165 1134 2201 5⁹2)
1151 2165 1248 2194 Locus
1272 2170 1315 2194 est
1337 2165 1368 2194 in
1393 2167 1408 2196 1
1429 2162 1482 2204 Ep.
1498 2163 1535 2193 ad
1550 2161 1683 2192 Corinth-
1703 2162 1794 2199 1,23·
1816 2177 1856 2183 --
1881 2159 2033 2201 53)firma

93 2215 142 2248 39)
171 2212 220 2240 Sic
242 2211 299 2240 Gn.
324 2214 351 2242 1.
371 2228 413 2233 —
437 2210 523 2248 Vulg.
548 2212 624 2249 quia
648 2221 707 2249 pro
735 2211 822 2240 nobis
848 2210 981 2238 hostiam
1012 2218 1043 2236 se
1087 2206 1182 2239 Gu.2.
1213 2224 1256 2230 —
1278 2207 1324 2247 54)
1342 2207 1391 2236 Sic
1408 2207 1465 2236 Gu.
1486 2209 1512 2239 1.
1539 2222 1575 2228 —
1598 2205 1684 2242 vulg.
1708 2202 1769 2233 Sed
1789 2208 1817 2231 et
1841 2201 1908 2233 Glzr.
1924 2212 2029 2240 agnus.

96 2254 215 2283 obtulit.
233 2270 274 2277 —-
294 2253 325 2282 Ζ,
344 2255 420 2292 quia
444 2264 502 2292 pro
531 2253 619 2281 nobi-5·
649 2253 818 2282 immolavit
848 2264 878 2280 se
900 2252 1041 2279 hostiam.
1085 2264 1123 2271 —
1140 2251 1172 2279 Z.
1189 2250 1246 2279 Gu.
1262 2252 1290 2281 2.
1303 2261 1348 2289 pr.
1361 2261 1407 2280 va.
1425 2251 1474 2280 Ar.
1511 2247 1594 2278 Nam
1611 2253 1638 2276 et
1662 2245 1733 2277 Chr.
1756 2256 1866 2285 agnus.
1914 2246 1961 2272 Sic
1975 2253 2029 2271 uu-

93 2312 134 2320 -
152 2298 209 2327 Gu.
228 2299 258 2328 2.
283 2296 332 2325 Ar.
352 2297 427 2334 qnia
447 2306 503 2333 pro
525 2295 611 2324 nohis
634 2306 664 2323 se
696 2295 828 2324 hostiam
856 2294 976 2323 obtulit.
1000 2310 1039 2314 —
1084 2302 1141 2330 que
1163 2293 1200 2321 ud
1222 2294 1356 2333 Aquila:
1381 2299 1408 2322 et
1431 2292 1555 2330 singulis
1579 2289 1750 2320 nominibus
1778 2287 1973 2328 praeponitur
1993 2284 2028 2312 ab

91 2340 165 2368 tulit
183 2339 276 2369 al.-
298 2337 344 2377 40)
363 2339 542 2367 Nazaraeus
556 2338 605 2366 Ar.
626 2338 719 2370 Gu.2.
740 2354 776 2359 —
799 2336 845 2377 41)
864 2338 1040 2367 IVazoraeuS
1082 2335 1220 2365 omnibus
1249 2335 1335 2366 codd.
1367 2340 1395 2366 et
1423 2335 1508 2366 editt„
1537 2343 1582 2374 pr.
1603 2340 1648 2363 va.
1675 2349 1713 2356 -·
1745 2332 1795 2368 55)
1818 2340 1877 2369 pro
1900 2329 2023 2368 patien-

93 2383 144 2414 Ar.
160 2397 194 2403 —
220 2382 268 2419 42)
283 2381 437 2421 intelligat
453 2381 492 2411 al.
511 2398 548 2403 —
572 2379 621 2420 43)
635 2380 683 2409 Sic
700 2380 756 2410 Gu.
774 2382 803 2414 1.
821 2397 853 2402 -
872 2381 950 2410 enim
959 2378 1038 2419 vulg.
1077 2380 1125 2409 tia
1146 2378 1183 2410 al.
