<?xml version="1.0" encoding="UTF-8"?>
<!DOCTYPE html PUBLIC "-//W3C//DTD XHTML 1.0 Transitional//EN"
    "http://www.w3.org/TR/xhtml1/DTD/xhtml1-transitional.dtd">
<html xmlns="http://www.w3.org/1999/xhtml" xml:lang="en" lang="en">
 <head>
  <title>
</title>
<meta http-equiv="Content-Type" content="text/html;charset=utf-8" />
  <meta name='ocr-system' content='tesseract 3.04.00' />
  <meta name='ocr-capabilities' content='ocr_page ocr_carea ocr_par ocr_line ocrx_word'/>
</head>
<body>
  <div class='ocr_page' id='page_1' title='image "./corpusgrammatico03linduoft_0104.png"; bbox 0 0 2203 2829; ppageno 0'>
   <div class='ocr_carea' id='block_1_1' title="bbox 201 110 1446 162">
    <p class='ocr_par' dir='ltr' id='par_1_1' title="bbox 201 110 1446 162">
     <span class='ocr_line' id='line_1_1' title="bbox 201 110 1446 162; baseline 0 -13"><span class='ocrx_word' id='word_1_1' title='bbox 201 127 252 162; x_wconf 72' lang='lat'><strong>33</strong></span> <span class='ocrx_word' id='word_1_2' title='bbox 897 113 1075 150; x_wconf 86' lang='lat' dir='ltr'><strong>lSIDORI</strong></span> <span class='ocrx_word' id='word_1_3' title='bbox 1101 110 1279 148; x_wconf 87' lang='lat' dir='ltr'><strong>HlSPAL.</strong></span> <span class='ocrx_word' id='word_1_4' title='bbox 1302 113 1446 149; x_wconf 90' lang='lat' dir='ltr'><strong>EPISC.</strong></span> 
     </span>
    </p>
   </div>
   <div class='ocr_carea' id='block_1_2' title="bbox 205 205 2145 466">
    <p class='ocr_par' dir='ltr' id='par_1_2' title="bbox 205 205 2144 367">
     <span class='ocr_line' id='line_1_2' title="bbox 366 205 2143 255; baseline 0 -10"><span class='ocrx_word' id='word_1_5' title='bbox 366 215 400 249; x_wconf 81' lang='grc'><strong>2,</strong></span> <span class='ocrx_word' id='word_1_6' title='bbox 451 209 634 245; x_wconf 86' lang='lat' dir='ltr'><strong>Dialectica</strong></span> <span class='ocrx_word' id='word_1_7' title='bbox 661 205 847 251; x_wconf 82' lang='lat' dir='ltr'><strong>siquidem¹</strong></span> <span class='ocrx_word' id='word_1_8' title='bbox 875 208 919 241; x_wconf 88' lang='lat' dir='ltr'><strong>ad</strong></span> <span class='ocrx_word' id='word_1_9' title='bbox 949 207 1155 241; x_wconf 80' lang='lat' dir='ltr'><strong>disserendas</strong></span> <span class='ocrx_word' id='word_1_10' title='bbox 1185 219 1237 241; x_wconf 84' lang='lat' dir='ltr'><strong>res</strong></span> <span class='ocrx_word' id='word_1_11' title='bbox 1271 209 1399 242; x_wconf 83' lang='lat' dir='ltr'><strong>acutior</strong></span> <span class='ocrx_word' id='word_1_12' title='bbox 1409 206 1432 244; x_wconf 83' lang='lat'><strong>².</strong></span> <span class='ocrx_word' id='word_1_13' title='bbox 1485 209 1672 244; x_wconf 80' lang='lat' dir='ltr'><strong>Rhetorica</strong></span> <span class='ocrx_word' id='word_1_14' title='bbox 1705 210 1749 244; x_wconf 88' lang='lat' dir='ltr'><strong>ad</strong></span> <span class='ocrx_word' id='word_1_15' title='bbox 1778 211 1855 253; x_wconf 87' lang='lat' dir='ltr'><strong>illa,</strong></span> <span class='ocrx_word' id='word_1_16' title='bbox 1904 222 1990 255; x_wconf 85' lang='lat' dir='ltr'><strong>quae</strong></span> <span class='ocrx_word' id='word_1_17' title='bbox 2023 212 2143 253; x_wconf 83' lang='lat' dir='ltr'><strong>nititur,</strong></span> 
     </span>
     <span class='ocr_line' id='line_1_3' title="bbox 205 259 2144 307; baseline -0.004 -2"><span class='ocrx_word' id='word_1_18' title='bbox 205 263 381 304; x_wconf 80' lang='lat' dir='ltr'><strong>docenda³</strong></span> <span class='ocrx_word' id='word_1_19' title='bbox 406 263 589 298; x_wconf 83' lang='lat' dir='ltr'><strong>facundior.</strong></span> <span class='ocrx_word' id='word_1_20' title='bbox 641 260 705 292; x_wconf 82' lang='lat' dir='ltr'><strong>Illa</strong></span> <span class='ocrx_word' id='word_1_21' title='bbox 731 260 775 292; x_wconf 89' lang='lat' dir='ltr'><strong>ad</strong></span> <span class='ocrx_word' id='word_1_22' title='bbox 801 259 935 293; x_wconf 81' lang='lat' dir='ltr'><strong>scholas</strong></span> <span class='ocrx_word' id='word_1_23' title='bbox 963 271 1199 303; x_wconf 85' lang='lat' dir='ltr'><strong>nonnunquam</strong></span> <span class='ocrx_word' id='word_1_24' title='bbox 1226 260 1331 293; x_wconf 85' lang='lat' dir='ltr'><strong>venit:</strong></span> <span class='ocrx_word' id='word_1_25' title='bbox 1352 261 1412 294; x_wconf 81' lang='lat' dir='ltr'><strong>ista</strong></span> <span class='ocrx_word' id='word_1_26' title='bbox 1438 261 1560 306; x_wconf 82' lang='lat' dir='ltr'><strong>iugiter</strong></span> <span class='ocrx_word' id='word_1_27' title='bbox 1585 263 1741 307; x_wconf 82' lang='lat' dir='ltr'><strong>procedit</strong></span> <span class='ocrx_word' id='word_1_28' title='bbox 1766 263 1799 296; x_wconf 90' lang='lat' dir='ltr'><strong>in</strong></span> <span class='ocrx_word' id='word_1_29' title='bbox 1825 263 1946 296; x_wconf 82' lang='lat' dir='ltr'><strong>forum.</strong></span> <span class='ocrx_word' id='word_1_30' title='bbox 1999 263 2062 295; x_wconf 91' lang='lat' dir='ltr'><strong>llla</strong></span> <span class='ocrx_word' id='word_1_31' title='bbox 2090 275 2144 297; x_wconf 90' lang='lat' dir='ltr'><strong>re-</strong></span> 
     </span>
     <span class='ocr_line' id='line_1_4' title="bbox 205 309 1300 367; baseline -0.011 -11"><span class='ocrx_word' id='word_1_32' title='bbox 205 322 304 367; x_wconf 88' lang='lat' dir='ltr'><strong>quirit</strong></span> <span class='ocrx_word' id='word_1_33' title='bbox 329 317 507 352; x_wconf 81' lang='lat' dir='ltr'><strong>rarissimos</strong></span> <span class='ocrx_word' id='word_1_34' title='bbox 532 312 708 345; x_wconf 79' lang='lat' dir='ltr'><strong>studiosos:</strong></span> <span class='ocrx_word' id='word_1_35' title='bbox 736 309 844 345; x_wconf 76' lang='lat' dir='ltr'><strong>haec⁴¹</strong></span> <span class='ocrx_word' id='word_1_36' title='bbox 869 312 1060 355; x_wconf 84' lang='lat' dir='ltr'><strong>frequenter</strong></span> <span class='ocrx_word' id='word_1_37' title='bbox 1088 317 1120 344; x_wconf 90' lang='lat' dir='ltr'><strong>et</strong></span> <span class='ocrx_word' id='word_1_38' title='bbox 1143 312 1300 355; x_wconf 79' lang='lat' dir='ltr'><strong>populos.</strong></span> 
     </span>
    </p>

    <p class='ocr_par' dir='ltr' id='par_1_3' title="bbox 207 360 2145 466">
     <span class='ocr_line' id='line_1_5' title="bbox 370 360 2145 410; baseline -0.001 -11"><span class='ocrx_word' id='word_1_39' title='bbox 370 369 403 402; x_wconf 85' lang='lat'><strong>3.</strong></span> <span class='ocrx_word' id='word_1_40' title='bbox 454 366 570 399; x_wconf 83' lang='lat' dir='ltr'><strong>Solent</strong></span> <span class='ocrx_word' id='word_1_41' title='bbox 594 368 704 395; x_wconf 87' lang='lat' dir='ltr'><strong>autem</strong></span> <span class='ocrx_word' id='word_1_42' title='bbox 731 363 932 408; x_wconf 82' lang='lat' dir='ltr'><strong>Philosophi</strong></span> <span class='ocrx_word' id='word_1_43' title='bbox 960 368 1136 407; x_wconf 79' lang='lat' dir='ltr'><strong>antequam</strong></span> <span class='ocrx_word' id='word_1_44' title='bbox 1164 363 1208 395; x_wconf 86' lang='lat' dir='ltr'><strong>ad</strong></span> <span class='ocrx_word' id='word_1_45' title='bbox 1235 363 1399 408; x_wconf 85' lang='lat' dir='ltr'><strong>isagogen</strong></span> <span class='ocrx_word' id='word_1_46' title='bbox 1421 360 1575 397; x_wconf 80' lang='lat' dir='ltr'><strong>veniant⁵</strong></span> <span class='ocrx_word' id='word_1_47' title='bbox 1602 362 1876 410; x_wconf 76' lang='lat' dir='ltr'><strong>exponendam⁵,</strong></span> <span class='ocrx_word' id='word_1_48' title='bbox 1910 365 2145 399; x_wconf 85' lang='lat' dir='ltr'><strong>diffinitionem</strong></span> 
     </span>
     <span class='ocr_line' id='line_1_6' title="bbox 207 414 1809 466; baseline -0.006 -7"><span class='ocrx_word' id='word_1_49' title='bbox 207 421 447 466; x_wconf 82' lang='lat' dir='ltr'><strong>Philosophiae</strong></span> <span class='ocrx_word' id='word_1_50' title='bbox 474 414 663 456; x_wconf 76' lang='lat' dir='ltr'><strong>ostendere,</strong></span> <span class='ocrx_word' id='word_1_51' title='bbox 690 425 758 458; x_wconf 87' lang='lat' dir='ltr'><strong>quo</strong></span> <span class='ocrx_word' id='word_1_52' title='bbox 785 415 914 449; x_wconf 78' lang='lat' dir='ltr'><strong>facilius</strong></span> <span class='ocrx_word' id='word_1_53' title='bbox 941 427 1001 456; x_wconf 87' lang='lat' dir='ltr'><strong>ea,</strong></span> <span class='ocrx_word' id='word_1_54' title='bbox 1035 426 1121 459; x_wconf 83' lang='lat' dir='ltr'><strong>quae</strong></span> <span class='ocrx_word' id='word_1_55' title='bbox 1149 414 1192 446; x_wconf 90' lang='lat' dir='ltr'><strong>ad</strong></span> <span class='ocrx_word' id='word_1_56' title='bbox 1222 426 1296 447; x_wconf 87' lang='lat' dir='ltr'><strong>eam</strong></span> <span class='ocrx_word' id='word_1_57' title='bbox 1318 416 1502 459; x_wconf 80' lang='lat' dir='ltr'><strong>pertinent,</strong></span> <span class='ocrx_word' id='word_1_58' title='bbox 1532 415 1809 451; x_wconf 78' lang='lat' dir='ltr'><strong>demonstrentur.</strong></span> 
     </span>
    </p>
   </div>
   <div class='ocr_carea' id='block_1_3' title="bbox 569 515 1778 563">
    <p class='ocr_par' dir='ltr' id='par_1_4' title="bbox 569 515 1778 563">
     <span class='ocr_line' id='line_1_7' title="bbox 569 515 1778 563; baseline 0.002 -13"><span class='ocrx_word' id='word_1_59' title='bbox 569 516 600 550; x_wconf 88' lang='lat' dir='ltr'>C</span> <span class='ocrx_word' id='word_1_60' title='bbox 625 516 657 550; x_wconf 91' lang='lat' dir='ltr'>A</span> <span class='ocrx_word' id='word_1_61' title='bbox 683 517 720 550; x_wconf 86' lang='lat' dir='ltr'><strong>P.</strong></span> <span class='ocrx_word' id='word_1_62' title='bbox 773 517 895 551; x_wconf 88' lang='lat' dir='ltr'>XXIV.</span> <span class='ocrx_word' id='word_1_63' title='bbox 974 517 1040 551; x_wconf 86' lang='lat' dir='ltr'><strong>De</strong></span> <span class='ocrx_word' id='word_1_64' title='bbox 1078 515 1371 562; x_wconf 72' lang='lat' dir='ltr'><strong>diffinitione</strong></span> <span class='ocrx_word' id='word_1_65' title='bbox 1411 515 1778 563; x_wconf 77' lang='lat' dir='ltr'><strong>Philosophiae⁷.</strong></span> 
     </span>
    </p>
   </div>
   <div class='ocr_carea' id='block_1_4' title="bbox 204 599 2145 697">
    <p class='ocr_par' dir='ltr' id='par_1_5' title="bbox 204 599 2145 697">
     <span class='ocr_line' id='line_1_8' title="bbox 368 599 2145 647; baseline -0.001 -11"><span class='ocrx_word' id='word_1_66' title='bbox 368 604 400 637; x_wconf 94' lang='lat' dir='ltr'><strong>l.</strong></span> <span class='ocrx_word' id='word_1_67' title='bbox 454 601 687 647; x_wconf 71' lang='lat' dir='ltr'><strong>Philosophia</strong></span> <span class='ocrx_word' id='word_1_68' title='bbox 711 606 757 634; x_wconf 77' lang='lat' dir='ltr'><strong>est</strong></span> <span class='ocrx_word' id='word_1_69' title='bbox 783 613 892 635; x_wconf 87' lang='lat' dir='ltr'><strong>rerum</strong></span> <span class='ocrx_word' id='word_1_70' title='bbox 919 600 1141 635; x_wconf 88' lang='lat' dir='ltr'><strong>humanarum</strong></span> <span class='ocrx_word' id='word_1_71' title='bbox 1169 601 1422 644; x_wconf 86' lang='lat' dir='ltr'><strong>divinarumque</strong></span> <span class='ocrx_word' id='word_1_72' title='bbox 1450 601 1598 646; x_wconf 77' lang='lat' dir='ltr'><strong>cognitio</strong></span> <span class='ocrx_word' id='word_1_73' title='bbox 1630 613 1705 635; x_wconf 90' lang='lat' dir='ltr'><strong>cum</strong></span> <span class='ocrx_word' id='word_1_74' title='bbox 1733 603 1841 636; x_wconf 81' lang='lat' dir='ltr'><strong>studio</strong></span> <span class='ocrx_word' id='word_1_75' title='bbox 1871 604 1958 637; x_wconf 89' lang='lat' dir='ltr'><strong>bene</strong></span> <span class='ocrx_word' id='word_1_76' title='bbox 1992 599 2145 636; x_wconf 61' lang='lat' dir='ltr'><strong>vivendifl</strong></span> 
     </span>
     <span class='ocr_line' id='line_1_9' title="bbox 204 650 1743 697; baseline -0.003 -4"><span class='ocrx_word' id='word_1_77' title='bbox 204 660 386 696; x_wconf 86' lang='lat' dir='ltr'><strong>coniuncta.</strong></span> <span class='ocrx_word' id='word_1_78' title='bbox 437 650 556 687; x_wconf 75' lang='lat' dir='ltr'><strong>Haec⁹</strong></span> <span class='ocrx_word' id='word_1_79' title='bbox 584 654 714 686; x_wconf 86' lang='lat' dir='ltr'><strong>duabus</strong></span> <span class='ocrx_word' id='word_1_80' title='bbox 742 664 782 686; x_wconf 78' lang='lat' dir='ltr'><strong>ex</strong></span> <span class='ocrx_word' id='word_1_81' title='bbox 807 654 905 686; x_wconf 78' lang='lat' dir='ltr'><strong>rebus</strong></span> <span class='ocrx_word' id='word_1_82' title='bbox 932 660 1082 687; x_wconf 67' lang='lat' dir='ltr'><strong>constare</strong></span> <span class='ocrx_word' id='word_1_83' title='bbox 1109 654 1258 694; x_wconf 88' lang='lat' dir='ltr'><strong>videtur,</strong></span> <span class='ocrx_word' id='word_1_84' title='bbox 1285 654 1421 687; x_wconf 80' lang='lat' dir='ltr'><strong>scientia</strong></span> <span class='ocrx_word' id='word_1_85' title='bbox 1448 659 1480 686; x_wconf 90' lang='lat' dir='ltr'><strong>et</strong></span> <span class='ocrx_word' id='word_1_86' title='bbox 1507 653 1697 697; x_wconf 85' lang='lat' dir='ltr'><strong>opinatione</strong></span> <span class='ocrx_word' id='word_1_87' title='bbox 1711 651 1743 688; x_wconf 85' lang='lat'><strong>¹⁰.</strong></span> 
     </span>
    </p>
   </div>
   <div class='ocr_carea' id='block_1_5' title="bbox 202 713 2145 1171">
    <p class='ocr_par' dir='ltr' id='par_1_6' title="bbox 202 713 2145 1016">
     <span class='ocr_line' id='line_1_10' title="bbox 371 713 2145 758; baseline -0.001 -10"><span class='ocrx_word' id='word_1_88' title='bbox 371 715 404 748; x_wconf 82' lang='lat'><strong>2.</strong></span> <span class='ocrx_word' id='word_1_89' title='bbox 458 715 603 747; x_wconf 76' lang='lat' dir='ltr'><strong>scientia</strong></span> <span class='ocrx_word' id='word_1_90' title='bbox 631 718 694 754; x_wconf 77' lang='lat' dir='ltr'><strong>est,</strong></span> <span class='ocrx_word' id='word_1_91' title='bbox 723 726 798 748; x_wconf 91' lang='lat' dir='ltr'><strong>cum</strong></span> <span class='ocrx_word' id='word_1_92' title='bbox 826 726 876 746; x_wconf 78' lang='lat' dir='ltr'><strong>res</strong></span> <span class='ocrx_word' id='word_1_93' title='bbox 904 714 1015 757; x_wconf 88' lang='lat' dir='ltr'><strong>aliqua</strong></span> <span class='ocrx_word' id='word_1_94' title='bbox 1042 718 1132 748; x_wconf 88' lang='lat' dir='ltr'><strong>certa</strong></span> <span class='ocrx_word' id='word_1_95' title='bbox 1161 713 1287 746; x_wconf 88' lang='lat' dir='ltr'><strong>ratione</strong></span> <span class='ocrx_word' id='word_1_96' title='bbox 1320 713 1522 757; x_wconf 84' lang='lat' dir='ltr'><strong>percipitur;</strong></span> <span class='ocrx_word' id='word_1_97' title='bbox 1556 714 1704 758; x_wconf 80' lang='lat' dir='ltr'><strong>opinatio</strong></span> <span class='ocrx_word' id='word_1_98' title='bbox 1739 719 1865 756; x_wconf 85' lang='lat' dir='ltr'><strong>autem,</strong></span> <span class='ocrx_word' id='word_1_99' title='bbox 1900 725 1977 747; x_wconf 90' lang='lat' dir='ltr'><strong>cum</strong></span> <span class='ocrx_word' id='word_1_100' title='bbox 2003 725 2055 747; x_wconf 85' lang='lat' dir='ltr'><strong>res</strong></span> <span class='ocrx_word' id='word_1_101' title='bbox 2082 714 2145 746; x_wconf 89' lang='lat' dir='ltr'><strong>ad—</strong></span> 
     </span>
     <span class='ocr_line' id='line_1_11' title="bbox 203 763 2144 809; baseline -0.001 -9"><span class='ocrx_word' id='word_1_102' title='bbox 203 771 270 803; x_wconf 89' lang='lat' dir='ltr'><strong>huc</strong></span> <span class='ocrx_word' id='word_1_103' title='bbox 296 763 454 801; x_wconf 81' lang='lat' dir='ltr'><strong>incerta¹¹</strong></span> <span class='ocrx_word' id='word_1_104' title='bbox 482 766 563 798; x_wconf 88' lang='lat' dir='ltr'><strong>latet</strong></span> <span class='ocrx_word' id='word_1_105' title='bbox 587 770 619 798; x_wconf 86' lang='lat' dir='ltr'><strong>et</strong></span> <span class='ocrx_word' id='word_1_106' title='bbox 652 766 743 798; x_wconf 88' lang='lat' dir='ltr'><strong>nulla</strong></span> <span class='ocrx_word' id='word_1_107' title='bbox 769 766 896 798; x_wconf 89' lang='lat' dir='ltr'><strong>ratione</strong></span> <span class='ocrx_word' id='word_1_108' title='bbox 924 763 1054 798; x_wconf 71' lang='lat' dir='ltr'><strong>firma12</strong></span> <span class='ocrx_word' id='word_1_109' title='bbox 1088 765 1235 805; x_wconf 76' lang='lat' dir='ltr'><strong>videtur,</strong></span> <span class='ocrx_word' id='word_1_110' title='bbox 1265 770 1383 809; x_wconf 88' lang='lat' dir='ltr'><strong>utputa</strong></span> <span class='ocrx_word' id='word_1_111' title='bbox 1413 765 1465 797; x_wconf 82' lang='lat' dir='ltr'><strong>sol</strong></span> <span class='ocrx_word' id='word_1_112' title='bbox 1497 770 1648 799; x_wconf 90' lang='lat' dir='ltr'><strong>utrumne</strong></span> <span class='ocrx_word' id='word_1_113' title='bbox 1674 771 1796 806; x_wconf 80' lang='lat' dir='ltr'><strong>tantus,</strong></span> <span class='ocrx_word' id='word_1_114' title='bbox 1838 771 1978 808; x_wconf 89' lang='lat' dir='ltr'><strong>quantus</strong></span> <span class='ocrx_word' id='word_1_115' title='bbox 2004 766 2144 807; x_wconf 87' lang='lat' dir='ltr'><strong>videtur,</strong></span> 
     </span>
     <span class='ocr_line' id='line_1_12' title="bbox 203 817 2144 862; baseline -0.002 -9"><span class='ocrx_word' id='word_1_116' title='bbox 203 834 244 856; x_wconf 83' lang='lat' dir='ltr'><strong>an</strong></span> <span class='ocrx_word' id='word_1_117' title='bbox 265 821 369 854; x_wconf 87' lang='lat' dir='ltr'><strong>maior</strong></span> <span class='ocrx_word' id='word_1_118' title='bbox 396 819 453 860; x_wconf 82' lang='lat' dir='ltr'><strong>sit,</strong></span> <span class='ocrx_word' id='word_1_119' title='bbox 489 829 590 861; x_wconf 81' lang='lat' dir='ltr'><strong>quam</strong></span> <span class='ocrx_word' id='word_1_120' title='bbox 618 818 723 849; x_wconf 80' lang='lat' dir='ltr'><strong>omnis</strong></span> <span class='ocrx_word' id='word_1_121' title='bbox 748 822 853 850; x_wconf 80' lang='lat' dir='ltr'><strong>terra:</strong></span> <span class='ocrx_word' id='word_1_122' title='bbox 886 817 965 850; x_wconf 82' lang='lat' dir='ltr'><strong>item</strong></span> <span class='ocrx_word' id='word_1_123' title='bbox 992 817 1071 850; x_wconf 87' lang='lat' dir='ltr'><strong>luna</strong></span> <span class='ocrx_word' id='word_1_124' title='bbox 1100 817 1245 862; x_wconf 78' lang='lat' dir='ltr'><strong>globosa</strong></span> <span class='ocrx_word' id='word_1_125' title='bbox 1272 817 1331 857; x_wconf 80' lang='lat' dir='ltr'><strong>sit,</strong></span> <span class='ocrx_word' id='word_1_126' title='bbox 1367 827 1407 849; x_wconf 85' lang='lat' dir='ltr'><strong>an</strong></span> <span class='ocrx_word' id='word_1_127' title='bbox 1435 828 1600 858; x_wconf 84' lang='lat' dir='ltr'><strong>concava,</strong></span> <span class='ocrx_word' id='word_1_128' title='bbox 1637 822 1670 850; x_wconf 88' lang='lat' dir='ltr'><strong>et</strong></span> <span class='ocrx_word' id='word_1_129' title='bbox 1695 818 1809 849; x_wconf 86' lang='lat' dir='ltr'><strong>stellae</strong></span> <span class='ocrx_word' id='word_1_130' title='bbox 1837 823 1988 850; x_wconf 85' lang='lat' dir='ltr'><strong>utrumne</strong></span> <span class='ocrx_word' id='word_1_131' title='bbox 2016 817 2144 850; x_wconf 82' lang='lat' dir='ltr'><strong>adhae-</strong></span> 
     </span>
     <span class='ocr_line' id='line_1_13' title="bbox 204 867 2145 913; baseline -0.003 -6"><span class='ocrx_word' id='word_1_132' title='bbox 204 878 295 907; x_wconf 88' lang='lat' dir='ltr'><strong>reant</strong></span> <span class='ocrx_word' id='word_1_133' title='bbox 322 871 419 905; x_wconf 85' lang='lat' dir='ltr'><strong>coelo</strong></span> <span class='ocrx_word' id='word_1_134' title='bbox 450 881 490 901; x_wconf 88' lang='lat' dir='ltr'><strong>an</strong></span> <span class='ocrx_word' id='word_1_135' title='bbox 518 881 580 913; x_wconf 91' lang='lat' dir='ltr'><strong>per</strong></span> <span class='ocrx_word' id='word_1_136' title='bbox 607 881 717 901; x_wconf 88' lang='lat' dir='ltr'><strong>aerem</strong></span> <span class='ocrx_word' id='word_1_137' title='bbox 752 869 858 901; x_wconf 89' lang='lat' dir='ltr'><strong>libero</strong></span> <span class='ocrx_word' id='word_1_138' title='bbox 895 880 990 901; x_wconf 79' lang='lat' dir='ltr'><strong>cursu</strong></span> <span class='ocrx_word' id='word_1_139' title='bbox 1025 870 1190 902; x_wconf 87' lang='lat' dir='ltr'><strong>ferantur:</strong></span> <span class='ocrx_word' id='word_1_140' title='bbox 1231 868 1364 902; x_wconf 89' lang='lat' dir='ltr'><strong>coelum</strong></span> <span class='ocrx_word' id='word_1_141' title='bbox 1392 867 1501 912; x_wconf 74' lang='lat' dir='ltr'><strong>ipsum</strong></span> <span class='ocrx_word' id='word_1_142' title='bbox 1528 880 1593 911; x_wconf 88' lang='lat' dir='ltr'><strong>qna</strong></span> <span class='ocrx_word' id='word_1_143' title='bbox 1628 869 1874 913; x_wconf 79' lang='lat' dir='ltr'><strong>magnitudine,</strong></span> <span class='ocrx_word' id='word_1_144' title='bbox 1915 881 1981 912; x_wconf 87' lang='lat' dir='ltr'><strong>qua</strong></span> <span class='ocrx_word' id='word_1_145' title='bbox 2007 870 2145 902; x_wconf 83' lang='lat' dir='ltr'><strong>materia</strong></span> 
     </span>
     <span class='ocr_line' id='line_1_14' title="bbox 203 917 2144 964; baseline -0.002 -7"><span class='ocrx_word' id='word_1_146' title='bbox 203 920 382 960; x_wconf 69' lang='lat' dir='ltr'><strong>constat¹³⁵z</strong></span> <span class='ocrx_word' id='word_1_147' title='bbox 405 927 514 954; x_wconf 82' lang='lat' dir='ltr'><strong>utrum</strong></span> <span class='ocrx_word' id='word_1_148' title='bbox 542 921 689 963; x_wconf 85' lang='lat' dir='ltr'><strong>quietum</strong></span> <span class='ocrx_word' id='word_1_149' title='bbox 718 921 757 952; x_wconf 77' lang='lat' dir='ltr'><strong>sit</strong></span> <span class='ocrx_word' id='word_1_150' title='bbox 781 926 813 953; x_wconf 87' lang='lat' dir='ltr'><strong>et</strong></span> <span class='ocrx_word' id='word_1_151' title='bbox 840 920 1011 953; x_wconf 88' lang='lat' dir='ltr'><strong>immobile</strong></span> <span class='ocrx_word' id='word_1_152' title='bbox 1025 918 1063 961; x_wconf 81' lang='lat'><strong>¹⁴,</strong></span> <span class='ocrx_word' id='word_1_153' title='bbox 1103 932 1144 952; x_wconf 90' lang='lat' dir='ltr'><strong>an</strong></span> <span class='ocrx_word' id='word_1_154' title='bbox 1171 920 1358 953; x_wconf 83' lang='lat' dir='ltr'><strong>incredibili</strong></span> <span class='ocrx_word' id='word_1_155' title='bbox 1385 920 1554 953; x_wconf 87' lang='lat' dir='ltr'><strong>celeritate</strong></span> <span class='ocrx_word' id='word_1_156' title='bbox 1581 921 1748 953; x_wconf 86' lang='lat' dir='ltr'><strong>volvatur:</strong></span> <span class='ocrx_word' id='word_1_157' title='bbox 1781 926 1904 964; x_wconf 86' lang='lat' dir='ltr'><strong>quanta</strong></span> <span class='ocrx_word' id='word_1_158' title='bbox 1931 922 1971 954; x_wconf 87' lang='lat' dir='ltr'><strong>sit</strong></span> <span class='ocrx_word' id='word_1_159' title='bbox 1982 917 2004 937; x_wconf 80' lang='lat'><strong>¹⁵</strong></span> <span class='ocrx_word' id='word_1_160' title='bbox 2037 926 2144 954; x_wconf 87' lang='lat' dir='ltr'><strong>terrae</strong></span> 
     </span>
     <span class='ocr_line' id='line_1_15' title="bbox 202 969 1560 1016; baseline -0.005 -6"><span class='ocrx_word' id='word_1_161' title='bbox 202 974 399 1012; x_wconf 61' lang='lat' dir='ltr'><strong>crassitudo.</strong></span> <span class='ocrx_word' id='word_1_162' title='bbox 427 978 483 1005; x_wconf 88' lang='lat' dir='ltr'><strong>aut</strong></span> <span class='ocrx_word' id='word_1_163' title='bbox 506 969 661 1016; x_wconf 73' lang='lat' dir='ltr'><strong>quibus¹⁰</strong></span> <span class='ocrx_word' id='word_1_164' title='bbox 688 972 806 1005; x_wconf 89' lang='lat' dir='ltr'><strong>librata</strong></span> <span class='ocrx_word' id='word_1_165' title='bbox 833 971 1056 1005; x_wconf 76' lang='lat' dir='ltr'><strong>fundamentis</strong></span> <span class='ocrx_word' id='word_1_166' title='bbox 1069 969 1092 989; x_wconf 79' lang='lat'><strong>¹⁷</strong></span> <span class='ocrx_word' id='word_1_167' title='bbox 1119 977 1151 1004; x_wconf 89' lang='lat' dir='ltr'><strong>et</strong></span> <span class='ocrx_word' id='word_1_168' title='bbox 1175 983 1331 1015; x_wconf 70' lang='lat' dir='ltr'><strong>suspensa</strong></span> <span class='ocrx_word' id='word_1_169' title='bbox 1358 977 1560 1015; x_wconf 83' lang='lat' dir='ltr'><strong>permaneat.</strong></span> 
     </span>
    </p>

    <p class='ocr_par' dir='ltr' id='par_1_7' title="bbox 202 1020 2145 1171">
     <span class='ocr_line' id='line_1_16' title="bbox 364 1020 2144 1069; baseline -0.001 -12"><span class='ocrx_word' id='word_1_170' title='bbox 364 1025 397 1057; x_wconf 85' lang='lat'><strong>3.</strong></span> <span class='ocrx_word' id='word_1_171' title='bbox 452 1025 565 1069; x_wconf 80' lang='lat' dir='ltr'><strong>Ipsum</strong></span> <span class='ocrx_word' id='word_1_172' title='bbox 599 1028 708 1056; x_wconf 85' lang='lat' dir='ltr'><strong>autem</strong></span> <span class='ocrx_word' id='word_1_173' title='bbox 744 1035 865 1056; x_wconf 90' lang='lat' dir='ltr'><strong>nomen</strong></span> <span class='ocrx_word' id='word_1_174' title='bbox 880 1020 901 1039; x_wconf 62' lang='lat'><strong>¹⁸</strong></span> <span class='ocrx_word' id='word_1_175' title='bbox 934 1023 1052 1056; x_wconf 86' lang='lat' dir='ltr'><strong>Latine</strong></span> <span class='ocrx_word' id='word_1_176' title='bbox 1086 1023 1338 1067; x_wconf 85' lang='lat' dir='ltr'><strong>interpretatum</strong></span> <span class='ocrx_word' id='word_1_177' title='bbox 1380 1034 1527 1055; x_wconf 87' lang='lat' dir='ltr'><strong>amorem</strong></span> <span class='ocrx_word' id='word_1_178' title='bbox 1562 1023 1743 1068; x_wconf 81' lang='lat' dir='ltr'><strong>sapientiae</strong></span> <span class='ocrx_word' id='word_1_179' title='bbox 1757 1020 1780 1040; x_wconf 78' lang='lat'><strong>¹⁹</strong></span> <span class='ocrx_word' id='word_1_180' title='bbox 1813 1023 1997 1066; x_wconf 74' lang='lat' dir='ltr'><strong>profitetur.</strong></span> <span class='ocrx_word' id='word_1_181' title='bbox 2057 1024 2144 1055; x_wconf 71' lang='lat' dir='ltr'><strong>Nam</strong></span> 
     </span>
     <span class='ocr_line' id='line_1_17' title="bbox 203 1072 2145 1122; baseline -0.003 -10"><span class='ocrx_word' id='word_1_182' title='bbox 203 1078 324 1112; x_wconf 80' lang='lat' dir='ltr'><strong>Graeci</strong></span> <span class='ocrx_word' id='word_1_183' title='bbox 352 1073 457 1122; x_wconf 80' lang='grc' dir='ltr'><em>φιλόν</em></span> <span class='ocrx_word' id='word_1_184' title='bbox 486 1072 723 1115; x_wconf 81' lang='lat' dir='ltr'><strong>amatorem²⁰‚</strong></span> <span class='ocrx_word' id='word_1_185' title='bbox 755 1075 887 1121; x_wconf 80' lang='grc' dir='ltr'><em>σοφίαν</em></span> <span class='ocrx_word' id='word_1_186' title='bbox 920 1075 1113 1119; x_wconf 78' lang='lat' dir='ltr'><strong>sapientiam</strong></span> <span class='ocrx_word' id='word_1_187' title='bbox 1150 1075 1272 1108; x_wconf 88' lang='lat' dir='ltr'><strong>dicunt.</strong></span> <span class='ocrx_word' id='word_1_188' title='bbox 1333 1074 1576 1119; x_wconf 78' lang='lat' dir='ltr'><strong>Philosophiae</strong></span> <span class='ocrx_word' id='word_1_189' title='bbox 1611 1075 1739 1118; x_wconf 81' lang='lat' dir='ltr'><strong>species</strong></span> <span class='ocrx_word' id='word_1_190' title='bbox 1772 1074 1934 1118; x_wconf 83' lang='lat' dir='ltr'><strong>tripertita</strong></span> <span class='ocrx_word' id='word_1_191' title='bbox 1969 1080 2033 1108; x_wconf 74' lang='lat' dir='ltr'><strong>est:</strong></span> <span class='ocrx_word' id='word_1_192' title='bbox 2079 1086 2145 1108; x_wconf 83' lang='lat' dir='ltr'><strong>una</strong></span> 
     </span>
     <span class='ocr_line' id='line_1_18' title="bbox 202 1126 2145 1171; baseline -0.003 -7"><span class='ocrx_word' id='word_1_193' title='bbox 202 1130 375 1171; x_wconf 71' lang='lat' dir='ltr'><strong>naturalis⁷</strong></span> <span class='ocrx_word' id='word_1_194' title='bbox 407 1139 494 1171; x_wconf 89' lang='lat' dir='ltr'><strong>quae</strong></span> <span class='ocrx_word' id='word_1_195' title='bbox 521 1128 654 1160; x_wconf 85' lang='lat' dir='ltr'><strong>Graece</strong></span> <span class='ocrx_word' id='word_1_196' title='bbox 684 1126 828 1170; x_wconf 67' lang='lat' dir='ltr'><strong>Physica</strong></span> <span class='ocrx_word' id='word_1_197' title='bbox 855 1127 1064 1170; x_wconf 87' lang='lat' dir='ltr'><strong>appellatur,</strong></span> <span class='ocrx_word' id='word_1_198' title='bbox 1098 1127 1130 1158; x_wconf 91' lang='lat' dir='ltr'><strong>in</strong></span> <span class='ocrx_word' id='word_1_199' title='bbox 1157 1138 1223 1169; x_wconf 86' lang='lat' dir='ltr'><strong>qua</strong></span> <span class='ocrx_word' id='word_1_200' title='bbox 1246 1126 1290 1158; x_wconf 89' lang='lat' dir='ltr'><strong>de</strong></span> <span class='ocrx_word' id='word_1_201' title='bbox 1316 1132 1451 1159; x_wconf 84' lang='lat' dir='ltr'><strong>naturae</strong></span> <span class='ocrx_word' id='word_1_202' title='bbox 1480 1126 1688 1169; x_wconf 67' lang='lat' dir='ltr'><strong>inquisitione</strong></span> <span class='ocrx_word' id='word_1_203' title='bbox 1715 1126 1898 1159; x_wconf 70' lang='lat' dir='ltr'><strong>disseritur:</strong></span> <span class='ocrx_word' id='word_1_204' title='bbox 1940 1127 2042 1158; x_wconf 89' lang='lat' dir='ltr'><strong>altera</strong></span> <span class='ocrx_word' id='word_1_205' title='bbox 2069 1137 2145 1159; x_wconf 88' lang='lat' dir='ltr'><strong>mo-</strong></span> 
     </span>
    </p>
   </div>
   <div class='ocr_carea' id='block_1_6' title="bbox 202 1177 2144 1224">
    <p class='ocr_par' dir='ltr' id='par_1_8' title="bbox 202 1177 2144 1224">
     <span class='ocr_line' id='line_1_19' title="bbox 202 1177 2144 1224; baseline -0.003 -9"><span class='ocrx_word' id='word_1_206' title='bbox 202 1183 294 1221; x_wconf 81' lang='lat' dir='ltr'><strong>ralis,</strong></span> <span class='ocrx_word' id='word_1_207' title='bbox 322 1192 407 1224; x_wconf 87' lang='lat' dir='ltr'><strong>quae</strong></span> <span class='ocrx_word' id='word_1_208' title='bbox 436 1179 568 1212; x_wconf 88' lang='lat' dir='ltr'><strong>Graece</strong></span> <span class='ocrx_word' id='word_1_209' title='bbox 596 1179 717 1212; x_wconf 77' lang='lat' dir='ltr'><strong>Ethica</strong></span> <span class='ocrx_word' id='word_1_210' title='bbox 745 1178 880 1221; x_wconf 71' lang='lat' dir='ltr'><strong>dicitur,</strong></span> <span class='ocrx_word' id='word_1_211' title='bbox 908 1179 940 1209; x_wconf 93' lang='lat' dir='ltr'><strong>in</strong></span> <span class='ocrx_word' id='word_1_212' title='bbox 965 1190 1031 1221; x_wconf 84' lang='lat' dir='ltr'><strong>qua</strong></span> <span class='ocrx_word' id='word_1_213' title='bbox 1059 1178 1102 1210; x_wconf 90' lang='lat' dir='ltr'><strong>de</strong></span> <span class='ocrx_word' id='word_1_214' title='bbox 1126 1178 1273 1210; x_wconf 82' lang='lat' dir='ltr'><strong>moribus</strong></span> <span class='ocrx_word' id='word_1_215' title='bbox 1298 1178 1423 1222; x_wconf 81' lang='lat' dir='ltr'><strong>agitur:</strong></span> <span class='ocrx_word' id='word_1_216' title='bbox 1457 1179 1551 1210; x_wconf 87' lang='lat' dir='ltr'><strong>tertia</strong></span> <span class='ocrx_word' id='word_1_217' title='bbox 1579 1178 1763 1217; x_wconf 69' lang='lat' dir='ltr'><strong>rationalis„</strong></span> <span class='ocrx_word' id='word_1_218' title='bbox 1806 1190 1892 1220; x_wconf 79' lang='lat' dir='ltr'><strong>quae</strong></span> <span class='ocrx_word' id='word_1_219' title='bbox 1920 1177 2054 1210; x_wconf 85' lang='lat' dir='ltr'><strong>Graeco</strong></span> <span class='ocrx_word' id='word_1_220' title='bbox 2083 1188 2144 1210; x_wconf 83' lang='lat' dir='ltr'><strong>vo-</strong></span> 
     </span>
    </p>
   </div>
   <div class='ocr_carea' id='block_1_7' title="bbox 201 1229 1744 1276">
    <p class='ocr_par' dir='ltr' id='par_1_9' title="bbox 201 1229 1744 1276">
     <span class='ocr_line' id='line_1_20' title="bbox 201 1229 1744 1276; baseline -0.004 -9"><span class='ocrx_word' id='word_1_221' title='bbox 201 1233 322 1267; x_wconf 83' lang='lat' dir='ltr'><strong>cabulo</strong></span> <span class='ocrx_word' id='word_1_222' title='bbox 350 1231 482 1276; x_wconf 82' lang='lat' dir='ltr'><strong>Logica</strong></span> <span class='ocrx_word' id='word_1_223' title='bbox 505 1230 712 1275; x_wconf 81' lang='lat' dir='ltr'><strong>appellatur,</strong></span> <span class='ocrx_word' id='word_1_224' title='bbox 740 1230 772 1262; x_wconf 92' lang='lat' dir='ltr'><strong>in</strong></span> <span class='ocrx_word' id='word_1_225' title='bbox 799 1240 864 1272; x_wconf 87' lang='lat' dir='ltr'><strong>qua</strong></span> <span class='ocrx_word' id='word_1_226' title='bbox 892 1229 1098 1273; x_wconf 81' lang='lat' dir='ltr'><strong>disputatur,</strong></span> <span class='ocrx_word' id='word_1_227' title='bbox 1125 1229 1414 1272; x_wconf 85' lang='lat' dir='ltr'><strong>quemadmodum</strong></span> <span class='ocrx_word' id='word_1_228' title='bbox 1441 1230 1473 1261; x_wconf 91' lang='lat' dir='ltr'><strong>in</strong></span> <span class='ocrx_word' id='word_1_229' title='bbox 1501 1240 1612 1262; x_wconf 87' lang='lat' dir='ltr'><strong>rerum</strong></span> <span class='ocrx_word' id='word_1_230' title='bbox 1641 1229 1744 1264; x_wconf 72' lang='lat' dir='ltr'><strong>causis</strong></span> 
     </span>
    </p>
   </div>
   <div class='ocr_carea' id='block_1_8' title="bbox 203 1285 628 1327">
    <p class='ocr_par' dir='ltr' id='par_1_10' title="bbox 203 1285 628 1327">
     <span class='ocr_line' id='line_1_21' title="bbox 203 1285 628 1327; baseline -0.009 -9"><span class='ocrx_word' id='word_1_231' title='bbox 203 1285 320 1318; x_wconf 80' lang='lat' dir='ltr'><strong>veritas</strong></span> <span class='ocrx_word' id='word_1_232' title='bbox 346 1285 417 1327; x_wconf 73' lang='lat' dir='ltr'><strong>ipsa</strong></span> <span class='ocrx_word' id='word_1_233' title='bbox 441 1288 628 1325; x_wconf 86' lang='lat' dir='ltr'><strong>quaeratur.</strong></span> 
     </span>
    </p>
   </div>
   <div class='ocr_carea' id='block_1_9' title="bbox 1755 1225 2144 1262">
    <p class='ocr_par' dir='ltr' id='par_1_11' title="bbox 1755 1225 2144 1262">
     <span class='ocr_line' id='line_1_22' title="bbox 1755 1225 2144 1262; baseline 0 -1"><span class='ocrx_word' id='word_1_234' title='bbox 1755 1225 1778 1245; x_wconf 82' lang='lat'><strong>²¹</strong></span> <span class='ocrx_word' id='word_1_235' title='bbox 1804 1229 1858 1262; x_wconf 80' lang='lat' dir='ltr'><strong>vel</strong></span> <span class='ocrx_word' id='word_1_236' title='bbox 1887 1229 1970 1262; x_wconf 73' lang='lat' dir='ltr'><strong>vitae</strong></span> <span class='ocrx_word' id='word_1_237' title='bbox 1998 1230 2144 1262; x_wconf 80' lang='lat' dir='ltr'><strong>moribus</strong></span> 
     </span>
    </p>
   </div>
   <div class='ocr_carea' id='block_1_10' title="bbox 368 1330 2144 1377">
    <p class='ocr_par' dir='ltr' id='par_1_12' title="bbox 368 1330 2144 1377">
     <span class='ocr_line' id='line_1_23' title="bbox 368 1330 2144 1377; baseline -0.001 -11"><span class='ocrx_word' id='word_1_238' title='bbox 368 1334 402 1366; x_wconf 70' lang='lat'><strong>4.</strong></span> <span class='ocrx_word' id='word_1_239' title='bbox 456 1335 493 1366; x_wconf 89' lang='lat' dir='ltr'><strong>ln</strong></span> <span class='ocrx_word' id='word_1_240' title='bbox 521 1333 664 1377; x_wconf 79' lang='lat' dir='ltr'><strong>Physica</strong></span> <span class='ocrx_word' id='word_1_241' title='bbox 690 1333 791 1376; x_wconf 84' lang='lat' dir='ltr'><strong>igitur</strong></span> <span class='ocrx_word' id='word_1_242' title='bbox 819 1343 915 1366; x_wconf 73' lang='lat' dir='ltr'><strong>causa</strong></span> <span class='ocrx_word' id='word_1_243' title='bbox 942 1330 1140 1375; x_wconf 83' lang='lat' dir='ltr'><strong>quaerendi,</strong></span> <span class='ocrx_word' id='word_1_244' title='bbox 1176 1331 1208 1363; x_wconf 91' lang='lat' dir='ltr'><strong>in</strong></span> <span class='ocrx_word' id='word_1_245' title='bbox 1234 1330 1357 1364; x_wconf 81' lang='lat' dir='ltr'><strong>Etliica</strong></span> <span class='ocrx_word' id='word_1_246' title='bbox 1384 1330 1469 1363; x_wconf 91' lang='lat' dir='ltr'><strong>ordo</strong></span> <span class='ocrx_word' id='word_1_247' title='bbox 1495 1331 1646 1371; x_wconf 79' lang='lat' dir='ltr'><strong>vivendi,</strong></span> <span class='ocrx_word' id='word_1_248' title='bbox 1691 1332 1724 1364; x_wconf 87' lang='lat' dir='ltr'><strong>in</strong></span> <span class='ocrx_word' id='word_1_249' title='bbox 1753 1331 1884 1375; x_wconf 82' lang='lat' dir='ltr'><strong>Logiea</strong></span> <span class='ocrx_word' id='word_1_250' title='bbox 1912 1332 1995 1363; x_wconf 84' lang='lat' dir='ltr'><strong>ratio</strong></span> <span class='ocrx_word' id='word_1_251' title='bbox 2022 1331 2144 1364; x_wconf 84' lang='lat' dir='ltr'><strong>intelli-</strong></span> 
     </span>
    </p>
   </div>
   <div class='ocr_carea' id='block_1_11' title="bbox 203 1387 487 1431">
    <p class='ocr_par' dir='ltr' id='par_1_13' title="bbox 203 1387 487 1431">
     <span class='ocr_line' id='line_1_24' title="bbox 203 1387 487 1431; baseline 0 -12"><span class='ocrx_word' id='word_1_252' title='bbox 203 1387 307 1431; x_wconf 81' lang='lat' dir='ltr'><strong>gendi</strong></span> <span class='ocrx_word' id='word_1_253' title='bbox 333 1390 487 1419; x_wconf 76' lang='lat' dir='ltr'><strong>versatur.</strong></span> 
     </span>
    </p>
   </div>
   <div class='ocr_carea' id='block_1_12' title="bbox 205 1434 446 1482">
    <p class='ocr_par' dir='ltr' id='par_1_14' title="bbox 205 1434 446 1482">
     <span class='ocr_line' id='line_1_25' title="bbox 205 1434 446 1482; baseline -0.008 -13"><span class='ocrx_word' id='word_1_254' title='bbox 205 1439 405 1482; x_wconf 74' lang='lat' dir='ltr'><strong>sapientibus</strong></span> <span class='ocrx_word' id='word_1_255' title='bbox 413 1434 446 1467; x_wconf 72' lang='lat'><strong>²².</strong></span> 
     </span>
    </p>
   </div>
   <div class='ocr_carea' id='block_1_13' title="bbox 204 1485 1023 1554">
    <p class='ocr_par' dir='ltr' id='par_1_15' title="bbox 204 1485 1023 1554">
     <span class='ocr_line' id='line_1_26' title="bbox 204 1485 327 1521; baseline 0 0"><span class='ocrx_word' id='word_1_256' title='bbox 204 1490 293 1521; x_wconf 88' lang='lat' dir='ltr'><strong>tione</strong></span> <span class='ocrx_word' id='word_1_257' title='bbox 303 1485 327 1505; x_wconf 70' lang='lat'><strong>²⁷³</strong></span> 
     </span>
     <span class='ocr_line' id='line_1_27' title="bbox 998 1534 1023 1554; baseline -0.04 0"><span class='ocrx_word' id='word_1_258' title='bbox 998 1534 1023 1554; x_wconf 67' lang='lat'><strong>28</strong></span> 
     </span>
    </p>
   </div>
   <div class='ocr_carea' id='block_1_14' title="bbox 206 1534 1033 1578">
    <p class='ocr_par' dir='ltr' id='par_1_16' title="bbox 206 1534 1033 1578">
     <span class='ocr_line' id='line_1_28' title="bbox 206 1534 1033 1578; baseline -0.006 -5"><span class='ocrx_word' id='word_1_259' title='bbox 206 1539 456 1573; x_wconf 85' lang='lat' dir='ltr'><strong>Geometricam</strong></span> <span class='ocrx_word' id='word_1_260' title='bbox 468 1534 508 1577; x_wconf 76' lang='lat'><strong>²⁷,</strong></span> <span class='ocrx_word' id='word_1_261' title='bbox 537 1537 712 1578; x_wconf 75' lang='lat' dir='ltr'><strong>Musicani,</strong></span> <span class='ocrx_word' id='word_1_262' title='bbox 741 1538 984 1569; x_wconf 71' lang='lat' dir='ltr'><strong>Astronomiam</strong></span> <span class='ocrx_word' id='word_1_263' title='bbox 1026 1565 1033 1572; x_wconf 85' lang='lat'>,</span> 
     </span>
    </p>
   </div>
   <div class='ocr_carea' id='block_1_15' title="bbox 354 1382 2147 1530">
    <p class='ocr_par' dir='ltr' id='par_1_17' title="bbox 354 1382 2147 1530">
     <span class='ocr_line' id='line_1_29' title="bbox 540 1382 2145 1428; baseline -0.002 -10"><span class='ocrx_word' id='word_1_264' title='bbox 540 1385 719 1428; x_wconf 70' lang='lat' dir='ltr'><strong>Pliysicam</strong></span> <span class='ocrx_word' id='word_1_265' title='bbox 746 1384 837 1427; x_wconf 91' lang='lat' dir='ltr'><strong>apud</strong></span> <span class='ocrx_word' id='word_1_266' title='bbox 867 1384 1017 1417; x_wconf 77' lang='lat' dir='ltr'><strong>Graecos</strong></span> <span class='ocrx_word' id='word_1_267' title='bbox 1044 1383 1170 1427; x_wconf 83' lang='lat' dir='ltr'><strong>primus</strong></span> <span class='ocrx_word' id='word_1_268' title='bbox 1203 1388 1431 1428; x_wconf 46' lang='lat' dir='ltr'><strong>perscrutatus·</strong></span> <span class='ocrx_word' id='word_1_269' title='bbox 1460 1388 1507 1415; x_wconf 77' lang='lat' dir='ltr'><strong>est</strong></span> <span class='ocrx_word' id='word_1_270' title='bbox 1539 1383 1668 1416; x_wconf 84' lang='lat' dir='ltr'><strong>Thales</strong></span> <span class='ocrx_word' id='word_1_271' title='bbox 1696 1382 1865 1423; x_wconf 78' lang='lat' dir='ltr'><strong>Milesius,</strong></span> <span class='ocrx_word' id='word_1_272' title='bbox 1901 1393 1984 1415; x_wconf 86' lang='lat' dir='ltr'><strong>unus</strong></span> <span class='ocrx_word' id='word_1_273' title='bbox 2014 1395 2053 1415; x_wconf 81' lang='lat' dir='ltr'><strong>ex</strong></span> <span class='ocrx_word' id='word_1_274' title='bbox 2080 1383 2145 1415; x_wconf 82' lang='lat' dir='ltr'><strong>illis</strong></span> 
     </span>
     <span class='ocr_line' id='line_1_30' title="bbox 502 1431 2147 1478; baseline -0.001 -11"><span class='ocrx_word' id='word_1_275' title='bbox 502 1436 567 1469; x_wconf 83' lang='lat' dir='ltr'><strong>Hie</strong></span> <span class='ocrx_word' id='word_1_276' title='bbox 606 1437 693 1468; x_wconf 86' lang='lat' dir='ltr'><strong>enim</strong></span> <span class='ocrx_word' id='word_1_277' title='bbox 728 1441 803 1466; x_wconf 88' lang='lat' dir='ltr'><strong>ante</strong></span> <span class='ocrx_word' id='word_1_278' title='bbox 837 1435 918 1466; x_wconf 72' lang='lat' dir='ltr'><strong>alios</strong></span> <span class='ocrx_word' id='word_1_279' title='bbox 953 1434 1039 1466; x_wconf 86' lang='lat' dir='ltr'><strong>coeli</strong></span> <span class='ocrx_word' id='word_1_280' title='bbox 1076 1446 1187 1467; x_wconf 71' lang='lat' dir='ltr'><strong>causas</strong></span> <span class='ocrx_word' id='word_1_281' title='bbox 1223 1431 1289 1466; x_wconf 78' lang='lat' dir='ltr'><strong>et²³</strong></span> <span class='ocrx_word' id='word_1_282' title='bbox 1322 1435 1386 1466; x_wconf 68' lang='lat' dir='ltr'><strong>vim</strong></span> <span class='ocrx_word' id='word_1_283' title='bbox 1423 1431 1566 1466; x_wconf 73' lang='lat' dir='ltr'><strong>rerum²¹</strong></span> <span class='ocrx_word' id='word_1_284' title='bbox 1602 1435 1800 1467; x_wconf 85' lang='lat' dir='ltr'><strong>naturalium</strong></span> <span class='ocrx_word' id='word_1_285' title='bbox 1838 1435 2063 1478; x_wconf 85' lang='lat' dir='ltr'><strong>contemplata</strong></span> <span class='ocrx_word' id='word_1_286' title='bbox 2091 1446 2147 1467; x_wconf 89' lang='lat' dir='ltr'><strong>ra-</strong></span> 
     </span>
     <span class='ocr_line' id='line_1_31' title="bbox 354 1482 2145 1530; baseline -0.001 -10"><span class='ocrx_word' id='word_1_287' title='bbox 354 1487 514 1530; x_wconf 65' lang='lat' dir='ltr'><strong>suspexit,</strong></span> <span class='ocrx_word' id='word_1_288' title='bbox 542 1498 641 1529; x_wconf 75' lang='lat' dir='ltr'><strong>quam</strong></span> <span class='ocrx_word' id='word_1_289' title='bbox 670 1485 885 1529; x_wconf 52' lang='lat' dir='ltr'><strong>postmodum</strong></span> <span class='ocrx_word' id='word_1_290' title='bbox 915 1486 1011 1517; x_wconf 86' lang='lat' dir='ltr'><strong>Plato</strong></span> <span class='ocrx_word' id='word_1_291' title='bbox 1038 1486 1070 1518; x_wconf 93' lang='lat' dir='ltr'><strong>in</strong></span> <span class='ocrx_word' id='word_1_292' title='bbox 1098 1492 1238 1529; x_wconf 90' lang='lat' dir='ltr'><strong>quatuor</strong></span> <span class='ocrx_word' id='word_1_293' title='bbox 1266 1485 1479 1518; x_wconf 81' lang='lat' dir='ltr'><strong>diffinitiones</strong></span> <span class='ocrx_word' id='word_1_294' title='bbox 1507 1486 1682 1526; x_wconf 78' lang='lat' dir='ltr'><strong>distribuit,</strong></span> <span class='ocrx_word' id='word_1_295' title='bbox 1710 1486 1745 1517; x_wconf 90' lang='lat' dir='ltr'><strong>id</strong></span> <span class='ocrx_word' id='word_1_296' title='bbox 1773 1482 1856 1517; x_wconf 72' lang='lat' dir='ltr'><strong>est²⁶</strong></span> <span class='ocrx_word' id='word_1_297' title='bbox 1880 1485 2145 1525; x_wconf 75' lang='lat' dir='ltr'><strong>Arithmeticam,</strong></span> 
     </span>
    </p>
   </div>
   <div class='ocr_carea' id='block_1_16' title="bbox 371 1587 2146 1632">
    <p class='ocr_par' dir='ltr' id='par_1_18' title="bbox 371 1587 2146 1632">
     <span class='ocr_line' id='line_1_32' title="bbox 371 1587 2146 1632; baseline -0.001 -10"><span class='ocrx_word' id='word_1_298' title='bbox 371 1588 405 1622; x_wconf 85' lang='lat'><strong>5.</strong></span> <span class='ocrx_word' id='word_1_299' title='bbox 459 1588 618 1622; x_wconf 83' lang='lat' dir='ltr'><strong>Etllicam</strong></span> <span class='ocrx_word' id='word_1_300' title='bbox 638 1589 793 1622; x_wconf 81' lang='lat' dir='ltr'><strong>Socrates</strong></span> <span class='ocrx_word' id='word_1_301' title='bbox 818 1590 944 1632; x_wconf 81' lang='lat' dir='ltr'><strong>primus</strong></span> <span class='ocrx_word' id='word_1_302' title='bbox 962 1588 1004 1620; x_wconf 89' lang='lat' dir='ltr'><strong>ad</strong></span> <span class='ocrx_word' id='word_1_303' title='bbox 1033 1588 1252 1632; x_wconf 82' lang='lat' dir='ltr'><strong>corrigendos</strong></span> <span class='ocrx_word' id='word_1_304' title='bbox 1279 1587 1600 1632; x_wconf 74' lang='lat' dir='ltr'><strong>componendosque</strong></span> <span class='ocrx_word' id='word_1_305' title='bbox 1627 1598 1735 1620; x_wconf 69' lang='lat' dir='ltr'><strong>mores</strong></span> <span class='ocrx_word' id='word_1_306' title='bbox 1753 1587 1902 1628; x_wconf 82' lang='lat' dir='ltr'><strong>instituit,</strong></span> <span class='ocrx_word' id='word_1_307' title='bbox 1931 1594 2029 1630; x_wconf 90' lang='lat' dir='ltr'><strong>atque</strong></span> <span class='ocrx_word' id='word_1_308' title='bbox 2048 1599 2146 1620; x_wconf 77' lang='lat' dir='ltr'><strong>omne</strong></span> 
     </span>
    </p>
   </div>
   <div class='ocr_carea' id='block_1_17' title="bbox 207 1637 485 1676">
    <p class='ocr_par' dir='ltr' id='par_1_19' title="bbox 207 1637 485 1676">
     <span class='ocr_line' id='line_1_33' title="bbox 207 1637 485 1676; baseline -0.014 0"><span class='ocrx_word' id='word_1_309' title='bbox 207 1643 275 1676; x_wconf 83' lang='lat' dir='ltr'><strong>eius</strong></span> <span class='ocrx_word' id='word_1_310' title='bbox 302 1641 447 1675; x_wconf 80' lang='lat' dir='ltr'><strong>studium</strong></span> <span class='ocrx_word' id='word_1_311' title='bbox 460 1637 485 1656; x_wconf 77' lang='lat'><strong>²⁹</strong></span> 
     </span>
    </p>
   </div>
   <div class='ocr_carea' id='block_1_18' title="bbox 206 1637 1363 1737">
    <p class='ocr_par' dir='ltr' id='par_1_20' title="bbox 206 1637 1363 1737">
     <span class='ocr_line' id='line_1_34' title="bbox 519 1637 1172 1684; baseline 0 -12"><span class='ocrx_word' id='word_1_312' title='bbox 519 1640 562 1672; x_wconf 91' lang='lat' dir='ltr'><strong>ad</strong></span> <span class='ocrx_word' id='word_1_313' title='bbox 597 1641 682 1673; x_wconf 89' lang='lat' dir='ltr'><strong>bene</strong></span> <span class='ocrx_word' id='word_1_314' title='bbox 716 1640 846 1672; x_wconf 70' lang='lat' dir='ltr'><strong>vivendi</strong></span> <span class='ocrx_word' id='word_1_315' title='bbox 881 1637 1172 1684; x_wconf 72' lang='lat' dir='ltr'><strong>disputationem³⁰</strong></span> 
     </span>
     <span class='ocr_line' id='line_1_35' title="bbox 206 1691 1363 1737; baseline -0.003 -11"><span class='ocrx_word' id='word_1_316' title='bbox 206 1694 240 1726; x_wconf 89' lang='lat' dir='ltr'><strong>id</strong></span> <span class='ocrx_word' id='word_1_317' title='bbox 266 1699 313 1726; x_wconf 73' lang='lat' dir='ltr'><strong>est</strong></span> <span class='ocrx_word' id='word_1_318' title='bbox 336 1691 562 1737; x_wconf 82' lang='lat' dir='ltr'><strong>prudentiam,</strong></span> <span class='ocrx_word' id='word_1_319' title='bbox 590 1692 763 1732; x_wconf 75' lang='lat' dir='ltr'><strong>iustitiam,</strong></span> <span class='ocrx_word' id='word_1_320' title='bbox 790 1692 1034 1733; x_wconf 76' lang='lat' dir='ltr'><strong>fortitudinem,</strong></span> <span class='ocrx_word' id='word_1_321' title='bbox 1065 1691 1318 1736; x_wconf 83' lang='lat' dir='ltr'><strong>temperantiam</strong></span> <span class='ocrx_word' id='word_1_322' title='bbox 1356 1717 1363 1723; x_wconf 95' lang='lat'><strong>.</strong></span> 
     </span>
    </p>
   </div>
   <div class='ocr_carea' id='block_1_19' title="bbox 1204 1635 2146 1706">
    <p class='ocr_par' dir='ltr' id='par_1_21' title="bbox 1204 1635 2146 1706">
     <span class='ocr_line' id='line_1_36' title="bbox 1204 1635 2146 1684; baseline 0.002 -14"><span class='ocrx_word' id='word_1_323' title='bbox 1204 1639 1378 1684; x_wconf 76' lang='lat' dir='ltr'><strong>perduxit,</strong></span> <span class='ocrx_word' id='word_1_324' title='bbox 1414 1639 1564 1672; x_wconf 74' lang='lat' dir='ltr'><strong>dividens</strong></span> <span class='ocrx_word' id='word_1_325' title='bbox 1598 1650 1672 1671; x_wconf 85' lang='lat' dir='ltr'><strong>eam</strong></span> <span class='ocrx_word' id='word_1_326' title='bbox 1698 1640 1731 1671; x_wconf 90' lang='lat' dir='ltr'><strong>in</strong></span> <span class='ocrx_word' id='word_1_327' title='bbox 1759 1644 1902 1682; x_wconf 83' lang='lat' dir='ltr'><strong>quatuor</strong></span> <span class='ocrx_word' id='word_1_328' title='bbox 1928 1635 2146 1682; x_wconf 80' lang='lat' dir='ltr'><strong>virtutibus³¹,</strong></span> 
     </span>
     <span class='ocr_line' id='line_1_37' title="bbox 1329 1687 1353 1706; baseline 0.083 -2"><span class='ocrx_word' id='word_1_329' title='bbox 1329 1687 1353 1706; x_wconf 76' lang='lat'><strong>:12</strong></span> 
     </span>
    </p>
   </div>
   <div class='ocr_carea' id='block_1_20' title="bbox 207 1797 2147 2434">
    <p class='ocr_par' dir='ltr' id='par_1_22' title="bbox 207 1797 2147 2434">
     <span class='ocr_line' id='line_1_38' title="bbox 207 1797 2145 1838; baseline -0.002 -9"><span class='ocrx_word' id='word_1_330' title='bbox 207 1803 239 1829; x_wconf 77' lang='lat' dir='ltr'><strong>la</strong></span> <span class='ocrx_word' id='word_1_331' title='bbox 261 1802 349 1828; x_wconf 64' lang='lat' dir='ltr'><strong>verba</strong></span> <span class='ocrx_word' id='word_1_332' title='bbox 371 1800 564 1836; x_wconf 69' lang='lat' dir='ltr'><strong>contrahens,</strong></span> <span class='ocrx_word' id='word_1_333' title='bbox 591 1802 652 1827; x_wconf 68' lang='lat' dir='ltr'><strong>isla</strong></span> <span class='ocrx_word' id='word_1_334' title='bbox 671 1799 842 1828; x_wconf 73' lang='lat' dir='ltr'><strong>distendens</strong></span> <span class='ocrx_word' id='word_1_335' title='bbox 860 1811 916 1828; x_wconf 90' lang='lat' dir='ltr'><strong>om.</strong></span> <span class='ocrx_word' id='word_1_336' title='bbox 938 1801 975 1830; x_wconf 88' lang='lat' dir='ltr'><strong>al.</strong></span> <span class='ocrx_word' id='word_1_337' title='bbox 1000 1817 1038 1822; x_wconf 91' lang='lat'>—</span> <span class='ocrx_word' id='word_1_338' title='bbox 1065 1803 1089 1837; x_wconf 90' lang='lat' dir='ltr'><strong>l)</strong></span> <span class='ocrx_word' id='word_1_339' title='bbox 1107 1800 1156 1828; x_wconf 88' lang='lat' dir='ltr'><strong>Sic</strong></span> <span class='ocrx_word' id='word_1_340' title='bbox 1201 1800 1306 1838; x_wconf 81' lang='lat' dir='ltr'><strong>scripsi</strong></span> <span class='ocrx_word' id='word_1_341' title='bbox 1321 1809 1336 1828; x_wconf 86' lang='lat' dir='ltr'><strong>e</strong></span> <span class='ocrx_word' id='word_1_342' title='bbox 1354 1798 1517 1827; x_wconf 81' lang='lat' dir='ltr'><strong>certissima</strong></span> <span class='ocrx_word' id='word_1_343' title='bbox 1533 1797 1637 1826; x_wconf 86' lang='lat' dir='ltr'><strong>Grialii</strong></span> <span class='ocrx_word' id='word_1_344' title='bbox 1658 1799 1840 1834; x_wconf 80' lang='lat' dir='ltr'><strong>coniectura,</strong></span> <span class='ocrx_word' id='word_1_345' title='bbox 1857 1808 1946 1836; x_wconf 85' lang='lat' dir='ltr'><strong>quum</strong></span> <span class='ocrx_word' id='word_1_346' title='bbox 1964 1798 1993 1825; x_wconf 90' lang='lat' dir='ltr'><strong>in</strong></span> <span class='ocrx_word' id='word_1_347' title='bbox 2011 1797 2145 1830; x_wconf 75' lang='lat' dir='ltr'><strong>Gu.1.2.</strong></span> 
     </span>
     <span class='ocr_line' id='line_1_39' title="bbox 208 1840 2146 1881; baseline -0.002 -9"><span class='ocrx_word' id='word_1_348' title='bbox 208 1845 264 1872; x_wconf 87' lang='lat' dir='ltr'><strong>Gu.</strong></span> <span class='ocrx_word' id='word_1_349' title='bbox 291 1846 317 1874; x_wconf 83' lang='lat'><strong>1.</strong></span> <span class='ocrx_word' id='word_1_350' title='bbox 347 1843 397 1871; x_wconf 85' lang='lat' dir='ltr'><strong>Ar.</strong></span> <span class='ocrx_word' id='word_1_351' title='bbox 430 1842 561 1871; x_wconf 80' lang='lat' dir='ltr'><strong>Cassiod.</strong></span> <span class='ocrx_word' id='word_1_352' title='bbox 592 1860 632 1864; x_wconf 97' lang='lat'><strong>—</strong></span> <span class='ocrx_word' id='word_1_353' title='bbox 668 1843 790 1881; x_wconf 64' lang='lat' dir='ltr'><strong>quide-m</strong></span> <span class='ocrx_word' id='word_1_354' title='bbox 819 1844 899 1881; x_wconf 83' lang='lat' dir='ltr'><strong>vulg.</strong></span> <span class='ocrx_word' id='word_1_355' title='bbox 928 1860 969 1865; x_wconf 88' lang='lat'>—</span> <span class='ocrx_word' id='word_1_356' title='bbox 1012 1844 1041 1879; x_wconf 60' lang='grc' dir='ltr'><strong>ζ’)</strong></span> <span class='ocrx_word' id='word_1_357' title='bbox 1064 1854 1156 1881; x_wconf 64' lang='lat' dir='ltr'><strong>urgw</strong></span> <span class='ocrx_word' id='word_1_358' title='bbox 1201 1853 1244 1881; x_wconf 83' lang='lat' dir='ltr'><strong>pr.</strong></span> <span class='ocrx_word' id='word_1_359' title='bbox 1260 1853 1303 1870; x_wconf 70' lang='lat' dir='ltr'><strong>va.</strong></span> <span class='ocrx_word' id='word_1_360' title='bbox 1322 1842 1369 1870; x_wconf 84' lang='lat' dir='ltr'><strong>Ar.</strong></span> <span class='ocrx_word' id='word_1_361' title='bbox 1389 1842 1426 1869; x_wconf 86' lang='lat' dir='ltr'><strong>sit</strong></span> <span class='ocrx_word' id='word_1_362' title='bbox 1442 1851 1572 1868; x_wconf 78' lang='lat' dir='ltr'><strong>amorem</strong></span> <span class='ocrx_word' id='word_1_363' title='bbox 1588 1851 1643 1879; x_wconf 89' lang='lat' dir='ltr'><strong>pro</strong></span> <span class='ocrx_word' id='word_1_364' title='bbox 1661 1841 1740 1878; x_wconf 64' lang='lat' dir='ltr'><strong>vulg.</strong></span> <span class='ocrx_word' id='word_1_365' title='bbox 1755 1843 1898 1868; x_wconf 67' lang='lat' dir='ltr'><strong>amicum.</strong></span> <span class='ocrx_word' id='word_1_366' title='bbox 1918 1840 2043 1869; x_wconf 82' lang='lat' dir='ltr'><strong>Videtur</strong></span> <span class='ocrx_word' id='word_1_367' title='bbox 2058 1851 2146 1868; x_wconf 79' lang='lat' dir='ltr'><strong>amo-</strong></span> 
     </span>
     <span class='ocr_line' id='line_1_40' title="bbox 207 1883 2145 1925; baseline -0.002 -11"><span class='ocrx_word' id='word_1_368' title='bbox 207 1888 266 1915; x_wconf 77' lang='grc' dir='ltr'><em>ιίον</em></span> <span class='ocrx_word' id='word_1_369' title='bbox 280 1896 324 1914; x_wconf 81' lang='lat' dir='ltr'><strong>va.</strong></span> <span class='ocrx_word' id='word_1_370' title='bbox 339 1902 381 1907; x_wconf 88' lang='lat'><strong>--</strong></span> <span class='ocrx_word' id='word_1_371' title='bbox 402 1888 429 1918; x_wconf 86' lang='grc'><strong>8)</strong></span> <span class='ocrx_word' id='word_1_372' title='bbox 446 1884 577 1912; x_wconf 66' lang='lat' dir='ltr'><strong>&lt;lucendo</strong></span> <span class='ocrx_word' id='word_1_373' title='bbox 598 1886 634 1913; x_wconf 78' lang='lat' dir='ltr'><strong>al.</strong></span> <span class='ocrx_word' id='word_1_374' title='bbox 650 1902 691 1907; x_wconf 90' lang='lat'><strong>—</strong></span> <span class='ocrx_word' id='word_1_375' title='bbox 708 1885 738 1925; x_wconf 75' lang='lat'><strong>4)</strong></span> <span class='ocrx_word' id='word_1_376' title='bbox 754 1886 834 1923; x_wconf 80' lang='lat' dir='ltr'><strong>vulg.</strong></span> <span class='ocrx_word' id='word_1_377' title='bbox 853 1892 952 1914; x_wconf 63' lang='lat' dir='ltr'><strong>(cutem</strong></span> <span class='ocrx_word' id='word_1_378' title='bbox 970 1885 1053 1921; x_wconf 75' lang='lat' dir='ltr'><strong>add,</strong></span> <span class='ocrx_word' id='word_1_379' title='bbox 1075 1885 1157 1923; x_wconf 81' lang='lat' dir='ltr'><strong>quod</strong></span> <span class='ocrx_word' id='word_1_380' title='bbox 1200 1896 1260 1913; x_wconf 69' lang='lat' dir='ltr'><strong>rem</strong></span> <span class='ocrx_word' id='word_1_381' title='bbox 1276 1896 1290 1913; x_wconf 87' lang='lat' dir='ltr'><strong>e</strong></span> <span class='ocrx_word' id='word_1_382' title='bbox 1307 1883 1482 1923; x_wconf 83' lang='lat' dir='ltr'><strong>compendio</strong></span> <span class='ocrx_word' id='word_1_383' title='bbox 1501 1888 1597 1912; x_wconf 85' lang='lat' dir='ltr'><strong>ortum</strong></span> <span class='ocrx_word' id='word_1_384' title='bbox 1611 1893 1680 1912; x_wconf 85' lang='lat' dir='ltr'><strong>esse.</strong></span> <span class='ocrx_word' id='word_1_385' title='bbox 1697 1899 1736 1904; x_wconf 89' lang='lat'><strong>—-</strong></span> <span class='ocrx_word' id='word_1_386' title='bbox 1752 1884 1801 1919; x_wconf 70' lang='lat'><strong>21)</strong></span> <span class='ocrx_word' id='word_1_387' title='bbox 1819 1886 1850 1911; x_wconf 73' lang='lat' dir='ltr'><strong>in</strong></span> <span class='ocrx_word' id='word_1_388' title='bbox 1864 1894 1921 1912; x_wconf 78' lang='lat' dir='ltr'><strong>om.</strong></span> <span class='ocrx_word' id='word_1_389' title='bbox 1942 1885 1996 1911; x_wconf 87' lang='lat' dir='ltr'><strong>Gu.</strong></span> <span class='ocrx_word' id='word_1_390' title='bbox 2016 1886 2042 1913; x_wconf 92' lang='lat'><strong>1.</strong></span> <span class='ocrx_word' id='word_1_391' title='bbox 2058 1898 2097 1904; x_wconf 97' lang='lat'><strong>—</strong></span> <span class='ocrx_word' id='word_1_392' title='bbox 2114 1885 2145 1910; x_wconf 80' lang='lat' dir='ltr'><strong>in</strong></span> 
     </span>
     <span class='ocr_line' id='line_1_41' title="bbox 208 1925 2146 1967; baseline -0.003 -9"><span class='ocrx_word' id='word_1_393' title='bbox 208 1940 265 1958; x_wconf 89' lang='lat' dir='ltr'><strong>om.</strong></span> <span class='ocrx_word' id='word_1_394' title='bbox 284 1930 339 1958; x_wconf 81' lang='lat' dir='ltr'><strong>Gn.</strong></span> <span class='ocrx_word' id='word_1_395' title='bbox 357 1931 382 1959; x_wconf 85' lang='lat'><strong>1.</strong></span> <span class='ocrx_word' id='word_1_396' title='bbox 399 1928 448 1956; x_wconf 84' lang='lat' dir='ltr'><strong>Ar.</strong></span> <span class='ocrx_word' id='word_1_397' title='bbox 467 1927 597 1956; x_wconf 79' lang='lat' dir='ltr'><strong>Cassiod.</strong></span> <span class='ocrx_word' id='word_1_398' title='bbox 618 1944 659 1949; x_wconf 91' lang='lat'><strong>——</strong></span> <span class='ocrx_word' id='word_1_399' title='bbox 680 1929 710 1964; x_wconf 82' lang='lat'><strong>5)</strong></span> <span class='ocrx_word' id='word_1_400' title='bbox 725 1930 824 1956; x_wconf 64' lang='lat' dir='ltr'><strong>veniat</strong></span> <span class='ocrx_word' id='word_1_401' title='bbox 843 1929 898 1957; x_wconf 85' lang='lat' dir='ltr'><strong>Gn.</strong></span> <span class='ocrx_word' id='word_1_402' title='bbox 916 1932 940 1960; x_wconf 91' lang='lat'><strong>1.</strong></span> <span class='ocrx_word' id='word_1_403' title='bbox 967 1945 1005 1950; x_wconf 84' lang='lat'><strong>——</strong></span> <span class='ocrx_word' id='word_1_404' title='bbox 1028 1928 1055 1967; x_wconf 83' lang='lat'><strong>6)</strong></span> <span class='ocrx_word' id='word_1_405' title='bbox 1072 1938 1156 1966; x_wconf 66' lang='lat' dir='ltr'><strong>expo-</strong></span> <span class='ocrx_word' id='word_1_406' title='bbox 1200 1927 1399 1956; x_wconf 65' lang='lat' dir='ltr'><strong>naturalibus</strong></span> <span class='ocrx_word' id='word_1_407' title='bbox 1414 1927 1516 1954; x_wconf 67' lang='lat' dir='ltr'><strong>causis</strong></span> <span class='ocrx_word' id='word_1_408' title='bbox 1533 1926 1568 1953; x_wconf 83' lang='lat' dir='ltr'><strong>al.</strong></span> <span class='ocrx_word' id='word_1_409' title='bbox 1581 1942 1621 1947; x_wconf 93' lang='lat'><strong>—</strong></span> <span class='ocrx_word' id='word_1_410' title='bbox 1640 1925 1688 1964; x_wconf 64' lang='lat'><strong>⁶22)</strong></span> <span class='ocrx_word' id='word_1_411' title='bbox 1704 1926 1751 1953; x_wconf 82' lang='lat' dir='ltr'><strong>Sic</strong></span> <span class='ocrx_word' id='word_1_412' title='bbox 1769 1928 1824 1954; x_wconf 76' lang='lat' dir='ltr'><strong>Gu.</strong></span> <span class='ocrx_word' id='word_1_413' title='bbox 1838 1930 1865 1957; x_wconf 88' lang='lat'><strong>1.</strong></span> <span class='ocrx_word' id='word_1_414' title='bbox 1882 1942 1924 1947; x_wconf 89' lang='lat'><strong>—-</strong></span> <span class='ocrx_word' id='word_1_415' title='bbox 1939 1936 1972 1953; x_wconf 76' lang='lat' dir='ltr'><strong>ex</strong></span> <span class='ocrx_word' id='word_1_416' title='bbox 1985 1931 2093 1963; x_wconf 73' lang='lat' dir='ltr'><strong>Septem</strong></span> <span class='ocrx_word' id='word_1_417' title='bbox 2109 1926 2146 1953; x_wconf 71' lang='lat' dir='ltr'><strong>il-</strong></span> 
     </span>
     <span class='ocr_line' id='line_1_42' title="bbox 207 1968 2144 2010; baseline -0.004 -8"><span class='ocrx_word' id='word_1_418' title='bbox 207 1971 337 2000; x_wconf 74' lang='lat' dir='ltr'><strong>nemlam</strong></span> <span class='ocrx_word' id='word_1_419' title='bbox 358 1971 414 1999; x_wconf 83' lang='lat' dir='ltr'><strong>Gu.</strong></span> <span class='ocrx_word' id='word_1_420' title='bbox 435 1973 462 2001; x_wconf 82' lang='lat'><strong>1.</strong></span> <span class='ocrx_word' id='word_1_421' title='bbox 488 1986 528 1992; x_wconf 91' lang='lat'>—</span> <span class='ocrx_word' id='word_1_422' title='bbox 553 1969 580 2009; x_wconf 77' lang='lat'><strong>7)</strong></span> <span class='ocrx_word' id='word_1_423' title='bbox 599 1970 662 1998; x_wconf 85' lang='lat' dir='ltr'><strong>lloc</strong></span> <span class='ocrx_word' id='word_1_424' title='bbox 685 1977 775 2009; x_wconf 79' lang='lat' dir='ltr'><strong>caput</strong></span> <span class='ocrx_word' id='word_1_425' title='bbox 801 1973 870 2000; x_wconf 85' lang='lat' dir='ltr'><strong>item</strong></span> <span class='ocrx_word' id='word_1_426' title='bbox 887 1971 967 2010; x_wconf 81' lang='lat' dir='ltr'><strong>apud</strong></span> <span class='ocrx_word' id='word_1_427' title='bbox 989 1971 1155 1999; x_wconf 79' lang='lat' dir='ltr'><strong>cassiodor.</strong></span> <span class='ocrx_word' id='word_1_428' title='bbox 1201 1972 1240 1998; x_wconf 66' lang='grc' dir='ltr'><em>[ι’-ς</em></span> <span class='ocrx_word' id='word_1_429' title='bbox 1258 1969 1447 2008; x_wconf 49' lang='lat' dir='ltr'><strong>sapientibus</strong></span> <span class='ocrx_word' id='word_1_430' title='bbox 1464 1970 1557 2000; x_wconf 79' lang='lat' dir='ltr'><strong>Gu.2.</strong></span> <span class='ocrx_word' id='word_1_431' title='bbox 1576 1979 1623 2007; x_wconf 82' lang='lat' dir='ltr'><strong>pr.</strong></span> <span class='ocrx_word' id='word_1_432' title='bbox 1642 1978 1686 1997; x_wconf 76' lang='lat' dir='ltr'><strong>va.</strong></span> <span class='ocrx_word' id='word_1_433' title='bbox 1704 1969 1804 1997; x_wconf 81' lang='lat' dir='ltr'><strong>Ar.—</strong></span> <span class='ocrx_word' id='word_1_434' title='bbox 1820 1974 1973 2006; x_wconf 43' lang='lat' dir='ltr'><strong>ext-eptem</strong></span> <span class='ocrx_word' id='word_1_435' title='bbox 1987 1978 2051 2006; x_wconf 75' lang='lat' dir='ltr'><strong>sap.</strong></span> <span class='ocrx_word' id='word_1_436' title='bbox 2066 1968 2144 2005; x_wconf 84' lang='lat' dir='ltr'><strong>vulg.</strong></span> 
     </span>
     <span class='ocr_line' id='line_1_43' title="bbox 208 2011 2145 2054; baseline -0.001 -13"><span class='ocrx_word' id='word_1_437' title='bbox 208 2015 324 2053; x_wconf 77' lang='lat' dir='ltr'><strong>legitur.</strong></span> <span class='ocrx_word' id='word_1_438' title='bbox 349 2029 389 2033; x_wconf 93' lang='lat'>—</span> <span class='ocrx_word' id='word_1_439' title='bbox 418 2012 448 2050; x_wconf 78' lang='lat' dir='ltr'><strong>S)</strong></span> <span class='ocrx_word' id='word_1_440' title='bbox 473 2012 542 2040; x_wconf 74' lang='lat' dir='ltr'><strong>bene</strong></span> <span class='ocrx_word' id='word_1_441' title='bbox 566 2013 684 2041; x_wconf 59' lang='lat' dir='ltr'><strong>vivenda</strong></span> <span class='ocrx_word' id='word_1_442' title='bbox 710 2015 746 2043; x_wconf 81' lang='lat' dir='ltr'><strong>al.</strong></span> <span class='ocrx_word' id='word_1_443' title='bbox 770 2024 826 2042; x_wconf 87' lang='lat' dir='ltr'><strong>orn.</strong></span> <span class='ocrx_word' id='word_1_444' title='bbox 854 2031 891 2036; x_wconf 89' lang='lat'><strong>-—</strong></span> <span class='ocrx_word' id='word_1_445' title='bbox 915 2014 943 2054; x_wconf 65' lang='grc' dir='ltr'><strong>υ)</strong></span> <span class='ocrx_word' id='word_1_446' title='bbox 965 2014 1049 2050; x_wconf 83' lang='lat' dir='ltr'><strong>Vulg.</strong></span> <span class='ocrx_word' id='word_1_447' title='bbox 1072 2015 1158 2041; x_wconf 71' lang='lat' dir='ltr'><strong>lezcc</strong></span> <span class='ocrx_word' id='word_1_448' title='bbox 1201 2030 1240 2035; x_wconf 90' lang='lat'><strong>——-</strong></span> <span class='ocrx_word' id='word_1_449' title='bbox 1259 2013 1303 2051; x_wconf 71' lang='lat'><strong>23)</strong></span> <span class='ocrx_word' id='word_1_450' title='bbox 1320 2012 1367 2040; x_wconf 85' lang='lat' dir='ltr'><strong>Sic</strong></span> <span class='ocrx_word' id='word_1_451' title='bbox 1383 2013 1438 2040; x_wconf 87' lang='lat' dir='ltr'><strong>Gu.</strong></span> <span class='ocrx_word' id='word_1_452' title='bbox 1458 2015 1482 2042; x_wconf 85' lang='lat'><strong>1.</strong></span> <span class='ocrx_word' id='word_1_453' title='bbox 1499 2027 1541 2032; x_wconf 91' lang='lat'><strong>—</strong></span> <span class='ocrx_word' id='word_1_454' title='bbox 1558 2016 1650 2049; x_wconf 72' lang='lat' dir='ltr'><strong>atque</strong></span> <span class='ocrx_word' id='word_1_455' title='bbox 1669 2011 1747 2048; x_wconf 79' lang='lat' dir='ltr'><strong>vulg.</strong></span> <span class='ocrx_word' id='word_1_456' title='bbox 1773 2027 1814 2032; x_wconf 89' lang='lat'><strong>—-</strong></span> <span class='ocrx_word' id='word_1_457' title='bbox 1838 2016 1880 2046; x_wconf 59' lang='lat'><strong>24)</strong></span> <span class='ocrx_word' id='word_1_458' title='bbox 1904 2021 2003 2039; x_wconf 78' lang='lat' dir='ltr'><strong>rerum</strong></span> <span class='ocrx_word' id='word_1_459' title='bbox 2027 2011 2064 2039; x_wconf 67' lang='lat' dir='ltr'><strong>al.</strong></span> <span class='ocrx_word' id='word_1_460' title='bbox 2087 2020 2145 2039; x_wconf 89' lang='lat' dir='ltr'><strong>om.</strong></span> 
     </span>
     <span class='ocr_line' id='line_1_44' title="bbox 209 2053 2144 2094; baseline -0.003 -8"><span class='ocrx_word' id='word_1_461' title='bbox 209 2063 325 2092; x_wconf 81' lang='lat' dir='ltr'><strong>autem,</strong></span> <span class='ocrx_word' id='word_1_462' title='bbox 348 2055 399 2083; x_wconf 86' lang='lat' dir='ltr'><strong>sed</strong></span> <span class='ocrx_word' id='word_1_463' title='bbox 418 2055 592 2092; x_wconf 77' lang='lat' dir='ltr'><strong>particulam</strong></span> <span class='ocrx_word' id='word_1_464' title='bbox 616 2066 672 2083; x_wconf 85' lang='lat' dir='ltr'><strong>om.</strong></span> <span class='ocrx_word' id='word_1_465' title='bbox 688 2058 742 2084; x_wconf 73' lang='lat' dir='ltr'><strong>Cu.</strong></span> <span class='ocrx_word' id='word_1_466' title='bbox 764 2060 788 2087; x_wconf 93' lang='lat'><strong>1.</strong></span> <span class='ocrx_word' id='word_1_467' title='bbox 808 2058 853 2084; x_wconf 81' lang='lat' dir='ltr'><strong>Ar.</strong></span> <span class='ocrx_word' id='word_1_468' title='bbox 870 2073 910 2077; x_wconf 97' lang='lat'><strong>—</strong></span> <span class='ocrx_word' id='word_1_469' title='bbox 938 2058 984 2092; x_wconf 82' lang='lat'><strong>10)</strong></span> <span class='ocrx_word' id='word_1_470' title='bbox 1011 2057 1158 2094; x_wconf 63' lang='lat' dir='ltr'><strong>Opinione</strong></span> <span class='ocrx_word' id='word_1_471' title='bbox 1203 2073 1239 2077; x_wconf 81' lang='lat'><strong>—</strong></span> <span class='ocrx_word' id='word_1_472' title='bbox 1259 2057 1305 2091; x_wconf 73' lang='lat'><strong>25)</strong></span> <span class='ocrx_word' id='word_1_473' title='bbox 1322 2054 1568 2092; x_wconf 73' lang='lat' dir='ltr'><strong>contemplatione</strong></span> <span class='ocrx_word' id='word_1_474' title='bbox 1581 2054 1669 2081; x_wconf 56' lang='grc'><strong>31-</strong></span> <span class='ocrx_word' id='word_1_475' title='bbox 1687 2056 1734 2090; x_wconf 68' lang='grc'><strong>26)</strong></span> <span class='ocrx_word' id='word_1_476' title='bbox 1752 2054 1799 2081; x_wconf 82' lang='lat' dir='ltr'><strong>Sic</strong></span> <span class='ocrx_word' id='word_1_477' title='bbox 1814 2054 1869 2082; x_wconf 85' lang='lat' dir='ltr'><strong>Gu.</strong></span> <span class='ocrx_word' id='word_1_478' title='bbox 1888 2057 1912 2085; x_wconf 90' lang='lat'><strong>1.</strong></span> <span class='ocrx_word' id='word_1_479' title='bbox 1931 2057 1959 2085; x_wconf 80' lang='lat'><strong>2.</strong></span> <span class='ocrx_word' id='word_1_480' title='bbox 1975 2063 2021 2091; x_wconf 89' lang='lat' dir='ltr'><strong>pr.</strong></span> <span class='ocrx_word' id='word_1_481' title='bbox 2037 2062 2080 2080; x_wconf 83' lang='lat' dir='ltr'><strong>va.</strong></span> <span class='ocrx_word' id='word_1_482' title='bbox 2096 2053 2144 2081; x_wconf 85' lang='lat' dir='ltr'><strong>Ar.</strong></span> 
     </span>
     <span class='ocr_line' id='line_1_45' title="bbox 211 2096 2142 2136; baseline -0.004 -8"><span class='ocrx_word' id='word_1_483' title='bbox 211 2101 266 2128; x_wconf 90' lang='lat' dir='ltr'><strong>Gu.</strong></span> <span class='ocrx_word' id='word_1_484' title='bbox 285 2102 311 2132; x_wconf 85' lang='lat'><strong>1.</strong></span> <span class='ocrx_word' id='word_1_485' title='bbox 328 2109 342 2127; x_wconf 85' lang='lat' dir='ltr'><strong>e</strong></span> <span class='ocrx_word' id='word_1_486' title='bbox 362 2097 551 2136; x_wconf 76' lang='lat' dir='ltr'><strong>compendio,</strong></span> <span class='ocrx_word' id='word_1_487' title='bbox 568 2103 648 2135; x_wconf 81' lang='lat' dir='ltr'><strong>puto.</strong></span> <span class='ocrx_word' id='word_1_488' title='bbox 668 2099 741 2126; x_wconf 76' lang='lat' dir='ltr'><strong>Nam</strong></span> <span class='ocrx_word' id='word_1_489' title='bbox 759 2100 933 2136; x_wconf 69' lang='lat' dir='ltr'><strong>opinatione</strong></span> <span class='ocrx_word' id='word_1_490' title='bbox 947 2104 990 2127; x_wconf 80' lang='lat' dir='ltr'><strong>est</strong></span> <span class='ocrx_word' id='word_1_491' title='bbox 1003 2099 1080 2136; x_wconf 79' lang='lat' dir='ltr'><strong>apud</strong></span> <span class='ocrx_word' id='word_1_492' title='bbox 1100 2099 1158 2126; x_wconf 81' lang='lat' dir='ltr'><strong>La-</strong></span> <span class='ocrx_word' id='word_1_493' title='bbox 1204 2115 1241 2119; x_wconf 82' lang='lat'><em>-</em></span> <span class='ocrx_word' id='word_1_494' title='bbox 1259 2098 1371 2125; x_wconf 67' lang='lat' dir='ltr'><strong>seilicet</strong></span> <span class='ocrx_word' id='word_1_495' title='bbox 1386 2097 1467 2133; x_wconf 78' lang='lat' dir='ltr'><strong>vulg.</strong></span> <span class='ocrx_word' id='word_1_496' title='bbox 1492 2113 1530 2118; x_wconf 86' lang='lat'><strong>-—</strong></span> <span class='ocrx_word' id='word_1_497' title='bbox 1554 2098 1600 2131; x_wconf 73' lang='lat'><strong>27)</strong></span> <span class='ocrx_word' id='word_1_498' title='bbox 1618 2097 1816 2123; x_wconf 60' lang='lat' dir='ltr'><strong>(lemnariam</strong></span> <span class='ocrx_word' id='word_1_499' title='bbox 1838 2106 1881 2134; x_wconf 86' lang='lat' dir='ltr'><strong>pr.</strong></span> <span class='ocrx_word' id='word_1_500' title='bbox 1902 2106 1946 2124; x_wconf 80' lang='lat' dir='ltr'><strong>va.</strong></span> <span class='ocrx_word' id='word_1_501' title='bbox 1962 2098 2009 2123; x_wconf 82' lang='lat' dir='ltr'><strong>Ar.</strong></span> <span class='ocrx_word' id='word_1_502' title='bbox 2035 2111 2074 2116; x_wconf 97' lang='lat'><strong>—</strong></span> <span class='ocrx_word' id='word_1_503' title='bbox 2098 2096 2142 2129; x_wconf 71' lang='lat'><strong>28)</strong></span> 
     </span>
     <span class='ocr_line' id='line_1_46' title="bbox 211 2138 2145 2181; baseline -0.003 -9"><span class='ocrx_word' id='word_1_504' title='bbox 211 2147 302 2172; x_wconf 78' lang='lat' dir='ltr'><strong>etant.</strong></span> <span class='ocrx_word' id='word_1_505' title='bbox 320 2141 380 2173; x_wconf 87' lang='grc'><strong>111,</strong></span> <span class='ocrx_word' id='word_1_506' title='bbox 396 2143 423 2170; x_wconf 82' lang='lat'><strong>3.</strong></span> <span class='ocrx_word' id='word_1_507' title='bbox 435 2162 441 2171; x_wconf 78' lang='grc'>,</span> <span class='ocrx_word' id='word_1_508' title='bbox 467 2140 546 2168; x_wconf 86' lang='lat' dir='ltr'><strong>unde</strong></span> <span class='ocrx_word' id='word_1_509' title='bbox 561 2140 692 2168; x_wconf 67' lang='lat' dir='ltr'><strong>delinitio</strong></span> <span class='ocrx_word' id='word_1_510' title='bbox 708 2146 750 2169; x_wconf 86' lang='lat' dir='ltr'><strong>est</strong></span> <span class='ocrx_word' id='word_1_511' title='bbox 768 2146 894 2179; x_wconf 82' lang='lat' dir='ltr'><strong>sumpta.</strong></span> <span class='ocrx_word' id='word_1_512' title='bbox 914 2158 945 2162; x_wconf 92' lang='lat'><strong>—-</strong></span> <span class='ocrx_word' id='word_1_513' title='bbox 974 2140 1018 2181; x_wconf 91' lang='lat'><strong>11)</strong></span> <span class='ocrx_word' id='word_1_514' title='bbox 1034 2143 1081 2169; x_wconf 75' lang='lat' dir='ltr'><strong>Sic</strong></span> <span class='ocrx_word' id='word_1_515' title='bbox 1103 2142 1159 2169; x_wconf 82' lang='lat' dir='ltr'><strong>Gn.</strong></span> <span class='ocrx_word' id='word_1_516' title='bbox 1203 2141 1290 2177; x_wconf 72' lang='lat' dir='ltr'><strong>Vulg.</strong></span> <span class='ocrx_word' id='word_1_517' title='bbox 1310 2145 1334 2166; x_wconf 76' lang='lat' dir='ltr'><strong>ei</strong></span> <span class='ocrx_word' id='word_1_518' title='bbox 1353 2140 1466 2166; x_wconf 56' lang='lat' dir='ltr'><strong>Astron</strong></span> <span class='ocrx_word' id='word_1_519' title='bbox 1484 2160 1490 2172; x_wconf 92' lang='lat'>‚</span> <span class='ocrx_word' id='word_1_520' title='bbox 1512 2138 1563 2166; x_wconf 78' lang='lat' dir='ltr'><strong>sed</strong></span> <span class='ocrx_word' id='word_1_521' title='bbox 1584 2138 1722 2176; x_wconf 83' lang='lat' dir='ltr'><strong>copulam</strong></span> <span class='ocrx_word' id='word_1_522' title='bbox 1745 2149 1800 2166; x_wconf 81' lang='lat'><strong>0111.</strong></span> <span class='ocrx_word' id='word_1_523' title='bbox 1817 2139 1872 2166; x_wconf 84' lang='lat' dir='ltr'><strong>Gu.</strong></span> <span class='ocrx_word' id='word_1_524' title='bbox 1890 2141 1914 2169; x_wconf 86' lang='lat'><strong>1.</strong></span> <span class='ocrx_word' id='word_1_525' title='bbox 1928 2141 1956 2169; x_wconf 78' lang='grc'><strong>2.</strong></span> <span class='ocrx_word' id='word_1_526' title='bbox 1983 2147 2026 2176; x_wconf 84' lang='lat' dir='ltr'><strong>pr.</strong></span> <span class='ocrx_word' id='word_1_527' title='bbox 2043 2147 2089 2166; x_wconf 80' lang='lat' dir='ltr'><strong>va.</strong></span> <span class='ocrx_word' id='word_1_528' title='bbox 2104 2151 2145 2157; x_wconf 93' lang='grc'><strong>-·</strong></span> 
     </span>
     <span class='ocr_line' id='line_1_47' title="bbox 216 2178 2144 2222; baseline -0.004 -11"><span class='ocrx_word' id='word_1_529' title='bbox 216 2187 245 2215; x_wconf 83' lang='grc'><strong>1.</strong></span> <span class='ocrx_word' id='word_1_530' title='bbox 258 2202 298 2206; x_wconf 83' lang='grc'><strong>-</strong></span> <span class='ocrx_word' id='word_1_531' title='bbox 323 2183 426 2211; x_wconf 62' lang='lat' dir='ltr'><strong>callum·</strong></span> <span class='ocrx_word' id='word_1_532' title='bbox 444 2184 558 2210; x_wconf 70' lang='lat' dir='ltr'><strong>incerta</strong></span> <span class='ocrx_word' id='word_1_533' title='bbox 575 2194 619 2210; x_wconf 72' lang='lat' dir='ltr'><strong>res</strong></span> <span class='ocrx_word' id='word_1_534' title='bbox 636 2184 715 2221; x_wconf 79' lang='lat' dir='ltr'><strong>vulg.</strong></span> <span class='ocrx_word' id='word_1_535' title='bbox 743 2202 779 2205; x_wconf 84' lang='lat'><strong>——</strong></span> <span class='ocrx_word' id='word_1_536' title='bbox 816 2183 858 2222; x_wconf 59' lang='lat'><strong>12)</strong></span> <span class='ocrx_word' id='word_1_537' title='bbox 879 2184 927 2212; x_wconf 83' lang='lat' dir='ltr'><strong>Sic</strong></span> <span class='ocrx_word' id='word_1_538' title='bbox 947 2184 1004 2212; x_wconf 87' lang='lat' dir='ltr'><strong>Gu.</strong></span> <span class='ocrx_word' id='word_1_539' title='bbox 1025 2186 1049 2213; x_wconf 86' lang='grc'><strong>1.</strong></span> <span class='ocrx_word' id='word_1_540' title='bbox 1069 2186 1098 2214; x_wconf 80' lang='grc'><strong>2.</strong></span> <span class='ocrx_word' id='word_1_541' title='bbox 1114 2193 1158 2211; x_wconf 79' lang='lat' dir='ltr'><strong>va.</strong></span> <span class='ocrx_word' id='word_1_542' title='bbox 1205 2186 1251 2218; x_wconf 71' lang='lat'><strong>29)</strong></span> <span class='ocrx_word' id='word_1_543' title='bbox 1268 2182 1316 2209; x_wconf 81' lang='lat' dir='ltr'><strong>Sic</strong></span> <span class='ocrx_word' id='word_1_544' title='bbox 1330 2182 1384 2209; x_wconf 86' lang='lat' dir='ltr'><strong>Gn.</strong></span> <span class='ocrx_word' id='word_1_545' title='bbox 1405 2185 1429 2212; x_wconf 89' lang='lat'><strong>1.</strong></span> <span class='ocrx_word' id='word_1_546' title='bbox 1447 2197 1488 2201; x_wconf 86' lang='lat'>—</span> <span class='ocrx_word' id='word_1_547' title='bbox 1508 2180 1647 2208; x_wconf 64' lang='lat' dir='ltr'><strong>stadium</strong></span> <span class='ocrx_word' id='word_1_548' title='bbox 1662 2183 1726 2207; x_wconf 60' lang='lat' dir='ltr'><strong>eius</strong></span> <span class='ocrx_word' id='word_1_549' title='bbox 1741 2182 1819 2219; x_wconf 81' lang='lat' dir='ltr'><strong>vulg.</strong></span> <span class='ocrx_word' id='word_1_550' title='bbox 1838 2197 1880 2202; x_wconf 98' lang='lat'>—</span> <span class='ocrx_word' id='word_1_551' title='bbox 1900 2178 1947 2219; x_wconf 79' lang='lat'><strong>30)</strong></span> <span class='ocrx_word' id='word_1_552' title='bbox 1964 2179 2144 2218; x_wconf 74' lang='lat' dir='ltr'><strong>‹lisputatio-</strong></span> 
     </span>
     <span class='ocr_line' id='line_1_48' title="bbox 216 2222 2147 2265; baseline -0.003 -12"><span class='ocrx_word' id='word_1_553' title='bbox 216 2227 266 2255; x_wconf 77' lang='grc' dir='ltr'><strong>ΑΓ.</strong></span> <span class='ocrx_word' id='word_1_554' title='bbox 287 2243 319 2248; x_wconf 71' lang='lat'><strong><em>—</em></strong></span> <span class='ocrx_word' id='word_1_555' title='bbox 351 2231 464 2253; x_wconf 74' lang='grc' dir='ltr'><strong>ινηιαίιι</strong></span> <span class='ocrx_word' id='word_1_556' title='bbox 481 2226 561 2263; x_wconf 71' lang='lat' dir='ltr'><strong>vulg.</strong></span> <span class='ocrx_word' id='word_1_557' title='bbox 573 2242 614 2248; x_wconf 92' lang='lat'><strong>—</strong></span> <span class='ocrx_word' id='word_1_558' title='bbox 635 2224 679 2264; x_wconf 83' lang='lat'><strong>13)</strong></span> <span class='ocrx_word' id='word_1_559' title='bbox 693 2231 803 2253; x_wconf 67' lang='lat' dir='ltr'><strong>constet</strong></span> <span class='ocrx_word' id='word_1_560' title='bbox 819 2226 855 2254; x_wconf 78' lang='lat' dir='ltr'><strong>al.</strong></span> <span class='ocrx_word' id='word_1_561' title='bbox 873 2237 916 2265; x_wconf 76' lang='lat' dir='ltr'><strong>pr.</strong></span> <span class='ocrx_word' id='word_1_562' title='bbox 933 2236 978 2254; x_wconf 81' lang='lat' dir='ltr'><strong>va.</strong></span> <span class='ocrx_word' id='word_1_563' title='bbox 999 2244 1035 2247; x_wconf 86' lang='lat'><strong>—-</strong></span> <span class='ocrx_word' id='word_1_564' title='bbox 1054 2228 1096 2256; x_wconf 79' lang='grc'><strong>14)</strong></span> <span class='ocrx_word' id='word_1_565' title='bbox 1114 2226 1161 2253; x_wconf 79' lang='lat' dir='ltr'><strong>Sic</strong></span> <span class='ocrx_word' id='word_1_566' title='bbox 1205 2235 1325 2263; x_wconf 79' lang='lat' dir='ltr'><strong>nemque</strong></span> <span class='ocrx_word' id='word_1_567' title='bbox 1342 2224 1397 2252; x_wconf 90' lang='lat' dir='ltr'><strong>Gu.</strong></span> <span class='ocrx_word' id='word_1_568' title='bbox 1414 2226 1439 2253; x_wconf 91' lang='lat'><strong>1.</strong></span> <span class='ocrx_word' id='word_1_569' title='bbox 1453 2239 1494 2243; x_wconf 97' lang='lat'><strong>—</strong></span> <span class='ocrx_word' id='word_1_570' title='bbox 1515 2226 1560 2257; x_wconf 85' lang='lat'><strong>31)</strong></span> <span class='ocrx_word' id='word_1_571' title='bbox 1581 2224 1628 2251; x_wconf 86' lang='lat' dir='ltr'><strong>Sic</strong></span> <span class='ocrx_word' id='word_1_572' title='bbox 1648 2225 1703 2250; x_wconf 79' lang='lat' dir='ltr'><strong>Gn.</strong></span> <span class='ocrx_word' id='word_1_573' title='bbox 1718 2226 1743 2253; x_wconf 90' lang='lat'><strong>1.</strong></span> <span class='ocrx_word' id='word_1_574' title='bbox 1760 2227 1788 2255; x_wconf 77' lang='lat'><strong>2.</strong></span> <span class='ocrx_word' id='word_1_575' title='bbox 1805 2222 1868 2260; x_wconf 90' lang='lat' dir='ltr'><strong>(qui</strong></span> <span class='ocrx_word' id='word_1_576' title='bbox 1883 2222 1949 2251; x_wconf 73' lang='lat' dir='ltr'><strong>add.</strong></span> <span class='ocrx_word' id='word_1_577' title='bbox 1965 2225 2095 2257; x_wconf 76' lang='lat' dir='ltr'><strong>animae,</strong></span> <span class='ocrx_word' id='word_1_578' title='bbox 2111 2225 2147 2248; x_wconf 84' lang='lat' dir='ltr'><strong>ut</strong></span> 
     </span>
     <span class='ocr_line' id='line_1_49' title="bbox 217 2265 2145 2307; baseline -0.004 -10"><span class='ocrx_word' id='word_1_579' title='bbox 217 2269 273 2297; x_wconf 87' lang='lat' dir='ltr'><strong>Gu.</strong></span> <span class='ocrx_word' id='word_1_580' title='bbox 293 2271 319 2299; x_wconf 82' lang='lat'><strong>1.</strong></span> <span class='ocrx_word' id='word_1_581' title='bbox 334 2270 382 2296; x_wconf 84' lang='lat' dir='ltr'><strong>Ar.</strong></span> <span class='ocrx_word' id='word_1_582' title='bbox 400 2273 427 2297; x_wconf 88' lang='lat' dir='ltr'><strong>et</strong></span> <span class='ocrx_word' id='word_1_583' title='bbox 450 2269 580 2296; x_wconf 81' lang='lat' dir='ltr'><strong>Lactant.</strong></span> <span class='ocrx_word' id='word_1_584' title='bbox 594 2268 652 2303; x_wconf 88' lang='lat' dir='ltr'><strong>Ill,</strong></span> <span class='ocrx_word' id='word_1_585' title='bbox 671 2270 706 2304; x_wconf 83' lang='lat'><strong>3,</strong></span> <span class='ocrx_word' id='word_1_586' title='bbox 724 2269 767 2299; x_wconf 78' lang='lat'><strong>4..</strong></span> <span class='ocrx_word' id='word_1_587' title='bbox 787 2268 866 2296; x_wconf 85' lang='lat' dir='ltr'><strong>unde</strong></span> <span class='ocrx_word' id='word_1_588' title='bbox 888 2268 934 2296; x_wconf 84' lang='lat' dir='ltr'><strong>hic</strong></span> <span class='ocrx_word' id='word_1_589' title='bbox 951 2269 1034 2296; x_wconf 84' lang='lat' dir='ltr'><strong>locus</strong></span> <span class='ocrx_word' id='word_1_590' title='bbox 1053 2273 1105 2297; x_wconf 73' lang='lat' dir='ltr'><strong>cst.</strong></span> <span class='ocrx_word' id='word_1_591' title='bbox 1122 2283 1162 2289; x_wconf 92' lang='lat'><strong>--</strong></span> <span class='ocrx_word' id='word_1_592' title='bbox 1206 2278 1259 2307; x_wconf 55' lang='lat' dir='ltr'><strong>pru,</strong></span> <span class='ocrx_word' id='word_1_593' title='bbox 1279 2277 1354 2305; x_wconf 86' lang='lat' dir='ltr'><strong>quae</strong></span> <span class='ocrx_word' id='word_1_594' title='bbox 1376 2265 1405 2293; x_wconf 86' lang='lat' dir='ltr'><strong>in</strong></span> <span class='ocrx_word' id='word_1_595' title='bbox 1424 2265 1546 2302; x_wconf 84' lang='lat' dir='ltr'><strong>reliquis</strong></span> <span class='ocrx_word' id='word_1_596' title='bbox 1571 2266 1720 2303; x_wconf 82' lang='lat' dir='ltr'><strong>vulgatam</strong></span> <span class='ocrx_word' id='word_1_597' title='bbox 1742 2265 1886 2301; x_wconf 67' lang='lat' dir='ltr'><strong>exhibet).</strong></span> <span class='ocrx_word' id='word_1_598' title='bbox 1908 2283 1946 2286; x_wconf 84' lang='lat'><strong>——</strong></span> <span class='ocrx_word' id='word_1_599' title='bbox 1967 2267 1999 2292; x_wconf 83' lang='lat' dir='ltr'><strong>in</strong></span> <span class='ocrx_word' id='word_1_600' title='bbox 2015 2269 2145 2302; x_wconf 77' lang='lat' dir='ltr'><strong>quatuor</strong></span> 
     </span>
     <span class='ocr_line' id='line_1_50' title="bbox 218 2306 2145 2351; baseline -0.004 -11"><span class='ocrx_word' id='word_1_601' title='bbox 218 2312 264 2348; x_wconf 88' lang='lat'><strong>15)</strong></span> <span class='ocrx_word' id='word_1_602' title='bbox 284 2312 323 2338; x_wconf 70' lang='lat' dir='ltr'><strong>sit</strong></span> <span class='ocrx_word' id='word_1_603' title='bbox 340 2321 396 2339; x_wconf 90' lang='lat' dir='ltr'><strong>om.</strong></span> <span class='ocrx_word' id='word_1_604' title='bbox 413 2320 458 2338; x_wconf 86' lang='lat' dir='ltr'><strong>va.</strong></span> <span class='ocrx_word' id='word_1_605' title='bbox 478 2327 513 2332; x_wconf 90' lang='lat'><strong>-—</strong></span> <span class='ocrx_word' id='word_1_606' title='bbox 532 2310 575 2351; x_wconf 79' lang='grc'><strong>16)</strong></span> <span class='ocrx_word' id='word_1_607' title='bbox 595 2312 624 2338; x_wconf 84' lang='lat' dir='ltr'><strong>in</strong></span> <span class='ocrx_word' id='word_1_608' title='bbox 648 2311 760 2348; x_wconf 68' lang='lat' dir='ltr'><strong>quibu-s·</strong></span> <span class='ocrx_word' id='word_1_609' title='bbox 778 2311 831 2339; x_wconf 82' lang='lat' dir='ltr'><strong>Gn.</strong></span> <span class='ocrx_word' id='word_1_610' title='bbox 849 2313 924 2341; x_wconf 76' lang='grc'><strong>2.-</strong></span> <span class='ocrx_word' id='word_1_611' title='bbox 946 2314 989 2347; x_wconf 87' lang='grc'><strong>17)</strong></span> <span class='ocrx_word' id='word_1_612' title='bbox 1004 2312 1052 2337; x_wconf 84' lang='lat' dir='ltr'><strong>Sic</strong></span> <span class='ocrx_word' id='word_1_613' title='bbox 1067 2313 1122 2339; x_wconf 73' lang='lat' dir='ltr'><strong>Gn.</strong></span> <span class='ocrx_word' id='word_1_614' title='bbox 1136 2315 1162 2341; x_wconf 78' lang='lat' dir='ltr'><strong>l.</strong></span> <span class='ocrx_word' id='word_1_615' title='bbox 1207 2311 1328 2337; x_wconf 71' lang='lat' dir='ltr'><strong>(mimae</strong></span> <span class='ocrx_word' id='word_1_616' title='bbox 1341 2318 1384 2337; x_wconf 83' lang='lat' dir='ltr'><strong>va.</strong></span> <span class='ocrx_word' id='word_1_617' title='bbox 1402 2324 1443 2328; x_wconf 97' lang='lat'><strong>—</strong></span> <span class='ocrx_word' id='word_1_618' title='bbox 1459 2309 1491 2335; x_wconf 78' lang='lat' dir='ltr'><strong>m</strong></span> <span class='ocrx_word' id='word_1_619' title='bbox 1507 2314 1638 2346; x_wconf 70' lang='lat' dir='ltr'><strong>quatuor</strong></span> <span class='ocrx_word' id='word_1_620' title='bbox 1659 2311 1784 2336; x_wconf 63' lang='lat' dir='ltr'><strong>virtutes</strong></span> <span class='ocrx_word' id='word_1_621' title='bbox 1798 2308 1875 2345; x_wconf 81' lang='lat' dir='ltr'><strong>vulg.</strong></span> <span class='ocrx_word' id='word_1_622' title='bbox 1896 2324 1937 2328; x_wconf 91' lang='lat'>—</span> <span class='ocrx_word' id='word_1_623' title='bbox 1952 2310 1997 2342; x_wconf 70' lang='lat'><strong>32)</strong></span> <span class='ocrx_word' id='word_1_624' title='bbox 2018 2306 2102 2343; x_wconf 85' lang='lat' dir='ltr'><strong>Vulg.</strong></span> <span class='ocrx_word' id='word_1_625' title='bbox 2118 2311 2145 2332; x_wconf 81' lang='lat' dir='ltr'><strong>et</strong></span> 
     </span>
     <span class='ocr_line' id='line_1_51' title="bbox 218 2348 2144 2391; baseline -0.003 -10"><span class='ocrx_word' id='word_1_626' title='bbox 218 2371 258 2376; x_wconf 90' lang='lat'><strong>—</strong></span> <span class='ocrx_word' id='word_1_627' title='bbox 270 2352 418 2391; x_wconf 73' lang='lat' dir='ltr'><strong>fundam,</strong></span> <span class='ocrx_word' id='word_1_628' title='bbox 436 2353 539 2382; x_wconf 75' lang='lat' dir='ltr'><strong>librat.</strong></span> <span class='ocrx_word' id='word_1_629' title='bbox 556 2353 636 2391; x_wconf 80' lang='lat' dir='ltr'><strong>vulg.</strong></span> <span class='ocrx_word' id='word_1_630' title='bbox 652 2370 692 2375; x_wconf 80' lang='lat'><strong>-—</strong></span> <span class='ocrx_word' id='word_1_631' title='bbox 708 2351 752 2391; x_wconf 75' lang='lat'><strong>13)</strong></span> <span class='ocrx_word' id='word_1_632' title='bbox 765 2354 978 2391; x_wconf 61' lang='lat' dir='ltr'><strong>philosophiae</strong></span> <span class='ocrx_word' id='word_1_633' title='bbox 992 2353 1057 2380; x_wconf 85' lang='lat' dir='ltr'><strong>add.</strong></span> <span class='ocrx_word' id='word_1_634' title='bbox 1074 2354 1164 2389; x_wconf 62' lang='lat' dir='ltr'><strong>vulg..¹</strong></span> <span class='ocrx_word' id='word_1_635' title='bbox 1209 2359 1342 2390; x_wconf 59' lang='lat' dir='ltr'><strong>tempera,</strong></span> <span class='ocrx_word' id='word_1_636' title='bbox 1369 2349 1420 2378; x_wconf 89' lang='lat' dir='ltr'><strong>sed</strong></span> <span class='ocrx_word' id='word_1_637' title='bbox 1441 2351 1577 2388; x_wconf 85' lang='lat' dir='ltr'><strong>copulam</strong></span> <span class='ocrx_word' id='word_1_638' title='bbox 1601 2361 1657 2379; x_wconf 83' lang='lat' dir='ltr'><strong>om.</strong></span> <span class='ocrx_word' id='word_1_639' title='bbox 1683 2353 1738 2379; x_wconf 82' lang='lat' dir='ltr'><strong>Gu.</strong></span> <span class='ocrx_word' id='word_1_640' title='bbox 1754 2354 1777 2381; x_wconf 91' lang='lat'><strong>1.</strong></span> <span class='ocrx_word' id='word_1_641' title='bbox 1795 2352 1821 2380; x_wconf 76' lang='lat'><strong>2.</strong></span> <span class='ocrx_word' id='word_1_642' title='bbox 1840 2360 1884 2388; x_wconf 87' lang='lat' dir='ltr'><strong>pr.</strong></span> <span class='ocrx_word' id='word_1_643' title='bbox 1907 2360 1951 2378; x_wconf 75' lang='lat' dir='ltr'><strong>va.</strong></span> <span class='ocrx_word' id='word_1_644' title='bbox 1973 2364 2013 2370; x_wconf 92' lang='lat'>—</span> <span class='ocrx_word' id='word_1_645' title='bbox 2035 2351 2079 2382; x_wconf 73' lang='lat'><strong>33)</strong></span> <span class='ocrx_word' id='word_1_646' title='bbox 2096 2348 2144 2376; x_wconf 86' lang='lat' dir='ltr'><strong>Sic</strong></span> 
     </span>
     <span class='ocr_line' id='line_1_52' title="bbox 223 2389 2143 2434; baseline -0.004 -10"><span class='ocrx_word' id='word_1_647' title='bbox 223 2396 303 2434; x_wconf 83' lang='lat' dir='ltr'><strong>quod</strong></span> <span class='ocrx_word' id='word_1_648' title='bbox 321 2407 378 2424; x_wconf 90' lang='lat' dir='ltr'><strong>om.</strong></span> <span class='ocrx_word' id='word_1_649' title='bbox 403 2395 458 2423; x_wconf 73' lang='lat' dir='ltr'><strong>Gu-</strong></span> <span class='ocrx_word' id='word_1_650' title='bbox 477 2400 501 2427; x_wconf 87' lang='lat'><strong>1.</strong></span> <span class='ocrx_word' id='word_1_651' title='bbox 521 2397 548 2426; x_wconf 75' lang='grc'><strong>2,</strong></span> <span class='ocrx_word' id='word_1_652' title='bbox 566 2405 609 2424; x_wconf 83' lang='lat' dir='ltr'><strong>va.</strong></span> <span class='ocrx_word' id='word_1_653' title='bbox 635 2412 676 2417; x_wconf 84' lang='lat'><strong>-—</strong></span> <span class='ocrx_word' id='word_1_654' title='bbox 706 2396 748 2434; x_wconf 74' lang='lat'><strong>19)</strong></span> <span class='ocrx_word' id='word_1_655' title='bbox 771 2396 911 2423; x_wconf 57' lang='lat' dir='ltr'><strong>scientiae</strong></span> <span class='ocrx_word' id='word_1_656' title='bbox 935 2396 971 2423; x_wconf 87' lang='lat' dir='ltr'><strong>al.</strong></span> <span class='ocrx_word' id='word_1_657' title='bbox 994 2412 1026 2416; x_wconf 85' lang='lat'><em>-</em></span> <span class='ocrx_word' id='word_1_658' title='bbox 1054 2394 1098 2434; x_wconf 66' lang='lat'><strong>2³0)</strong></span> <span class='ocrx_word' id='word_1_659' title='bbox 1117 2396 1165 2423; x_wconf 84' lang='lat' dir='ltr'><strong>Sic</strong></span> <span class='ocrx_word' id='word_1_660' title='bbox 1211 2396 1266 2425; x_wconf 76' lang='lat' dir='ltr'><strong>Gn,</strong></span> <span class='ocrx_word' id='word_1_661' title='bbox 1290 2397 1313 2424; x_wconf 91' lang='lat'><strong>1.</strong></span> <span class='ocrx_word' id='word_1_662' title='bbox 1331 2410 1369 2414; x_wconf 71' lang='lat'><strong>——</strong></span> <span class='ocrx_word' id='word_1_663' title='bbox 1386 2392 1516 2420; x_wconf 60' lang='lat' dir='ltr'><strong>adversa</strong></span> <span class='ocrx_word' id='word_1_664' title='bbox 1532 2395 1753 2431; x_wconf 73' lang='lat' dir='ltr'><strong>aequanimiter</strong></span> <span class='ocrx_word' id='word_1_665' title='bbox 1772 2393 1851 2430; x_wconf 77' lang='lat' dir='ltr'><strong>vulg.</strong></span> <span class='ocrx_word' id='word_1_666' title='bbox 1865 2409 1904 2413; x_wconf 92' lang='lat'><em>—</em></span> <span class='ocrx_word' id='word_1_667' title='bbox 1916 2391 2075 2427; x_wconf 65' lang='lat' dir='ltr'><strong>34)1·ernm</strong></span> <span class='ocrx_word' id='word_1_668' title='bbox 2089 2389 2143 2418; x_wconf 83' lang='lat' dir='ltr'><strong>ad·</strong></span> 
     </span>
    </p>
   </div>
  </div>
 </body>
</html>
