2203 2829
153 107 202 142 (32
846 99 1023 135 ISIDORI
1048 97 1229 133 HISPAL.
1255 97 1401 135 EPISC.

156 202 255 240 aiunt,
274 193 429 243 prosam¹
452 195 576 228 dictam
604 193 646 226 ab
675 203 727 231 e0,
755 194 847 237 quod
875 195 914 227 sit
936 194 1092 239 profusa,
1116 193 1169 226 vel
1197 193 1241 226 ab
1269 204 1329 235 eo,
1355 192 1449 237 quod
1475 193 1650 238 spatiosius
1678 189 1837 238 proruat²
1873 199 1905 226 et
1933 201 2093 233 excurrat,

156 252 248 285 nullo
274 249 335 282 sibi
361 247 500 282 termino
527 244 712 290 praefinito.

321 308 354 341 2.
405 302 601 340 Praeterea³
627 309 692 336 tam
721 305 812 348 apud
841 305 1008 345 Graecos,
1045 315 1145 348 quam
1178 304 1269 348 apud
1302 303 1438 336 Latinos
1472 303 1576 348 longe
1602 304 1819 348 antiquiorem
1851 315 1963 337 curam
1996 304 2094 338 fuisse

158 361 357 399 carminum,
390 369 488 401 quam
516 366 644 400 prosae.
699 355 821 390 Omnia
857 358 941 390 enim
970 357 1059 401 prius
1087 356 1231 388 versibus
1265 355 1511 396 condebantur,
1544 366 1665 399 prosae
1697 361 1806 388 autem
1842 355 1986 388 studium
2021 367 2094 389 sero

159 414 272 458 viguit.
331 411 459 444 Primus
490 408 580 451 apud
610 407 759 441 Graecos
793 408 995 442 Pherecides
1029 404 1157 451 Syrus4
1189 408 1295 439 soluta
1322 402 1496 438 oratione⁵
1528 407 1672 451 scripsit3
1709 407 1801 452 apud
1836 407 2007 439 Romanos
2034 419 2094 439 au·-

158 471 226 498 tem
253 463 382 507 Appius
410 461 557 493 Graecus
585 458 738 491 adversus
761 460 925 503 Pyrrhum
954 460 1097 493 solutam
1123 460 1306 492 orationem
1333 458 1459 502 primus
1488 459 1643 491 exercuit.
1697 459 1766 492 Iam
1802 458 1924 492 exhinc
1951 455 2094 491 caeteri⁶

160 527 279 561 prosae
314 511 535 555 eloquentiam
570 507 818 544 condiderunt'.

722 622 751 656 C
778 623 807 656 A
835 622 872 654 P.
924 621 1113 656 XXXVIII.
1190 620 1264 654 De
1315 619 1527 653 Metris.

326 708 358 742 1.
413 706 534 740 ,Μείνα
560 713 694 747 vocata,
729 705 830 751 quia⁸
864 708 959 741 certis
987 707 1113 751 pedum
1141 706 1298 739 mensuris
1329 711 1429 749 atque
1456 705 1575 750 spaciis
1607 704 1838 744 terminantur,
1875 715 1982 747 neque
2010 705 2095 737 ultra

160 761 397 795 dimensionem
424 765 613 802 temporum
641 755 872 792 constitutani⁹
894 759 1089 803 procedunt.
1149 757 1306 790 Mensura
1333 758 1419 790 enim
1447 757 1579 791 Graece
1604 757 1739 803 μέτρον
1767 756 1897 789 dicitur.

325 818 358 851 2.
419 818 545 851 Versus
570 818 648 852 dicti
675 819 717 851 ab
745 830 806 860 eo,
833 819 924 862 quod
953 819 1096 863 pedibus
1123 818 1156 850 in
1183 817 1300 850 ordine
1327 828 1386 850 suo
1415 817 1580 862 dispositis
1594 815 1632 859 ¹⁰,
1667 822 1758 850 certo
1790 815 1855 847 fine
1882 815 2096 847 moderantur

161 883 222 918 per
248 866 447 911 articulos-¹¹,
473 870 529 913 qui
556 880 651 903 caesa
679 875 711 903 et
734 872 881 903 membra
908 865 1155 903 nominantur¹².
1210 869 1276 910 Qui
1290 865 1312 885 ¹³
1338 880 1380 901 ne
1406 869 1537 914 longius
1563 869 1853 913 provolverentur,
1881 877 1981 909 quam
2008 866 2095 898 iudi—

161 925 247 958 cium
275 918 420 967 posset¹¹
447 921 619 962 sustinere,
647 922 783 954 moduni
799 920 821 939 ¹⁵
847 923 958 955 statuit
984 922 1087 964 ratio,
1115 920 1202 953 unde
1226 925 1461 962 reverteretur,
1497 927 1529 954 et
1555 921 1598 953 ab
1626 931 1667 952 eo
1694 921 1768 963 ipso
1782 915 1804 935 ¹⁶
1831 929 1960 950 versum
1992 928 2091 950 voca-

160 981 230 1008 tum
244 972 284 1015 ¹⁷,
312 973 405 1017 quod
432 978 613 1005 revertatur
623 970 655 1006 ¹⁸.

327 1033 359 1065 3.
415 1033 504 1066 Huic
532 1032 693 1064 adhaeret
713 1033 883 1076 rythmus,
906 1033 961 1075 qui
989 1043 1055 1064 non
1082 1036 1128 1064 est
1150 1037 1240 1064 certo
1268 1031 1333 1064 fine
1365 1031 1574 1072 moderatus,
1601 1030 1659 1063 sed
1690 1035 1799 1063 tamen
1812 1025 1834 1045 ¹⁹
1861 1027 2096 1060 rationabiliter

163 1085 324 1119 ordinatis
344 1084 486 1128 pedibus
513 1081 628 1124 currit,
656 1084 711 1126 qui
738 1085 855 1117 Latine
883 1084 965 1116 nihil
993 1082 1082 1115 aliud
1110 1094 1209 1125 quam
1237 1093 1390 1116 numerus
1418 1083 1554 1123 dicitur,
1593 1082 1635 1116 de
1663 1093 1730 1125 quo
1759 1086 1808 1114 est
1834 1080 1932 1112 illud:

391 1144 565 1176 Numeros
591 1145 730 1176 memini
754 1145 784 1176 ω’
810 1143 919 1176 rerba
944 1147 1095 1175 tenerem
1105 1139 1139 1176 ²⁰.

328 1203 361 1235 4.
418 1202 569 1235 Carmen
597 1208 733 1236 vocatur
760 1203 916 1246 quicquid
944 1198 1106 1245 pedibus²

164 1255 254 1299 quod
284 1253 423 1297 carptim
452 1252 780 1296 pronunciaretur²³,
814 1254 902 1285 unde
934 1253 1037 1284 hodie
1065 1253 1174 1283 Ianam

1111 1198 1118 1217 ¹
1153 1201 1353 1234 continetur:

1400 1200 1453 1234 cui
1486 1200 1600 1232 datum
1634 1211 1755 1232 nomen
1791 1200 1976 1232 existimant
2008 1196 2098 1231 seu²²

1184 1248 1209 1268 ²⁴
1372 1248 1397 1268 ²⁵
1430 1257 1610 1296 purgantes
1639 1248 1884 1296 discerpuntffi,
1917 1251 2098 1284 carminare

1220 1276 1229 1292 ‚
1263 1264 1362 1294 quarn

164 1307 322 1340 dicimus:
357 1300 456 1336 sive²³
479 1304 572 1346 quod
600 1306 656 1348 qui
684 1305 741 1337 illa
769 1310 940 1343 canerent,
969 1315 1081 1337 carere
1104 1307 1212 1335 mente
1239 1302 1517 1336 existimabantur.

330 1363 344 1372 ν

330 1472 363 1505 6.
416 1473 447 1505 Α
470 1472 622 1516 pedibus
648 1478 752 1505 metra
778 1479 914 1513 vocata,
949 1479 983 1505 ut
1019 1473 1202 1515 dactylica,
1236 1471 1392 1510 iambica,
1425 1471 1606 1504 trochaica.

168 1525 320 1559 chaicum
333 1520 357 1540 ²⁹
383 1524 543 1563 nascitur,
572 1536 590 1556 a
618 1523 752 1567 dactylo
781 1524 998 1567 dactylicum:
1025 1524 1071 1556 sic
1099 1529 1131 1555 et
1157 1523 1219 1554 alia
1246 1532 1265 1553 a
1286 1522 1349 1553 suis
1374 1521 1524 1565 pedibuS.

167 1581 252 1609 trum
312 1579 574 1619 pentametrum,
606 1575 799 1607 trimetrum.

264 1606 272 1619 9

254 1667 280 1706 1)
305 1668 351 1695 Sic
375 1667 431 1695 Gu.
450 1670 475 1697 1.
499 1683 541 1689 —-
565 1678 692 1705 pro-sum
715 1669 804 1695 aiunt
825 1668 905 1705 vulg.
927 1683 968 1688 —
990 1665 1018 1705 Ξ)
1035 1678 1114 1705 pro-

170 1710 237 1738 dea!
256 1710 291 1737 al.
312 1726 353 1730 —
375 1711 404 1745 3)
427 1710 506 1747 vulg.
530 1711 688 1738 Praeterea
706 1709 868 1745 sciendum,
893 1709 943 1737 sed
961 1708 1115 1737 sciendum

171 1763 229 1781 oni.
247 1752 301 1779 Gu.
321 1755 344 1782 1.
359 1754 386 1781 2.
404 1752 452 1780 Ar.
470 1768 506 1773 —
526 1758 684 1790 propterea
703 1753 739 1781 al.
762 1763 815 1791 pro
834 1758 996 1790 μωρὰν-σα.
1019 1768 1060 1774 -—
1087 1751 1115 1789 4)

172 1796 279 1833 §irin-5
298 1795 345 1822 Ar.
372 1794 428 1822 Csr.
446 1794 533 1832 Apul.
550 1795 585 1822 11,
603 1794 711 1823 florid.
731 1793 804 1824 Plin.
825 1792 860 1823 H.
879 1793 911 1823 N.
931 1795 963 1829 V,
988 1797 1036 1826 29.
1055 1792 1116 1829 Vll,

172 1839 223 1870 56.
247 1854 286 1858 -—
309 1838 338 1870 5)
361 1837 493 1864 solmam
514 1839 677 1865 orationem
697 1837 732 1865 al.
755 1853 794 1859 —
818 1837 845 1876 6)
868 1837 946 1874 vulg.
972 1842 996 1864 εἰ
1020 1836 1116 1871 ceteri,

172 1879 223 1908 sed
245 1878 380 1917 copulam
402 1890 455 1906 om.
475 1880 568 1909 Grai.
591 1896 631 1902 —
654 1886 681 1906 c!
704 1881 791 1907 ceteri
814 1890 859 1908 om
894 1878 920 1908 al
953 1895 993 1900 —
1016 1881 1043 1916 7)
1067 1880 1115 1906 Sic

174 1923 229 1950 Gn.
248 1924 272 1953 1.
292 1924 319 1952 2.
344 1921 582 1958 (eorm-manni)
606 1922 656 1951 Ar.
687 1920 893 1961 (eloquenlia).
924 1938 962 1943 —
989 1932 1115 1959 prosum

174 1965 336 1992 orationem
362 1964 397 1993 al.
430 1980 470 1985 —-
506 1964 533 2003 8)
559 1976 634 2002 quae
665 1964 701 1994 al.
740 1981 781 1986 —
817 1963 846 2004 9)
886 1966 1051 1991 constituta
1078 1963 1114 1991 al.

173 2022 215 2029 —
247 2004 290 2045 10)
321 2003 460 2043 dispo-rili
485 2007 520 2034 al.
552 2025 583 2027 —-
627 2006 673 2044 11)
703 2008 887 2045 pat-liculaS.
919 2007 967 2034 Sic
1003 2007 1059 2034 Gn.
1090 2009 1114 2037 1.

174 2065 215 2070 —
248 2051 291 2084 12)
325 2059 398 2085 (μω-ς
428 2051 581 2077 nominant
607 2050 643 2078 al.
674 2069 709 2072 ——
745 2048 788 2088 13)
820 2061 895 2088 quae
920 2059 964 2076 va.
994 2065 1034 2069 —
1070 2046 1113 2086 14)

172 2092 271 2129 possit
299 2090 334 2118 al.
370 2108 402 2112 —
445 2090 487 2128 15)
511 2092 641 2120 medium
664 2102 709 2123 va.
739 2111 775 2114 —
815 2090 861 2132 16)
886 2093 987 2129 ipsum
1009 2091 1046 2120 al.
1070 2101 1114 2120 va.

180 2151 210 2154 —
243 2131 285 2170 17)
310 2133 387 2170 vulg.
414 2140 548 2161 fututum
571 2134 690 2172 dicunt,
715 2134 765 2163 sed
789 2145 845 2163 om.
862 2135 992 2162 ultimam
1013 2144 1115 2161 vocem

178 2176 231 2203 Gu.
253 2178 278 2206 1.
299 2175 335 2204 al.
359 2192 400 2196 —
425 2175 470 2215 lrss)
488 2180 645 2205 ›tn-alitur
669 2178 726 2206 Gu.
745 2180 772 2208 2.
792 2177 827 2207 al.
852 2193 893 2198 —
926 2174 971 2215 19)
994 2181 1115 2203 tantum

178 2218 215 2245 al.
237 2216 332 2245 Verba
351 2223 416 2245 sunl
433 2219 587 2256 Augustini
604 2221 639 2249 II.
666 2220 701 2248 de
728 2220 821 2247 ordin.
838 2230 861 2247 c.
884 2219 930 2249 14.
948 2219 1000 2248 cfr.
1015 2218 1054 2246 Ill
1081 2217 1116 2247 de

178 2259 279 2288 Music.
291 2262 315 2290 1.
331 2276 372 2281 —
388 2260 431 2298 20)
452 2261 528 2299 virg.
549 2263 668 2295 ECLIX.
686 2263 734 2293 45.
751 2279 791 2283 —
807 2265 850 2296 91)
862 2260 951 2299 perles
968 2260 1014 2290 ed.
1026 2260 1115 2288 Goth.

179 2312 288 2337 errore,
312 2307 344 2330 ut
368 2303 494 2337 videtur,
509 2304 733 2343 typographico,
758 2321 797 2325 —-
820 2303 864 2342 22)
888 2314 937 2331 seu
957 2313 1012 2330 0111.
1027 2304 1061 2332 al.
1079 2321 1114 2324 —

181 2343 228 2383 23)
255 2347 481 2382 pronzmciulm*
503 2347 538 2374 al.
569 2364 609 2368 —
639 2347 683 2384 24)
708 2347 809 2374 lanum
835 2346 923 2373 hodic
947 2346 1000 2374 Gn.
1026 2349 1053 2377 2.
1079 2363 1116 2366 -

183 2389 225 2415 25)
244 2398 428 2425 quamquam
445 2390 499 2416 Gu-
517 2391 544 2419 2.
573 2407 607 2411 -
634 2388 681 2428 ⁶²6)
707 2388 878 2416 {liscernlml
897 2389 931 2416 al.
948 2404 987 2408 —
1009 2390 1056 2423 27)
1072 2388 1117 2415 Sic

869 1577 953 1608 Nam
986 1575 1129 1607 senarios
1156 1584 1268 1606 versus
1293 1584 1352 1605 nos
1391 1583 1430 1605 ex
1464 1583 1603 1605 numero
1636 1573 1762 1617 pedum
1795 1583 1961 1606 vocamus.

328 1373 361 1395 a).
414 1363 525 1395 Metra
551 1365 601 1396 vel
627 1376 646 1395 a
673 1364 814 1406 pedibus
841 1368 1046 1406 nuncupata,
1084 1363 1137 1395 vel
1165 1374 1184 1394 a
1214 1362 1312 1396 rebus
1344 1373 1430 1405 quae
1463 1361 1664 1402 scribuntur,
1702 1361 1756 1394 vel
1790 1360 1831 1394 ab
1865 1361 2097 1400 inventoribus,

166 1416 219 1448 vel
247 1427 265 1447 a
294 1414 611 1457 frequentatoribus,
639 1415 692 1446 vel
720 1426 739 1446 a
762 1426 899 1447 numero
932 1414 1136 1457 syllabarum
1147 1409 1171 1429 ²⁸

1659 1472 1691 1504 A
1717 1471 1879 1504 trochaeo
1916 1472 2002 1503 enim
2029 1477 2099 1504 tro-

1578 1522 1609 1553 A
1631 1519 1810 1554 mimero³⁰
1845 1527 1880 1554 ut
1891 1519 1911 1538 ³¹
1942 1522 2100 1555 hexame-

2028 1574 2100 1605 Hos

1159 1666 1214 1693 Gu.
1233 1668 1257 1696 1.
1272 1667 1299 1696 2.
1314 1675 1403 1703 supra
1419 1675 1493 1693 vers.
1520 1681 1561 1686 —
1586 1675 1638 1692 sm
1655 1665 1734 1702 vulg.
1758 1682 1798 1686 —
1832 1666 1879 1702 23)
1902 1665 1947 1691 vel
1970 1676 1988 1692 ιι
2013 1665 2099 1692 rebus

1159 1719 1235 1746 quae
1249 1707 1439 1744 scribuntur,
1464 1708 1510 1736 mvl
1524 1707 1561 1735 ab
1577 1708 1796 1742 int-etitm·z'lm.5·,
1823 1708 1869 1735 vel
1883 1719 1901 1734 ιι
1919 1708 2099 1745 frequenta-

1159 1750 1282 1786 toribus,
1306 1750 1352 1777 vel
1369 1762 1388 1778 a
1402 1760 1525 1778 numero
1541 1750 1729 1788 S'i‘llzcbarum
1747 1751 1801 1779 Gu.
1818 1753 1844 1780 2.
1868 1751 1914 1778 ΑΓ.
1929 1760 1975 1788 pr.
1993 1760 2038 1777 va.
2058 1767 2099 1771 -——

1159 1794 1207 1830 29)
1232 1798 1371 1827 mamm,
1402 1792 1482 1831 quod
1511 1793 1643 1830 sequitur
1665 1791 1763 1829 vulg,
1803 1792 1897 1820 delevi
1925 1792 2099 1820 auctoritate

1161 1837 1215 1864 Gn.
1236 1838 1259 1865 1.
1275 1852 1307 1855 -
1330 1835 1378 1872 30)
1401 1846 1469 1862 vero
1490 1835 1626 1872 vulgatae
1649 1835 1732 1863 omisi
1751 1844 1765 1863 e
1781 1835 1834 1864 Gu.
1856 1838 1881 1866 1.
1898 1836 1926 1864 2.
1942 1835 1977 1862 al.
1997 1844 2040 1872 pr.
2060 1850 2100 1856 —

1159 1878 1206 1913 31)
1230 1883 1261 1904 ιιι
1280 1876 1378 1905 addidi
1401 1887 1415 1905 e
1434 1877 1488 1905 Gu.
1507 1879 1532 1908 1.
1547 1880 1574 1908 2.
1598 1877 1635 1905 al.
1648 1887 1694 1915 pr.
1710 1887 1757 1908 va.
1782 1896 1818 1899 —-
1846 1874 1895 1916 39)
1919 1879 1972 1914 qui
1997 1877 2036 1906 al.
2058 1893 2099 1898 ·-—

1159 1919 1204 1958 33)
1220 1921 1349 1956 fuciunt
1366 1919 1401 1949 al.
1423 1936 1465 1941 -
1496 1920 1541 1955 34)
1566 1920 1614 1947 Sic
1639 1920 1694 1947 Gu.
1716 1922 1742 1949 1.
1766 1936 1801 1940 —
1827 1919 1932 1947 dicant
1955 1919 2035 1957 vulg.
2061 1936 2093 1940 —

1158 1965 1205 1999 35)
1229 1961 1312 2000 apud
1329 1963 1589 2000 Latinosprimus
1604 1962 1640 1989 al.
1655 1978 1694 1983 —
1710 1962 1807 1989 tradi!
1827 1972 1882 2000 pro
1898 1960 2036 1989 tradilur
2054 1971 2098 1999 pr.

1158 2021 1198 2026 —
1212 2005 1256 2043 36)
1281 2005 1329 2032 Sic
1348 2005 1403 2033 Gu.
1423 2007 1448 2035 1.
1466 2008 1494 2036 2.
1511 2005 1559 2032 Ar.
1575 2022 1611 2025 ——
1630 2011 1737 2031 vocam
1752 2005 1829 2042 vulg.
1845 2019 1886 2026 ‹-
1903 2004 1948 2043 37)
1961 2003 2099 2031 Archilo-

1159 2047 1261 2074 chium
1276 2048 1323 2075 Ar.
1340 2063 1382 2069 -—
1403 2049 1448 2082 38)
1473 2048 1553 2074 Nam
1568 2057 1624 2074 om.
1640 2057 1684 2074 va.
1704 2063 1743 2068 —
1765 2049 1813 2081 39)
1836 2047 1915 2083 vulg.
1939 2046 2099 2073 Anacreon

1166 2091 1261 2125 Ilius,
1275 2088 1324 2117 sed
1343 2090 1429 2116 Teius
1445 2098 1501 2117 om.
1512 2089 1567 2117 Gu.
1580 2093 1605 2120 1.
1621 2089 1669 2117 Ar.
1683 2100 1729 2117 va.
1739 2106 1779 2110 —
1792 2092 1835 2123 40)
1845 2088 1948 2126 Sapha
1958 2089 2013 2117 Gu.
2025 2091 2049 2119 1.
2060 2104 2099 2109 —

1160 2134 1253 2169 Sas'a
1269 2132 1325 2160 Gu.
1340 2134 1370 2162 2.
1389 2147 1430 2153 -
1452 2131 1498 2168 41)
1523 2132 1571 2159 Sic
1588 2131 1642 2161 Gu.
1663 2133 1687 2162 1.
1715 2148 1748 2152 ——
1775 2130 1973 2159 Archilochia
1989 2131 2036 2159 Ar.
2059 2148 2099 2152 ——

1159 2174 1368 2202 Arcln'loicum
1386 2174 1466 2211 vulg.
1496 2191 1537 2195 -—
1566 2174 1749 2202 Afft‘clzilocns
1773 2173 1898 2213 quidam
1924 2173 2099 2203 Art-lliloica

1160 2218 1280 2255 scripsit
1299 2217 1354 2244 Gu.
1367 2218 1395 2246 2.
1412 2232 1454 2237 —
1475 2216 1672 2243 Arclziloicus
1681 2228 1727 2254 pr.
1751 2233 1788 2238 —
1807 2215 1986 2245 Archiloica
2002 2215 2100 2243 [trelli—

1161 2261 1240 2287 liens
1257 2260 1378 2297 scripsit
1396 2269 1441 2286 va.
1466 2278 1502 2281 —
1527 2260 1572 2293 42)
1596 2259 1642 2286 Sic
1660 2260 1714 2287 Gu.
1738 2262 1763 2290 1.
1781 2275 1820 2280 —
1846 2258 2033 2296 Colophonio
2049 2258 2099 2286 Ar.

1160 2319 1201 2324 —-
1221 2302 1395 2338 Colosonios
1413 2301 1508 2331 (ἐωξὶ.
1528 2317 1569 2323 --
1586 2299 1802 2339 Colophonium
1821 2301 1901 2337 vulg.
1919 2318 1959 2322 --
1982 2303 2025 2333 43)
2043 2302 2099 2327 So-

1161 2344 1265 2372 ladeos
1280 2345 1335 2372 Gu.
1356 2347 1383 2375 1.
1407 2358 1447 2365 —
1476 2343 1521 2382 4⁴)
1546 2344 1593 2371 Sic
1616 2344 1670 2372 Gu.
1690 2348 1715 2375 1.
1735 2360 1774 2366 —
1800 2343 1923 2380 A-scle‘pi
1933 2341 2001 2369 ulca
2018 2343 2097 2379 vulg.

1162 2405 1193 2408 —
1216 2385 1415 2424 Asclq)iud1'a
1430 2396 1474 2415 va.
1501 2404 1537 2408 -
1573 2388 1617 2419 45)
1642 2397 1675 2413 ea
1702 2397 1757 2415 om.
1783 2385 1838 2413 Gn.
1862 2387 1887 2415 Q.
1915 2401 1955 2406 —-
1983 2384 2030 2423 46)
2053 2385 2098 2412 Sic
